3540 5610
208 273 226 311 1
790 270 986 325 PRAEFATIO

208 441 374 508 doctrinae
397 443 553 528 particula
574 442 791 510 adumbratur.
826 443 1052 510 concludemus
1074 442 1171 526 igitur
1192 464 1257 510 non
1279 444 1382 510 solum
1398 442 1562 527 librorum,

208 561 266 628 sed
282 562 379 628 ctiam
395 570 637 647 praeceptorum
652 562 927 628 Aristotelicorum
943 562 1118 628 summaria
1139 563 1297 646 ἐπιδρομὰς
1312 562 1431 628 vocari.
1474 563 1561 647 quod

207 700 303 765 quam
326 688 412 747 recte
434 683 618 748 conclusum
642 681 692 765 sit,
715 682 869 766 probatur
891 681 997 765 capite
1008 681 1100 747 XXV
1124 680 1291 747 moralium
1313 680 1562 765 problematum,

207 800 261 865 ubi
282 799 388 867 brevis
409 801 560 866 virtutum
587 801 763 866 secundum
777 800 983 866 Aristotelem
998 800 1170 884 descriptio
1190 799 1252 865 hoc
1271 799 1400 868 nomine
1415 800 1561 869 traditur.

208 920 303 986 latius
325 919 421 1002 igitur
441 927 554 1004 patere
577 919 661 985 hanc
682 920 922 1004 inscriptionem
937 921 1043 992 λέξεων
1061 920 1195 1005 ἐξήγησις
1217 920 1266 984 καὶ
1288 919 1442 1005 ἐπιδρομή,
1464 941 1561 1006 quam

207 1059 247 1105 cx
267 1046 419 1105 accurata
441 1038 612 1105 verborum
634 1039 899 1124 interpretatione
913 1040 1050 1122 videtur,
1073 1038 1196 1104 sciebat
1210 1038 1297 1104 illius
1311 1039 1424 1107 scholii
1439 1049 1561 1113 auctor.

207 1146 357 1225 videlicet
390 1158 533 1240 magistri
568 1166 617 1223 est
649 1158 816 1245 discipulis
849 1181 913 1227 non
947 1161 1050 1225 solum
1083 1157 1210 1240 singula
1242 1158 1342 1224 rerba
1375 1159 1561 1246 philosophi

207 1278 411 1363 interpretari
427 1278 481 1344 vol
502 1277 665 1361 explicare
687 1277 929 1363 dispositionem
945 1298 1075 1366 operum
1099 1276 1385 1362 Aristotelicorum,
1408 1278 1467 1345 sed
1488 1278 1563 1364 ipsa

207 1398 327 1482 placita
348 1396 454 1464 lucide
476 1416 647 1482 exponere.

291 1516 454 1598 igiturex
476 1516 533 1582 tali
560 1516 750 1583 collectione
776 1538 840 1583 non
867 1520 971 1585 solum
997 1516 1170 1584 verisimile
1204 1522 1254 1581 est
1281 1517 1452 1599 provenire
1474 1519 1517 1602 11,
1529 1520 1559 1586 2.

206 1637 258 1702 24.
271 1638 322 1701 26.
344 1636 494 1720 111,1.9;
517 1635 560 1718 ll,
572 1636 623 1700 21.
646 1635 877 1720 111,3.10.14,
904 1637 962 1702 111
989 1644 1095 1722 potest
1121 1635 1218 1702 ctiam
1240 1635 1320 1699 illud
1347 1643 1381 1702 et
1402 1635 1561 1704 brevitate

206 1762 239 1820 et
264 1755 494 1839 perspicuitate
528 1755 691 1821 excellens
724 1756 782 1839 1,2
815 1756 980 1841 discipulis
1012 1755 1178 1822 dictitasse
1204 1755 1399 1821 Alexander.
1442 1755 1562 1822 similia

204 1881 311 1939 autem
341 1881 415 1939 sunt
441 1874 549 1958 1,1.3.
566 1873 677 1940 1819.
702 1875 743 1959 ll,
758 1878 785 1940 1.
801 1876 1041 1942 11111118.
1065 1874 1123 1954 Ill,
1136 1877 1164 1939 8.
1180 1876 1234 1950 11,
1261 1873 1375 1958 quibus
1402 1873 1559 1956 omnihus,

206 1994 233 2059 si
257 1994 391 2077 singulis
412 1995 538 2059 titulum
560 1993 744 2076 excogitare
767 1994 966 2075 deberemus,
989 2015 1053 2060 non
1076 1993 1187 2059 liceret
1206 1993 1338 2059 meliore
1352 1992 1490 2061 formula
1504 1995 1561 2076 uti,

206 2133 303 2196 quam
325 2113 391 2197 illa,
415 2114 551 2197 quaein
575 2114 677 2198 primo
700 2114 806 2198 capite
828 2114 975 2180 adhibita
997 2121 1058 2180 est:
1093 2113 1142 2178 διὰ
1164 2114 1247 2178 τίνων
1270 2112 1305 2179 ἄν
1327 2138 1369 2184 τις
1391 2114 1466 2177 κατὰ
1485 2112 1561 2199 Ἀρι·

204 2233 325 2319 στοτέλη
359 2235 500 2318 dcccdccc
533 2238 594 2299 κτλ.
647 2234 805 2301 accedunt
828 2235 853 2318 l,
867 2235 916 2300 13.
951 2234 1121 2318 11,12.13,
1149 2252 1233 2317 quae
1260 2233 1374 2299 eadem
1401 2231 1561 2300 brevitate

204 2359 335 2417 utuntur
357 2362 469 2419 contra
490 2354 702 2421 adversarios.

289 2472 364 2537 Noli
386 2492 463 2538 vcro
487 2473 618 2539 credere
641 2472 722 2540 haec
744 2472 852 2539 omnia
882 2492 923 2538 ex
946 2492 1002 2538 ore
1023 2472 1175 2538 dictantis
1196 2471 1363 2557 excepisse
1384 2472 1559 2540 auditores.

203 2610 244 2656 ex
279 2591 387 2657 multis
420 2612 516 2658 unam
548 2592 635 2658 viam
669 2593 819 2678 indicavi,
852 2612 917 2676 qua
948 2592 1087 2658 sortasse
1119 2591 1274 2657 nonnulla
1306 2590 1400 2657 huius
1431 2591 1560 2674 generis

204 2709 313 2794 capita
334 2711 527 2794 explicanda
547 2712 620 2777 sint.
665 2713 731 2778 alia
745 2721 880 2798 possunt
894 2713 1075 2795 fragmenta
1091 2731 1163 2777 esse
1180 2712 1350 2778 continuae
1366 2712 1560 2797 scriptionis,

203 2852 298 2914 qnam
325 2830 510 2896 Alexander
537 2832 671 2914 paravit.
730 2855 826 2899 nnnm
854 2830 1154 2916 1111111(111,12)
1176 2850 1216 2896 ex
1239 2830 1308 2896 eius
1334 2831 1463 2913 geneda
1488 2851 1561 2898 esse

202 2951 328 3017 videtur
343 2949 671 3036 commentationibus,
688 2955 800 3036 quales
815 2955 848 3018 in
865 2952 1020 3018 mantissa
1035 2949 1106 3015 libri
1122 2949 1163 3015 de
1179 2949 1288 3015 anima
1303 2950 1460 3019 collectae
1475 2960 1559 3035 sunt,

203 3071 277 3135 olim
300 3071 437 3135 fortasse
459 3071 633 3152 separatim
655 3092 676 3138 a
691 3074 847 3157 scriptore
862 3072 1009 3139 emissae.
1054 3069 1172 3135 deinde
1187 3068 1248 3135 hoc
1264 3071 1479 3153 reputandum
1495 3076 1559 3137 est:

203 3197 237 3256 ut
258 3190 385 3254 illarum
409 3189 632 3255 collectionum
655 3192 839 3257 auctoribus
862 3198 990 3275 praeter
1013 3187 1229 3272 chirographa
1252 3188 1482 3273 discipulorum
1505 3209 1560 3274 pa-

202 3308 302 3374 tuisse
325 3306 492 3392 probabile
515 3315 563 3373 est
585 3309 702 3373 scrinia
724 3308 917 3393 philosophi,
940 3308 987 3373 111
1002 3308 1092 3392 ipsas
1109 3308 1285 3374 Alexandri
1300 3308 1438 3376 schedas
1453 3309 1561 3375 inesse

202 3428 234 3492 in
258 3426 507 3505 Quaestionibns
530 3434 651 3492 certum
674 3435 732 3494 est.
1127 3431 1129 3435 ‘

288 3547 358 3613 Hoc
380 3554 469 3630 patet
492 3569 532 3612 ex
554 3553 668 3629 quarto
691 3547 879 3631 scriptorum
902 3567 1032 3630 genere,
1055 3567 1095 3612 ex
1117 3567 1180 3630 quo
1197 3545 1411 3625 Quaestiones
1432 3568 1559 3633 compo·

203 3668 285 3733 sitae
308 3675 392 3750 eunt,
414 3666 629 3747 fragmenta
651 3665 733 3730 dico.
779 3666 871 3732 huius
894 3667 977 3733 enim
1001 3687 1098 3730 unum
1120 3675 1241 3733 certum
1257 3674 1347 3733 extat
1368 3674 1401 3733 et
1420 3667 1559 3733 maxime

202 3787 347 3855 notabile
370 3787 550 3870 exemplum
574 3785 616 3866 ll,
628 3786 680 3849 21.
724 3785 847 3850 initium
871 3786 932 3852 hoc
955 3795 1004 3852 est
1027 3786 1146 3869 dialogi
1170 3785 1211 3851 de
1226 3785 1440 3870 providentia,
1463 3806 1558 3871 quem

203 3907 331 3992 publico
354 3906 425 3972 usui
449 3914 535 3971 certe
557 3905 732 3970 destinavit
754 3913 875 3988 auctor,
898 3905 956 3970 sed
979 3925 1043 3969 non
1066 3903 1208 3988 perfecit.
1241 3904 1296 3989 qui
1311 3904 1365 3970 ubi
1386 3905 1420 3971 in
1442 3925 1483 3972 co
1498 3913 1558 3992 est,

202 4034 237 4091 ut
260 4033 371 4092 contra
393 4025 588 4108 Platonicos,
611 4024 687 4106 qnid
710 4025 901 4090 Aristoteles
923 4025 964 4090 de
985 4022 1189 4108 providentia
1210 4023 1381 4107 censuerit,
1407 4024 1557 4109 explicet,

201 4146 319 4212 desinit
341 4144 564 4227 fragmentum,
598 4143 716 4228 inquo
739 4182 780 4192 —
803 4151 944 4208 ntnnnc
973 4150 1022 4208 est
1050 4179 1090 4189 -
1117 4141 1329 4225 examinatur,
1356 4150 1462 4209 utrum
1488 4143 1558 4211 iure

201 4287 242 4332 an
266 4266 382 4330 iniuria
397 4269 579 4347 quaeratur,
602 4263 670 4346 1ἰή
693 4263 811 4348 πρόνοια
834 4262 1057 4347 προηγουμένως
1080 4262 1099 4344 ἦ
1123 4260 1196 4324 κατὰ
1219 4263 1411 4349 συμβεβηκός.
1456 4263 1558 4330 verba

201 4385 308 4469 igitur,
331 4403 413 4468 quae
435 4381 509 4445 huic
531 4381 629 4465 capiti
652 4384 851 4466 praescripta
873 4391 956 4464 sunt,
979 4380 1159 4463 fragmento
1177 4382 1342 4464 praemisit
1357 4382 1470 4466 editor,
1491 4404 1556 4449 non

199 4504 364 4589 inscriptio
382 4509 455 4568 sunt
470 4501 601 4585 dialogi,
623 4522 718 4584 quem
734 4501 919 4567 Alexander
938 4501 1112 4584 scripturus
1132 4507 1212 4565 erat.
1255 4508 1425 4586 praeterea
1439 4523 1556 4570 moneo

168 4661 169 4665 =
202 4643 242 4688 ex
265 4622 325 4687 hoc
347 4624 525 4705 fragmento
554 4620 707 4702 originem
736 4620 866 4686 duxisse
888 4620 1037 4704 ineptias,
1072 4619 1187 4703 quibus
1213 4619 1329 4704 aliquis
1362 4620 1456 4705 primi
1484 4622 1556 4687 libri

201 4749 298 4825 caput
322 4743 362 4806 14
383 4741 537 4825 implevit.
583 4738 731 4805 conferas
754 4740 838 4805 enim
861 4740 941 4822 1,14
963 4759 1034 4804 cum
1057 4738 1206 4822 toa—7.

285 4861 411 4928 Deinde
433 4860 615 4943 fragmenta
636 4879 708 4924 esse
731 4860 866 4924 alterurn
896 4860 937 4924 de
967 4860 1069 4942 prima
1096 4859 1488 4947 111111111391-401),
1512 4862 1558 4928 al-
