3540 5610
621 329 751 389 ίΙΘΙΚΩΝ
771 327 1035 388 ΠΡΟΒΛΗΜΑἹῺΝ
1056 331 1159 383 27-28
1505 331 1564 394 15?

262 511 318 573 καί
342 508 509 594 ἔλλειψιν
543 508 641 573 ἔσται
662 508 724 591 γάρ
748 508 856 575 οὕτως
877 529 916 588 γε
942 507 1138 590 ὑπερβολῆς
1161 507 1216 568 καὶ
1239 505 1431 588 ἐλλείψεως
1455 525 1512 583 με·

263 612 368 696 σότης
391 615 447 676 καί
471 613 669 697 ὑπερβολῆς
692 611 868 695 ὑπερβολὴ
891 610 948 672 καὶ
971 605 1124 691 ἔλλειψις
1147 608 1346 692 ἐλλείψεως.
1392 608 1510 687 ῶσπερ
1539 618 1553 660 5

263 716 301 778 δὲ
329 716 558 801 σωφροσύνης
585 715 641 778 καὶ
668 713 832 797 ἀνδρείας
858 708 1035 774 οὐκέστιν
1064 712 1242 795 ὑπερβολὴ
1270 712 1326 773 καὶ
1354 708 1512 792 ἔλλειψις

265 817 321 881 διά
343 820 380 881 τὸ
403 820 439 882 τδ
463 818 569 900 μέσον
592 815 686 881 εἶναί
704 839 776 884 πως
798 816 918 900 ἀκρον,
946 816 1060 882 ούτως
1086 814 1168 877 οὑδὲ
1191 814 1336 877 ἐκείνων
1361 809 1511 893 μεσότης

229 920 344 988 τοὺδὲ
372 922 547 1006 ὑπερβολὴ
576 921 632 983 καὶ
659 916 827 1003 ἔλλειψις,
857 917 925 980 ἀλλ’
955 921 1000 986 ῶς
1027 916 1064 980 ἀν
1095 917 1289 1000 πράττηται
1320 915 1511 999 ἁμαρτάνε-
1526 928 1553 969 ¹⁰

262 1047 325 1086 ται.
371 1024 459 1093 ὑλως
486 1024 551 1108 γὰρ
582 1021 662 1086 υύτε
689 1023 886 1105 ὑπερβολῆς
916 1021 972 1084 καί
1000 1020 1191 1103 ἐλλείψεως
1223 1018 1375 1100 μεσότης
1403 1014 1510 1090 ἐστίν,

263 1125 341 1189 οὔτε
372 1126 564 1211 μεσότητος
590 1126 766 1209 ὑπερβολὴ
794 1125 850 1187 καὶ
879 1121 1043 1208 ἔλλειψις.
1089 1122 1135 1184 διὰ
1158 1120 1210 1204 γὰρ
1233 1121 1342 1184 τούτων
1365 1118 1399 1181 οὑ
1424 1117 1510 1201 μόνον

260 1231 312 1314 τὴν
335 1229 546 1313 προειρημένην
576 1229 696 1292 λέλυκεν
724 1228 859 1312 ἀπορίαν,
891 1226 965 1289 ἀλλά
994 1225 1042 1288 καὶ
1070 1225 1163 1286 πάντα
1193 1222 1228 1284 τά
1255 1222 1326 1305 πρδς
1352 1223 1404 1306 τῆν
1427 1221 1510 1291 δόξαν
1525 1237 1552 1280 το

262 1333 435 1417 ἀπορεῖσθαι
458 1333 613 1415 δυνάμενα.

216 1557 243 1603 10
260 1536 405 1601 XXVIII.
450 1536 603 1622 Πότερον
627 1540 672 1605 ῶς
693 1537 790 1620 γένος
812 1536 830 1618 ἢ
855 1538 900 1604 ῶς
922 1533 1002 1598 ὑλον
1025 1539 1091 1596 τῶν
1114 1534 1246 1616 ἀρετῶν
1269 1534 1288 1615 ῆ
1313 1532 1428 1617 ἀρετῆ.

342 1690 420 1756 Ἐπεὶ
447 1699 507 1762 τοῖς
531 1694 582 1773 μὲν
611 1696 651 1762 ῶς
677 1693 757 1775 γένος
785 1698 841 1754 τῶν
869 1692 979 1775 ἀρετῶν
1007 1691 1059 1774 τῆν
1086 1691 1192 1775 ἀρετῆν
1219 1688 1443 1773 κατηγορεῖσθαι
1466 1685 1509 1749 λέ·
1523 1703 1552 1744 ευ

259 1817 357 1876 γουσιν
385 1797 482 1859 είπετο
510 1796 617 1860 ἄτοπον
644 1798 676 1858 τὸ
704 1800 771 1880 μιᾶς
798 1795 1008 1878 ἀναιρουμένης
1037 1794 1216 1877 ἀναιρεῖσθαι
1242 1794 1337 1859 πάσας
1363 1789 1429 1874 (τῆς
1456 1789 1509 1874 γάρ

259 1898 429 1981 φρονήσεως
456 1899 657 1983 ἀναιρεθείσης
680 1897 740 1961 οὐδ’
769 1896 859 1981 ἀλλην
882 1896 942 1960 οἶόν
969 1921 1001 1960 τε
1028 1895 1106 1982 ἔχειν
1134 1898 1265 1981 ἀρετήν,
1284 1895 1342 1978 οὑχ
1364 1894 1456 1961 οὑτως
1479 1893 1511 1955 δὲ

259 2001 291 2062 τδ
318 2000 401 2082 γένος
426 2000 489 2086 ἔχει
516 2003 586 2086 πρὸς
612 2005 615 2085 ί
639 2002 675 2064 τὰ
698 1999 776 2085 εἴδη,
805 2004 845 2068 ῶς
871 2000 935 2067 ένδς
961 1999 1055 2068 εἴδους
1082 1999 1226 2084 ἀναιρέσει
1254 1998 1487 2080 συναναιρεῖσθαι
1509 2002 1563 2060 302

217 2121 241 2169 15
259 2102 329 2166 αὑτό
352 2107 453 2167 τεκαὶ
476 2103 567 2167 τάλλα
586 2103 676 2188 εἴδη),
698 2109 757 2172 τοῖς
780 2105 813 2166 δὲ
835 2106 876 2170 ῶς
898 2101 964 2164 όλον
988 2108 1084 2185 μερῶν
1107 2103 1205 2166 εἵπετο
1227 2102 1260 2164 τὸ
1284 2102 1336 2184 μὲν
1360 2098 1426 2162 ὅλον
1449 2104 1507 2160 τῶν

263 2206 303 2289 μῆ
328 2207 509 2291 ὁμοιομερῶν
537 2208 618 2293 αὐτῷ
643 2212 738 2291 μερῶν
767 2207 808 2289 μῆ
841 2207 1063 2289 κατηγορεῖσθαι
1087 2206 1264 2288 συνωνύμως
1286 2203 1336 2286 (οὐ
1359 2201 1412 2286 γάρ
1436 2205 1510 2266 κατὰ
1536 2219 1550 2261 ο

262 2314 313 2391 τῆς
336 2313 465 2394 κεφαλῆς
486 2315 536 2372 τού
560 2312 724 2394 ἀνδριάντος
740 2309 756 2370 ὑ
772 2307 887 2390 ἀνδριάς
902 2309 950 2371 καὶ
966 2310 982 2370 ό
998 2307 1081 2389 λόγος
1103 2310 1206 2372 αὑτοῦ·
1231 2308 1326 2371 οὐσῶν
1350 2305 1382 2369 δέ
1404 2329 1437 2389 γε
1452 2311 1510 2369 τῶν

261 2412 371 2494 ἀρετῶν
391 2415 590 2497 διαφερουσῶν
617 2414 751 2496 ἀλλήλων
777 2435 796 2495 η
816 2412 904 2494 ἀρετὴ
929 2410 1001 2475 κατὰ
1025 2415 1126 2473 πασῶν
1148 2411 1322 2492 συνωνύμως
1348 2416 1511 2492 κατηγορεῖ-

259 2516 320 2596 ται)
342 2539 362 2576 ν
385 2538 404 2576 νε
427 2537 447 2577 ν
462 2517 481 2600 ῆ
498 2498 525 2580 εί
540 2519 572 2580 τδ
588 2515 655 2578 όλυν
670 2516 702 2578 τδ
719 2516 891 2598 ὁμοιομερές
906 2521 963 2576 τῶν
981 2518 1076 2598 μερῶν
1098 2513 1275 2596 συνωνύμως
1297 2517 1508 2597 κατηγορεῖται,

216 2636 245 2683 20
262 2622 351 2682 παῖσαι
375 2618 406 2680 δὲ
428 2621 458 2682 αἱ
475 2620 575 2703 ἀρεταὶ
598 2618 696 2700 όμοιαι
712 2619 861 2701 ἀλλήλαις,
884 2615 958 2698 εἴγε
980 2617 1015 2699 ῆν
1037 2615 1070 2678 ἀν
1086 2617 1180 2699 λαβης
1202 2619 1242 2684 ῶς
1258 2615 1378 2690 τελείαν,
1402 2616 1509 2697 ὁμοίως
1522 2630 1551 2672 1ο

259 2722 292 2783 ὲκ
319 2725 421 2784 πασῶν
450 2723 601 2803 μέμικται,
635 2719 681 2804 εἴη
710 2719 742 2782 ἀν
771 2723 810 2788 ῶς
838 2720 1014 2803 όμοιομερης
1041 2720 1096 2803 όλη
1124 2719 1367 2803 κατηγορουμένη·
1386 2719 1510 2801 έκοίστης

259 2824 442 2904 συνωνύμως.
489 2825 505 2886 ὑ
528 2825 582 2908 γὰρ
609 2821 688 2909 ἔχων
715 2823 767 2906 τῆν
795 2823 906 2884 τελείαν
933 2823 1038 2906 ἀρετὴν
1067 2823 1175 2904 ὁμοίως
1201 2824 1296 2890 πάσας
1323 2819 1401 2906 ἔχει,
1429 2819 1507 2906 ἔχων

259 2928 291 2990 δὲ
314 2927 422 3010 ὁμοίως
448 2929 544 2995 πάσας
571 2927 686 3008 λέγεταί
711 2949 780 2988 ποτε
807 2927 858 3007 μὲν
885 2924 947 2987 κατ’
976 2925 1121 3007 ἀνδρείαν,
1146 2926 1216 2987 ποτὲ
1244 2927 1275 2988 δέ
1302 2925 1375 2988 κατά
1398 2946 1510 3010 σωφρο·
1524 2943 1550 2985 τε

260 3030 347 3112 σύνην
369 3030 492 3114 ἐνεργεῖν
515 3035 557 3114 τῷ
580 3030 645 3112 περὶ
672 3029 691 3090 ἂ
718 3029 797 3097 ἰδίως
819 3029 895 3092 ἐστὶν
922 3029 942 3110 ῆ
966 3028 1157 3112 σωφροσύνη,
1187 3029 1251 3111 περὶ
1273 3033 1363 3091 ταὺτα
1385 3029 1510 3099 όιπάσαις

213 3151 242 3201 25
259 3133 368 3216 ὁμοίως
384 3134 517 3216 ἐνεργεῖν.
551 3136 592 3201 ῶς
614 3131 667 3214 γὰρ
691 3131 721 3193 ἐν
743 3136 802 3199 τοῖς
825 3133 956 3213 σώμασιν
979 3135 1038 3199 τοῖς
1060 3131 1094 3192 ἐκ
1109 3130 1303 3215 διαφερόντων
1327 3133 1510 3214 μιγνυμέναις

259 3220 344 3299 τινῶν
372 3237 403 3298 τὸ
427 3235 533 3319 μιχθὲν
557 3235 729 3318 όμοιομερὲς
756 3236 850 3317 πάντη
874 3235 992 3315 γίνεται,
1022 3233 1115 3302 ούτως
1143 3238 1191 3297 καὶ
1214 3235 1262 3296 ἐπὶ
1285 3240 1342 3296 τῶν
1366 3235 1454 3304 ἕΕεών
1477 3259 1508 3298 τε
1522 3253 1549 3294 ευ

258 3341 307 3402 καὶ
329 3341 387 3402 τῶν
410 3340 521 3423 ἀρετῶν
548 3337 662 3419 γίνεται.
707 3338 737 3399 αἱ
763 3337 817 3419 γὰρ
845 3336 1033 3420 διαφέρουσαι
1060 3339 1195 3421 ἀλλήλων
1225 3339 1323 3421 ἀρεταὶ
1350 3344 1392 3423 τῷ
1423 3342 1509 3423 τῆνδε

259 3442 310 3524 μὲν
333 3441 427 3505 αὑτῶν
455 3443 520 3525 περὶ
549 3443 617 3503 τάδε
643 3439 705 3502 τινὰ
727 3439 815 3515 εἶναι,
842 3442 926 3524 τῆνδε
953 3440 985 3502 δέ
1014 3441 1077 3523 περὶ
1108 3443 1177 3503 τάδε
1198 3440 1256 3523 (ῶς
1283 3439 1351 3526 ἔχον
1379 3443 1427 3505 ἐπὶ
1449 3449 1507 3505 τῶν

257 3550 388 3629 φυσικῶν
411 3547 522 3630 ἀρετῶν
538 3545 666 3628 δρῶμεν·
690 3542 775 3606 αύται
796 3542 849 3625 γάρ
872 3543 902 3604 ἐν
925 3548 962 3626 τῆ
983 3546 1141 3618 τελειώσει,
1165 3546 1305 3627 ἣγίνεταί
1328 3545 1358 3607 ἐν
1382 3550 1418 3629 τῆ
1443 3547 1548 3608 έκυί-εο

210 3666 240 3715 ³0
258 3670 328 3733 στης
355 3649 450 3712 αὑτῶν
478 3649 549 3732 πρὸς
575 3647 626 3716 τάς
653 3646 742 3715 ἀλλας
766 3646 868 3727 μίξει),
900 3648 932 3709 τδ
959 3651 1016 3708 πᾶν
1041 3645 1044 3730 ί
1070 3648 1241 3730 ὁμοιομερές
1270 3654 1413 3725 ποιοῦσιν,
1444 3655 1483 3720 ῶς
1506 3659 1559 3715 3⁰3

258 3752 388 3836 γίνεσθαι
411 3754 463 3834 μέν
486 3754 581 3815 δοκεῖν
604 3749 671 3813 καθ’
701 3752 824 3834 έκοίστην
847 3749 943 3812 αὐτῶν
966 3750 1120 3833 ἐνέργειαν,
1144 3750 1211 3812 όταν
1235 3754 1299 3834 περὶ
1322 3758 1410 3817 ταῦτα
1432 3755 1507 3839 γίνη-

259 3879 315 3931 ται,
338 3856 404 3937 περὶ
427 3855 445 3916 ἃ
467 3854 503 3938 ῆν
526 3859 564 3936 τῆ
588 3855 685 3916 ἀτελεῖ
706 3877 737 3916 τε
759 3856 806 3916 καὶ
830 3858 940 3937 φυσικῆ
964 3854 1080 3936 ἀνδρεία
1102 3853 1167 3937 φέρ’
1192 3856 1282 3918 εἰπεῖν
1305 3859 1337 3919 τὸ
1360 3857 1447 3920 εἶναι·
1473 3859 1506 3921 οὑ

258 3959 316 4040 μῆν
347 3956 410 4020 κατ’
439 3957 549 4040 ἐκείνην
579 3958 669 4041 μόνην
698 3958 808 4040 ἐνεργεῖ
838 3958 902 4040 περὶ
928 3956 1016 4032 αὑτά,
1048 3959 1089 4019 ιὺν
1119 3957 1164 4020 διὰ
1195 3961 1246 4042 τῆν
1278 3962 1410 4043 τοιαύτην
1435 3963 1507 4045 μῖξιν
1534 3980 1547 4022 ο

205 4152 359 4224 λέλλειψειν
378 4158 402 4205 V
509 4153 572 4206 4τό
591 4153 631 4223 τὸ]
651 4152 679 4206 τδ
698 4173 713 4205 a
731 4157 776 4222 Sp.
876 4153 964 4222 ὁκαὶ]
984 4153 1040 4206 οὑδὲ
1059 4175 1074 4206 a
1093 4159 1137 4223 Sp.
1238 4156 1409 4228 ὑίλλείψεως
1427 4164 1469 4213 καὶ
1487 4160 1560 4234 ὑπερ·

205 4241 371 4311 βολῆςεὸρ,
461 4240 675 4310 7οὑ]ὑῖτιλίί.
696 4248 719 4293 V
811 4243 843 4295 10
869 4242 908 4312 (ῆ)
931 4242 966 4300 ῶς
990 4244 1059 4311 γένος
1082 4264 1098 4295 υ
1120 4248 1164 4311 Sp.
1257 4248 1283 4296 ll
1306 4253 1366 4299 ante
1386 4248 1437 4301 ἐπεὶ
1456 4252 1559 4303 titulum

203 4331 280 4382 iterat
298 4332 329 4391 B,
349 4331 390 4381 eui
410 4328 444 4381 8²
462 4330 541 4381 verba
560 4331 701 4397 praemittit
720 4330 826 4388 εἰκότως
845 4332 954 4402 ζητεῖται
1055 4331 1086 4382 14
1104 4331 1155 4401 ἔχει
1174 4331 1247 4402 πρὸς)
1271 4334 1336 4406 ἔχειν
1354 4337 1415 4406 πρὸς
1434 4355 1449 4388 a
1467 4341 1511 4405 Sp.

206 4417 236 4470 15
265 4416 302 4474 ὡς
320 4415 377 4469 ὑλυν
395 4419 463 4469 VBS
486 4417 553 4481 (scil.
572 4417 618 4486 τῆν
643 4418 757 4488 ἀρετὴν)
785 4417 814 4470 τό
834 4418 869 4476 ῶς
888 4417 945 4470 ὑλον
962 4422 995 4470 F:
1024 4419 1052 4469 τύ
1072 4417 1108 4476 ῶς
1131 4417 1197 4470 όλων
1217 4439 1231 4471 ε
1251 4424 1295 4488 Sp.
1407 4423 1488 4476 είπετο
1507 4432 1559 4477 τῶν

202 4505 281 4570 μλνε
382 4504 412 4556 19
432 4504 541 4557 sortasse
560 4504 635 4574 (μήτε
655 4505 690 4563 ῶς
708 4507 776 4576 γένος
801 4507 864 4576 μήτε
884 4506 919 4564 ῶς
938 4505 996 4559 όλον
1015 4506 1052 4559 δεῖ
1070 4506 1281 4576 κατηγορεῖσθαι).
1313 4508 1370 4578 ῆεί
1469 4512 1502 4563 20
1520 4530 1558 4564 τε·

202 4591 269 4644 λείαν
285 4591 333 4644 13²:
353 4591 457 4644 τελείων
468 4594 559 4644 VFB¹:
579 4593 681 4645 τελετῶν
694 4612 721 4645 a:
741 4593 821 4646 τελεία
840 4599 907 4647 coni.
918 4599 962 4661 Sp.
1053 4594 1082 4645 θλ
1105 4595 1224 4662 μέμικται
1237 4596 1405 4663 (μίμεικταιθ)
1419 4598 1559 4652 Schwartz:

202 4678 324 4732 δέδεικται
337 4681 447 4733 VFB¹S¹
464 4681 543 4732 vict:
563 4679 688 4749 σύγκειται
700 4681 782 4735 S²B²a
796 4685 840 4748 Sp.
930 4684 963 4733 ‘22
983 4682 1034 4754 ἔχει
1053 4686 1133 4734 SBFa
1152 4687 1208 4750 Sp.:
1232 4684 1328 4756 ἔχεινθ
1419 4687 1452 4737 ’24
1472 4689 1559 4745 πόσαις

202 4769 280 4835 aSp.
372 4767 405 4819 26
424 4769 592 4835 παντίυὸρ.
682 4768 714 4820 27
733 4769 806 4840 πῆνδε
826 4774 881 4838 (τῆν
901 4770 926 4822 δε
940 4769 984 4838 V)]
1003 4772 1050 4839 την
1069 4773 1140 4838 aSp.
1230 4772 1263 4823 28
1282 4772 1340 4823 τάδε
1352 4773 1407 4824 v²F
1421 4774 1485 4826 vict.
1500 4778 1557 4841 Sp.:

201 4859 247 4924 τῆν
265 4855 292 4907 δέ
311 4856 386 4909 v¹sa
473 4855 547 4925 τήνδε
565 4854 603 4924 δέ]
622 4857 667 4926 τῆν
687 4857 713 4909 δέ
732 4857 761 4927 δῆ
782 4858 848 4910 Vici..
869 4860 911 4925 Sp.
1010 4860 1051 4911 29,
1071 4859 1104 4911 30
1123 4859 1241 4931 ἑκάστης]
1262 4862 1354 4929 έκάσπη
1376 4880 1389 4910 υ
1409 4863 1452 4928 Sp.

202 4942 236 4996 30
254 4941 319 5011 μίξει
337 4944 443 5011 scripsi:
463 4942 541 5012 μίξεις
559 4944 619 4996 libri
