3540 5610
230 306 292 372 218
674 309 903 368 ΑΛΕΞΑΝΔΡΟΥ
921 309 1147 372 ΑΦΡΟΔΙΣΙΕΩΣ

285 479 341 543 ὑπὸ
365 479 442 567 (τῆς)
464 483 561 553 ἕξεως.
607 485 683 548 ἀλλά
716 488 763 550 καί
796 487 829 549 τδ
862 489 920 570 πῦρ
947 485 1015 550 ὅλον
1042 484 1078 550 δι’
1107 486 1176 551 ὅλου
1204 491 1311 572 χωρεῖν
1337 489 1389 549 τοῦ
1417 486 1537 570 σιδήρου
1550 503 1577 545 s

284 582 410 664 λέγουσι,
433 589 578 659 σώζοντος
599 588 696 651 αὐτῶν
719 589 857 673 ἑκατέρου
880 591 932 672 τὴν
955 589 1063 653 οἰκείαν
1086 587 1193 653 οὐσίαν.
1231 589 1279 653 καί
1302 594 1359 651 τών
1382 590 1535 673 στοιχείων

284 684 317 747 δέ
338 708 409 770 φασι
432 692 490 752 τών
513 691 662 774 τεσσάρων
684 691 720 754 τά
743 690 805 766 δύο,
838 690 926 754 τότε
959 695 1016 775 πῦρ
1050 692 1098 754 καί
1120 692 1168 755 τδν
1195 691 1277 775 ἀέρα,
1311 693 1476 774 λεπτομερῆ
1505 714 1537 753 τε

285 789 333 850 καὶ
357 794 451 875 κοῦφα
475 793 522 854 καὶ
544 790 648 855 εὔτονα
670 789 749 867 ὄντα,
772 792 820 856 διά
841 797 900 856 τῶν
927 793 989 868 δῦο,
1016 797 1069 876 γῆς
1091 815 1123 855 τε
1145 794 1192 856 καὶ
1215 793 1328 874 ὕδατος,
1356 797 1537 876 παχυμερών

248 909 264 956 5
283 892 330 953 καὶ
354 892 466 976 βαρέων
491 896 539 958 καί
561 893 671 958 ἀτὸνων
696 892 786 958 όντων
809 895 1061 980 διαπεφοιτηκέναι
1083 894 1137 959 ὅλα
1157 892 1198 959 δι’
1220 894 1307 978 ὅλων,
1330 898 1462 967 σώζοντα
1483 896 1536 978 τὴν
1549 913 1579 955 εε

284 992 392 1056 οἰκείαν
414 995 499 1078 φῦσιν
522 998 571 1060 καί
593 997 745 1082 συνέχειαν
767 996 841 1061 αῦτά
863 999 965 1062 τεκαὶ
998 998 1105 1062 ἐκεῖνα.
1150 998 1313 1082 δηλητήριά
1333 1021 1366 1061 τε
1393 997 1428 1060 τά
1449 997 1537 1080 φθεί·

282 1118 369 1178 ροντα
391 1099 439 1161 καὶ
460 1098 511 1165 τάς
533 1099 637 1181 ὀσμάς,
672 1098 738 1162 ὅσαι
760 1104 899 1177 τοιαῦται,
934 1102 1070 1183 ἡγοῦνται
1092 1101 1246 1184 κιρνᾶσθαι
1279 1104 1339 1167 τοῖς
1362 1097 1410 1162 ὑπ’
1438 1098 1536 1162 αὐτῶν

282 1200 455 1283 πάσχουσιν,
486 1199 541 1263 ὅλα
562 1199 598 1264 δι’
627 1201 703 1264 ὅλων
726 1202 950 1286 παρατιθέμενα.
996 1202 1044 1266 καί
1066 1202 1098 1265 εδ
1122 1209 1187 1286 φῶς
1213 1203 1245 1265 δὲ
1267 1208 1309 1286 τῷ
1333 1201 1396 1286 ἀέρι
1420 1202 1436 1263 ὅ
1459 1199 1538 1286 Χρῦ-

283 1321 386 1371 σιππος
409 1303 562 1386 κιρνάσθαι
580 1301 583 1388 i
600 1304 686 1386 λέγει.
725 1306 772 1368 καί
795 1305 867 1389 αῦτη
892 1306 944 1388 μὲν
966 1306 985 1388 ἡ
1009 1305 1074 1388 περὶ
1096 1306 1228 1389 κράσεως
1247 1304 1316 1374 δόξα
1331 1302 1512 1387 Χρυσίππου
1535 1309 1589 1365 δεῖ

196 1410 217 1462 V
242 1423 271 1468 ιο
290 1428 321 1466 τε
344 1406 393 1468 καὶ
415 1409 473 1467 τών
495 1405 558 1469 κατ’
586 1406 673 1471 αὐτὸν
696 1406 941 1491 φιλοσοφούντων.
987 1406 1141 1488 Θαυμάσαι
1163 1405 1188 1470 δ’
1215 1406 1250 1470 ἀν
1277 1430 1319 1476 τις
1340 1405 1447 1485 αὐτῶν,
1471 1410 1536 1474 πῶς

285 1511 347 1575 ταῖς
369 1512 477 1577 κοιναῖς
499 1508 703 1578 έννοίαιςδεῖν
725 1508 855 1593 χρῆσθαι
878 1508 1008 1591 λέγοντες
1031 1510 1103 1593 πρὸς
1129 1509 1180 1578 τάς
1202 1515 1259 1572 τών
1282 1509 1442 1592 τιθεμένων
1466 1507 1536 1569 ἀπο·

285 1608 393 1690 δείξεις,
423 1613 463 1680 ώς
485 1609 585 1680 οὔσαις
609 1615 742 1696 φυσικοῖς
764 1615 816 1695 τῆς
839 1610 979 1692 ἀληθείας
1006 1613 1170 1697 κριτηρίοις,
1198 1610 1231 1674 οῦ
1254 1613 1360 1680 πάσαις
1383 1612 1494 1694 μᾶλλον
1516 1630 1536 1691 η
1565 1624 1580 1664 ε

285 1710 403 1780 ταύταις
424 1718 553 1796 χρῶνται
576 1714 648 1796 πρδς
670 1713 721 1782 τὰς
755 1712 851 1782 θέσεις
873 1718 931 1776 τῶν
964 1714 1079 1778 οἰκείων
1113 1715 1273 1797 δογμάτων.
1317 1712 1353 1776 τά
1379 1716 1447 1794 γοῦν
1471 1710 1537 1791 περὶ

284 1814 416 1895 κράσεως
449 1813 498 1877 ὑπ’
525 1814 621 1878 αὐτῶν
645 1814 788 1898 λεγόμενα
810 1812 844 1876 οῦ
869 1813 955 1897 μόνον
979 1815 1012 1878 οῦ
1036 1821 1219 1901 προσχρῆται
1252 1819 1315 1885 ταῖς
1337 1817 1473 1900 φυσικαῖς
1495 1811 1537 1874 ἐν·

235 1934 263 1983 15
283 1916 380 1991 νοίαις,
415 1916 490 1978 ἀλλά
512 1918 560 1980 καί
583 1921 717 1981 πλεῖστον
741 1917 808 1980 ὅσον
831 1917 944 1979 ἀποδεῖ.
990 1917 1022 1980 τό
1055 1942 1086 1981 τε
1119 1920 1174 2002 γὰρ
1198 1923 1286 2002 σῶμα
1319 1917 1366 1980 διά
1399 1918 1538 1998 σώματος

284 2022 393 2103 χωρεῖν
416 2017 484 2080 ὅλον
507 2019 568 2103 ὅλῳ
593 2019 849 2103 παρεκτεινόμενον
872 2017 907 2082 οὐ
932 2019 1018 2102 μόνον
1034 2018 1094 2105 (οὐ)
1117 2022 1287 2105 προσπίπτει
1310 2018 1383 2083 κατά
1405 2017 1457 2085 τάς
1479 2038 1538 2078 κοι-

284 2120 334 2189 νάς
356 2119 475 2195 ἐννοίας,
499 2120 573 2184 ἀλλὰ
596 2123 645 2185 καί
669 2122 807 2186 ἀδύνατον
829 2121 902 2185 εἰναι
924 2111 1123 2206 προειληπται.
1168 2123 1279 2206 φυσικὴ
1308 2121 1363 2205 γάρ
1385 2118 1482 2184 ἔννοια
1503 2117 1539 2180 τδ
1554 2131 1582 2174 ¹⁰

283 2222 315 2284 τὸ
350 2223 458 2305 πλῆρες
492 2223 595 2307 μηκέτ’
622 2225 652 2286 ἐν
674 2224 756 2308 αὑτῷ
791 2224 933 2288 δόνοσθαι
965 2224 1110 2309 δέχεσθαί
1130 2249 1164 2288 τι.
1211 2225 1251 2308 μὴ
1284 2223 1339 2308 γάρ
1361 2221 1404 2286 ἔτι
1426 2222 1539 2304 πλῆρες

283 2323 356 2387 εἰναι
378 2324 520 2388 δύνασθαι
542 2327 575 2388 τό
598 2329 699 2410 χώραν
722 2322 792 2410 ἔχον
815 2325 845 2388 ἐν
868 2327 950 2411 αὑτῷ
967 2329 1099 2411 δεκτικὴν
1116 2328 1219 2410 ὁμοίου
1242 2324 1327 2400 τινός,
1350 2323 1538 2408 ΐώφθησαν

229 2446 263 2493 20
281 2425 360 2512 ἔχειν
396 2429 442 2490 δεῖ
471 2429 507 2510 ἣν
541 2428 664 2511 φυσικήν
688 2450 719 2489 τε
741 2428 789 2490 καί
822 2429 920 2511 κοινὴν
943 2428 1083 2513 πρόληψιν
1116 2429 1175 2513 ἤδη
1204 2430 1287 2498 δοκεῖ
1311 2448 1383 2491 τισιν
1404 2425 1539 2508 εὔλογον,

282 2529 359 2592 εἰναί
378 2553 403 2591 ει
426 2534 484 2591 τῶν
507 2531 652 2613 σωμάτων
683 2527 823 2603 δεκτικόν,
857 2529 1040 2613 ὅκσλοῦμεν
1063 2530 1160 2593 τόπον.
1205 2535 1268 2599 πῶς
1293 2530 1348 2613 γὰρ
1370 2528 1405 2591 ἀν
1430 2551 1470 2595 τις
1494 2529 1539 2611 μὴ
1556 2542 1582 2584 ¹⁶

282 2633 381 2714 φωνὰς
403 2632 488 2701 κενὰς
511 2630 685 2716 βουλόμενος
707 2630 799 2714 λέγειν
822 2631 972 2713 έπινοήσαι
1007 2636 1094 2715 σῶμά
1116 2656 1143 2695 τι
1165 2636 1273 2716 πλῆρες
1299 2633 1389 2696 αὑτοῦ
1411 2631 1460 2693 καὶ
1482 2654 1540 2713 μη·

284 2735 332 2797 δὲν
355 2732 425 2818 ἔχον
449 2734 479 2797 ἐν
502 2735 583 2817 αὑτιγῖ
607 2735 689 2797 κενὸν
713 2734 868 2817 διάστημα,
891 2734 1050 2818 δεχόμενον
1073 2736 1103 2797 ἐν
1126 2736 1207 2820 αὑτῷ
1229 2735 1301 2798 ἀλλο
1325 2739 1411 2816 σῶμα
1426 2732 1541 2813 δμοίως

283 2840 391 2920 πλῆρες
412 2837 517 2916 αὑτοῦ;
540 2838 566 2899 εἰ
590 2836 642 2920 μὲν
664 2835 719 2918 γὰρ
743 2836 791 2898 διά
813 2837 911 2919 πόρων
934 2841 1019 2899 τινῶν
1035 2840 1144 2922 χωρεῖν
1168 2836 1241 2900 αῦτά
1264 2835 1300 2900 δι’
1328 2836 1465 2918 ἀλλήλων
1488 2833 1539 2895 λέ-

229 2961 261 3008 25
281 2964 334 3022 γει,
367 2939 402 3003 οὐ
424 2939 524 3006 κενοὺς
546 2939 609 3023 έρεῖ
639 2938 705 3007 τοὺς
728 2937 834 3017 πόρους
860 2939 927 3007 τοὺς
960 2938 1138 3023 δεχομένους
1171 2940 1205 3001 τὸ
1227 2943 1328 3022 σώμα;
1362 2936 1429 3000 ἀλλ’
1456 2936 1582 2999 οῦτωεν

283 3044 313 3105 ἐν
337 3047 378 3126 τῷ
402 3044 516 3122 σώματι
539 3043 617 3104 κενά.
662 3041 688 3103 εἰ
710 3041 743 3104 δὲ
765 3041 884 3124 πλήρεις
917 3039 1007 3104 ἀλλου
1033 3043 1108 3109 τινὸς
1136 3044 1280 3122 σώματος,
1314 3041 1340 3104 εἰ
1364 3041 1417 3124 μὲν
1441 3038 1539 3106 ὑπεξι-

283 3145 364 3212 όντος
387 3144 488 3207 τούτου
511 3145 561 3207 καὶ
583 3147 828 3228 παραχωροῦντας
861 3147 914 3226 τῆς
935 3146 1037 3227 χώρας
1069 3147 1111 3227 τῷ
1142 3142 1385 3227 έπεισκρινομένιρ
1410 3145 1539 3224 σώματι,

284 3246 345 3311 οὐδ’
373 3247 466 3315 οὕτως
488 3243 568 3309 ἔσται
591 3246 623 3308 εδ
647 3250 743 3329 σῶμα,
766 3245 842 3308 καθὸ
866 3249 962 3328 σῶμα,
986 3245 1145 3330 δεχόμενόν
1167 3269 1193 3308 τι
1217 3249 1304 3327 σῶμα
1326 3245 1357 3308 ἐν
1379 3245 1474 3328 αὐτῷ,
1511 3242 1543 3305 εἴ

282 3375 316 3433 γε
338 3352 490 3436 ὑποχωρεῖ
510 3350 632 3433 θάτερον
656 3346 783 3432 θατέρῳ,
806 3347 832 3409 εἰ
854 3347 886 3409 δὲ
909 3347 1111 3430 ὑπομένοντος,
1135 3351 1197 3416 πώς
1221 3345 1282 3409 οἷόν
1297 3369 1329 3409 τε
1343 3346 1411 3416 τοῦς
1425 3349 1538 3427 πεπλη·

230 3475 264 3522 30
283 3453 432 3540 ρωμένους
453 3450 560 3534 πόρους
583 3453 718 3531 σώματος
740 3448 771 3511 ἐν
794 3448 892 3518 αὑτοῖς
913 3448 985 3513 ἀλλο
1008 3473 1034 3512 τι
1056 3449 1197 3533 δέχεσθαι
1220 3453 1322 3531 σώμαγ
1346 3449 1394 3512 καὶ
1409 3449 1465 3532 γάρ
1489 3449 1581 3512 διάεε

282 3563 334 3640 τῆς
356 3554 524 3636 αἰσθήσεως
546 3556 700 3636 γνώριμον,
723 3551 766 3614 ὅτι
790 3551 865 3633 μηδὲ
887 3550 923 3614 τά
945 3550 1107 3615 λεπτότατα
1129 3555 1180 3614 τοῦ
1204 3553 1341 3634 σώματος
1363 3551 1465 3633 ἀγγεῖα
1489 3573 1537 3613 πε·

284 3657 462 3743 πληρωμένα
485 3656 534 3719 οίά
556 3654 587 3718 τέ
611 3655 672 3719 ἐστι
694 3654 832 3724 δέξασθαι
855 3656 942 3735 σῶμα
964 3653 994 3716 ἐν
1009 3653 1107 3723 αὑτοῖς
1130 3657 1172 3739 τῷ
1196 3653 1383 3716 κεκωλῦσθαι
1405 3653 1454 3715 καὶ
1478 3652 1538 3715 ἐπι-

284 3762 455 3845 πεφράχθαι
486 3759 537 3828 τὰς
560 3764 611 3842 τῆς
635 3757 840 3840 μεταστάσεως
864 3754 868 3841 ί
892 3755 988 3820 αὐτῶν
1016 3755 1110 3824 όδοός.
1156 3752 1198 3817 έτι
1220 3752 1245 3817 δ’
1274 3755 1300 3817 εἰ
1323 3753 1371 3817 διά
1393 3758 1509 3838 πεπλη·
1531 3764 1588 3819 5⁹8

277 3862 423 3948 ρωμένων
446 3866 504 3924 τῶν
528 3860 626 3945 πόρων
649 3861 668 3942 ἡ
692 3861 818 3943 πάροδος
840 3865 900 3929 τοῖς
922 3863 1049 3942 σώμασι,
1073 3856 1204 3942 περιττόν
1228 3857 1289 3920 ἐστι
1311 3857 1344 3919 εδ
1366 3856 1476 3940 πόρους
1498 3858 1537 3919 εἰ·

232 4087 526 4162 1τῖγςοάἀ.1ἀελοτῖῖί
617 4087 1355 4158 5ἀτάνων1ῖειτάνων(αευρτεεετ.)Α;τόνωνΒΟΡ8
1445 4087 1500 4140 6.7
1520 4086 1594 4159 φθεί·
1646 4084 1649 4088 ’

230 4179 317 4249 ροντα]
341 4180 462 4247 φάρμακα
481 4176 562 4229 ideier
649 4177 734 4229 1213
754 4177 783 4229 οδ
797 4179 885 4237 πάσαις
903 4177 999 4246 μᾶλλον
1018 4177 1149 4246 ἡτοότεις
1162 4176 1266 4242 scripsi:
1286 4173 1371 4232 οῦσαις
1383 4173 1482 4242 μᾶλλον
1500 4175 1594 4245 ἠπεδ-

229 4285 283 4324 ταες
293 4269 420 4319 ABCPS:
440 4264 535 4333 μᾶλλον
549 4265 564 4332 ἡ
579 4263 678 4322 τοῦταις
691 4269 725 4317 R:
747 4265 843 4333 μᾶλλον
856 4264 871 4335 ἠ
885 4265 982 4323 τοῦτοις
995 4284 1011 4316 ε
1103 4264 1132 4315 Ιθ
1153 4262 1240 4315 ἀποδεῖ
1252 4263 1340 4330 Apelt:
1360 4261 1426 4314 ἀπαν
1439 4261 1478 4313 δεῖ
1494 4262 1559 4316 libri

232 4354 262 4405 16
281 4354 311 4406 οῦ
330 4353 388 4405 add.
401 4353 478 4420 Apelt
569 4352 599 4403 17
620 4357 810 4422 φυσικῆΑΒΡε
893 4352 1186 4422 rb]rqiRa:01n.PS
1279 4350 1363 4402 19.‘20
1382 4347 1594 4420 ὤφθησαν-ἠν]

230 4442 365 4512 σαφήνειαν
385 4441 445 4512 ἰχει,
463 4439 499 4492 δι’
511 4440 542 4510 ἣν
556 4441 637 4492 Diels:
657 4439 798 4509 ὀφθαλμοῖς
816 4440 882 4492 ἰστιν
900 4440 965 4493 ἰδεῖν.
990 4440 1020 4509 ἣν
1035 4439 1130 4491 Ιάελειι
1152 4436 1276 4506 ὤφθησαν
1289 4437 1363 4507 ἔχειν.
1388 4432 1422 4488 δι’
1434 4436 1467 4506 ἣν
1479 4438 1561 4505 Apelt

230 4530 265 4583 20
282 4530 364 4582 δοκεῖν
384 4529 471 4580 BCPS
561 4527 590 4578 21
613 4546 637 4579 τι
655 4529 746 4596 Apelt:
766 4528 794 4581 τὸ
813 4529 872 4581 libri
962 4525 1105 4605 δεγχόμενον
1124 4524 1150 4604 ir
1169 4523 1240 4604 αἰτιᾷ
1259 4523 1320 4603 ἀλλο
1339 4521 1516 4603 σῷραΙκτικόν
1536 4529 1561 4579 B

229 4633 371 4700 iscripsi:
400 4630 427 4682 δν
451 4631 511 4683 libri
619 4630 660 4682 24.
680 4632 713 4684 25
737 4632 813 4702 λέγει]
832 4632 885 4706 ἔχει
903 4636 953 4685 Ra:
977 4633 1027 4702 ἐρεῖ
1046 4630 1125 4700 Apelt
1231 4630 1265 4682 25
1283 4629 1312 4681 οῦ
1331 4630 1439 4697 scripsi:
1458 4627 1475 4698 ἠ
1494 4628 1560 4682 iibri

230 4720 287 4772 ἀλλ’
299 4719 367 4773 οὕτω
382 4719 487 4786 scripsi:
508 4717 571 4771 ἀλλά
590 4720 621 4770 τὰ
641 4723 688 4782 (τῶ
701 4722 730 4783 S)
748 4721 821 4773 libri:
840 4720 856 4790 ἡ
875 4720 939 4773 ἀλλα
957 4722 1011 4773 τινὰ
1025 4720 1107 4771 ideler
1196 4717 1229 4770 26
1257 4716 1358 4786 πλήρεις
1377 4717 1469 4784 Apelt:
1498 4716 1595 4787 πλῆρες

229 4808 287 4859 iibri
371 4807 412 4858 28.
426 4806 459 4857 ‘29
478 4805 504 4857 εἰ
519 4823 546 4873 γε
560 4807 650 4873 Apelt:
670 4807 719 4859 ιίτε
732 4808 791 4859 libri
882 4808 911 4860 31
934 4807 1077 4860 λεπτότατα
1089 4807 1145 4869 τοῦ]
1164 4804 1319 4858 λεπτοτάτου
1331 4802 1384 4856 Βέ
1473 4803 1511 4856 33
1530 4805 1595 4873 μετὰ

229 4896 340 4951 στάσεως
358 4898 383 4944 A
473 4891 510 4944 ἔτι
528 4888 553 4943 δ’
573 4893 594 4944 εἰ
614 4895 703 4962 Apelt:
725 4893 763 4946 ὅτι
781 4894 817 4947 δεῖ
836 4894 895 4948 libri
985 4895 1019 4946 34
1038 4893 1074 4946 ἔτι
1092 4898 1117 4945 Α
