3548 5604
633 324 772 380 ΒΙΒΛΙΟΝ
793 322 920 380 ΤΡΙΤΟΝ
944 325 1009 378 l—-2

193 619 218 683 1.
264 617 305 683 Τί
325 619 419 682 ἐστιν
442 620 645 703 ἀνάμνησις.
1473 629 1488 672 5

276 786 453 872 Ἀνάμνησίς
474 789 550 851 ἐστιν
578 790 690 872 εὕρεσις
716 787 763 851 διὰ
790 789 940 871 ζητήσεως
966 789 1170 871 φαντάσματος
1197 787 1212 850 δ
1239 784 1353 861 ἐγένετό
1377 807 1447 848 ποτε

195 891 290 976 ἐντῷ
315 894 429 974 σώματι
451 890 481 953 ἐν
505 887 530 974 ᾦ
554 891 572 972 ή
596 890 752 974 αἰσθητικὴ
776 892 868 974 ψυχή.

196 1133 236 1196 ΙΙ.
280 1131 416 1202 Λέξεως
438 1131 601 1215 ἐξήγησις
627 1132 665 1193 ἐκ
694 1134 754 1194 τοῦ
780 1129 947 1215 δευτέρου
971 1128 1056 1214 Περὶ
1083 1135 1198 1213 ψυχῆς
1225 1128 1330 1212 λόγου
1355 1125 1446 1212 Ἀρι·
1459 1142 1488 1184 1⁰

161 1234 401 1309 οστοτέλους,
430 1232 470 1296 δι’
498 1233 538 1316 ἧς
561 1232 656 1314 λέγει
681 1230 864 1316 “θεωροῦν
887 1232 948 1314 γάρ
976 1232 1107 1314 γίνεται
1129 1233 1166 1294 τὸ
1189 1230 1271 1316 ἕχον
1294 1231 1354 1314 τὴν
1377 1229 1448 1292 ἐπι-

196 1340 347 1422 στήμην,
375 1335 460 1419 ὅπερ
487 1334 549 1398 οῦκ
578 1332 671 1400 ἔστιν
695 1334 939 1397 ἀλλοιοῦσθαι·
973 1334 1022 1402 εἰς
1044 1333 1127 1396 αότδ
1153 1334 1217 1418 γὰρ
1246 1335 1265 1417 ή
1289 1332 1446 1400 ἐπίδοσις

617 1438 676 1500 καὶ
698 1436 747 1504 εἰς
769 1433 1028 1520 ἐντελέχειαν.”

282 1605 422 1676 Εἰπόντος
433 1606 653 1690 Ἀριστοτέλους
668 1607 698 1669 ἐν
713 1612 755 1691 τῷ
772 1605 898 1689 δευτέρῳ
916 1606 986 1690 Περὶ
1008 1610 1109 1691 ψυχῆς
1130 1605 1216 1688 ήέπί
1231 1610 1284 1688 τής
1305 1627 1325 1668 ιι
1348 1627 1368 1668 ιι
1390 1605 1449 1668 ἀπδ
1463 1619 1490 1662 ¹⁵

196 1714 248 1792 τῆς
263 1709 361 1782 ἕξεως,
385 1710 420 1792 ἢν
436 1708 515 1772 εἶπεν
533 1708 536 1790 ί
562 1709 697 1792 δευτέραν
712 1709 830 1791 δύναμιν
845 1708 962 1790 (πρώτη
977 1708 1031 1792 γάρ
1047 1706 1082 1790 ἦν
1098 1708 1216 1789 δύναμις
1231 1707 1277 1791 <ή>
1292 1709 1364 1792 πρδς
1378 1709 1431 1791 τήν
1453 1715 1502 1772 152

146 1833 177 1880 ιο
196 1813 338 1895 ἀνάληψιν
364 1817 417 1895 τῆς
445 1811 533 1880 ἕξεως
563 1810 789 1893 ἐπιτηδειότης),
821 1811 951 1878 εἰπόντος
973 1807 1022 1872 οῦν
1045 1809 1134 1872 αὐτοῦ
1158 1812 1222 1892 περὶ
1245 1809 1335 1893 αὐτῆς
1357 1811 1451 1878 οὕτως

197 1917 353 1999 θεωροῦν
382 1913 446 1998 γὰρ
475 1914 607 1995 γίνεται
636 1914 676 1975 τδ
706 1911 789 1998 ἔχον
816 1912 877 1995 τὴν
908 1912 1119 1996 ἐπιστήμην,
1152 1912 1237 1996 ὅπερ
1266 1911 1328 1975 οἰικ
1356 1908 1449 1983 ἔστιν

197 2018 430 2081 ἀλλοιοῦσθαι
460 2017 526 2099 (εἰς
555 2015 638 2079 αὐτὸ
668 2015 732 2098 γὰρ
760 2017 779 2098 ή
810 2014 965 2083 ἐπίδοσις
997 2016 1054 2077 καί
1083 2016 1134 2084 εἰς
1162 2014 1400 2100 ἐντελέχειαν)
1430 2014 1449 2097 ἢ
1477 2029 1491 2072 5

197 2121 315 2204 ἕτερον
338 2120 436 2201 γένος
458 2120 692 2187 ἀλλοιώσεως.
730 2118 783 2181 διὸ
806 2117 844 2179 οὐ
868 2120 983 2186 καλῶς
1005 2115 1081 2202 ἔχει
1104 2118 1217 2201 λέγειν
1239 2119 1277 2181 τὸ
1299 2121 1449 2202 φρονοῦν

197 2221 277 2285 όταν
300 2226 412 2307 φρονῇ
436 2222 683 2294 ἀλλοιοῦσθαι,
711 2221 828 2303 ὥσπερ
851 2219 931 2282 οὐδὲ
958 2220 1015 2282 τδν
1042 2220 1230 2302 οἰκοδόμον
1254 2221 1335 2283 όταν
1358 2220 1449 2283 οἰκο-

147 2346 176 2394 15
195 2326 297 2409 δομή.
342 2325 378 2387 τδ
403 2324 464 2405 μέν
487 2321 546 2386 οῦν
573 2323 623 2391 εἰς
645 2322 867 2407 ἐντελέχειαν
895 2321 976 2402 ἀγον
1003 2322 1041 2385 ἐκ
1068 2324 1213 2406 δυνάμει
1241 2322 1341 2392 ὄντος
1362 2323 1492 2386 auzito

196 2430 232 2491 τδ
256 2431 347 2490 νοεῖν
371 2427 427 2489 καὶ
443 2430 583 2509 φρονεῖν
600 2425 639 2487 οὐ
655 2425 882 2496 διδασκαλίαν
898 2420 965 2486 ἀλλ’
987 2425 1110 2510 ἑτέραν
1134 2426 1336 2509 ἐπωνυμίαν
1352 2423 1449 2510 ἔχειν

197 2529 347 2605 δίκαιον,
378 2527 458 2590 ταῦτ’
487 2529 616 2619 εἰπόντος
639 2526 728 2590 αὐτοῦ
751 2526 884 2611 ἐξητήθη
907 2526 1036 2590 καθόλου
1064 2527 1119 2590 ὑπδ
1143 2534 1194 2612 τῆς
1216 2529 1397 2614 ἐξηγήσεως,
1424 2529 1452 2590 εἰ

196 2632 242 2717 (i.)
263 2633 306 2700 εἰς
328 2632 380 2714 τήν
404 2630 547 2713 ἐνέργειαν
571 2630 717 2714 μεταβολὴ
741 2630 850 2713 κίνησίς
872 2630 957 2724 ἐστιν.
996 2630 1022 2692 εἰ
1043 2629 1097 2714 γάρ
1122 2631 1162 2713 μή
1186 2631 1352 2707 ἀλλοίωσις,
1376 2630 1450 2694 πολὺ
1465 2647 1491 2690 ιτ

198 2738 306 2817 μᾶλλον
330 2733 364 2796 ἀν
387 2733 440 2796 οὐκ
463 2732 509 2815 εἴη
531 2756 573 2801 τις
596 2737 654 2795 τῶν
677 2730 774 2795 ἄλλων
798 2731 858 2813 [οὐ]
881 2733 1034 2814 κινήσεων.
1071 2733 1104 2795 τδ
1127 2733 1181 2817 γάρ
1205 2733 1263 2796 ἀπὸ
1285 2738 1338 2818 τής
1360 2756 1450 2818 νοητι-

145 2858 179 2904 20
196 2842 251 2920 κής
273 2836 360 2905 ἕξεως
383 2837 562 2919 μεταβάλλον
585 2837 627 2904 εἰς
648 2835 681 2897 τδ
705 2837 779 2896 νοεῖν
807 2857 839 2896 τε
865 2835 913 2896 καὶ
941 2834 1066 2917 ἐνεργεῖν
1088 2836 1243 2904 ἀλλοίωσις
1265 2837 1317 2918 μὲν
1340 2835 1393 2900 οὐκ
1416 2835 1450 2898 ἀν

197 2939 243 3023 εἴη
266 2962 317 3015 τις,
340 2937 392 3022 (εἰ)
414 2939 502 3020 ήμέν
526 2938 680 3006 ἀλλοίωσις
702 2936 775 2999 κατὰ
791 2936 886 3004 πάθος
909 2937 1067 3020 μεταβολή,
1089 2935 1121 3020 (ἡ
1138 2936 1183 3022 δὲ>
1205 2938 1351 3003 οὐκέστιν
1367 2956 1492 3022 μεταευ

198 3043 270 3127 βολὴ
294 3041 367 3105 κατά
389 3041 494 3114 πάθος,
522 3039 598 3121 εἴγ’
627 3039 703 3104 ἐστίν
727 3039 767 3108 εἰς
789 3038 893 3101 ταύτόν
916 3037 1053 3108 ἐπίδοσις.
1098 3044 1146 3103 καί
1168 3039 1244 3106 ἔστιν
1271 3045 1291 3126 ἡ
1318 3043 1377 3106 ἀπὸ
1399 3047 1452 3126 τῆς

198 3143 285 3212 ἕξεως
308 3142 435 3226 ἐνέργεια
459 3143 589 3225 σωστικὴ
613 3147 664 3224 τῆς
688 3139 775 3209 ἕξεως
801 3141 849 3204 καί
877 3139 1024 3225 τελειότης
1045 3141 1150 3226 αὐτῆς,
1164 3145 1209 3207 ἐί
1225 3169 1258 3228 γε
1279 3145 1361 3214 τέλος
1383 3146 1448 3209 ἑκά·

198 3268 258 3330 στιρ
282 3248 315 3309 τδ
338 3245 372 3308 οῦ
396 3246 482 3328 χάριν
503 3244 576 3321 ἐστί,
598 3248 678 3326 πάσα
701 3245 733 3306 δέ
756 3243 812 3312 ἕξις
832 3242 917 3306 ἕνεκα
938 3247 990 3326 τῆς
1013 3243 1157 3327 ἐνεργείας
1178 3246 1284 3328 γίνεται
1305 3253 1358 3331 τῆς
1379 3246 1443 3312 κατ’
1461 3263 1489 3306 ευ

145 3368 178 3417 25
196 3346 318 3432 αἰιτήνῇ
342 3349 368 3410 εἰ
391 3347 486 3429 δὲμὴ
510 3344 572 3409 κατ’
601 3346 753 3409 ἀλλοίωσιν
777 3347 792 3408 ό
816 3346 908 3414 οὕτως
931 3345 1054 3430 ἐνεργῶν
1077 3352 1207 3422 κινεῖται,
1234 3350 1307 3414 πολδ
1333 3349 1336 3434 i
1361 3355 1501 3434 pai-153

196 3456 245 3514 λον
269 3450 330 3514 οὐδ’
351 3450 385 3513 ἀν
407 3449 482 3512 κατά
504 3448 591 3511 τόπον
614 3449 633 3531 ή
657 3447 720 3511 κατ’
741 3447 858 3530 αὔξησιν
882 3452 1001 3511 κινοῖτο·
1029 3451 1173 3531 σωμάτων
1195 3452 1250 3535 γάρ
1273 3455 1302 3515 αἱ
1323 3455 1449 3537 κινήσεις

197 3555 313 3616 τοιαίδε.
359 3554 406 3615 καὶ
429 3551 482 3633 γάρ
505 3550 560 3634 (αἱ)
583 3552 642 3614 ἀπὸ
665 3556 722 3613 τῶν
749 3550 823 3614 κατὰ
849 3549 901 3619 τάς
927 3549 1031 3635 τέχνας
1057 3552 1145 3622 ἕξεων
1168 3554 1307 3638 ἐνέργειαι
1329 3558 1448 3639 γίνοιντο

199 3657 249 3739 μὲν
273 3655 319 3719 διά
342 3655 498 3736 κινήσεως,
526 3653 589 3716 ἐπεὶ
612 3658 781 3736 σωματικῆς
807 3653 964 3736 ὑπηρεσίας
991 3653 1117 3727 δέονται,
1143 3653 1226 3717 αὖται
1253 3656 1286 3719 δέ
1308 3660 1384 3722 καθδ
1408 3685 1449 3724 τε·
1475 3676 1490 3719 σ

199 3757 345 3841 λειότητές
366 3758 423 3819 εἰσι
444 3760 502 3818 τῶν
525 3755 629 3832 ἕξεων,
656 3757 709 3820 οὐκ
732 3756 766 3820 ἀν
789 3755 914 3838 κινήσεις
939 3755 1007 3818 είεν.
1052 3755 1159 3841 μήποτ’
1187 3756 1236 3821 οὖν
1263 3758 1379 3841 ἀμεινυν
1405 3786 1449 3845 γε·

145 3880 179 3929 30
198 3862 290 3930 νέσεις
311 3859 401 3928 αὐτάς
423 3859 514 3941 λέγειν
537 3860 631 3933 τινάς,
660 3858 691 3921 εί
708 3882 741 3941 γε
764 3860 835 3943 πρὸς
857 3859 909 3941 τὴν
932 3858 1098 3941 τελειότητα
1118 3864 1176 3922 τῶν
1199 3861 1306 3925 οὐσιῶν
1329 3865 1370 3927 ὧν
1393 3865 1450 3928 εἰσι

198 3967 392 4028 συντελοῦσιν·
417 3960 451 4023 οῦ
466 3960 519 4043 γὰρ
543 3961 659 4044 ἑκάστῳ
674 3966 732 4022 τῶν
756 3960 803 4023 διὰ
817 3959 959 4041 γενέσεως
972 3961 1005 4023 τὸ
1027 3960 1102 4023 εἰναι
1118 3961 1246 4046 ἐχόντων
1269 3962 1315 4048 <ή>
1331 3965 1378 4029 ἐπὶ
1394 3968 1446 4052 τὴν
1461 3984 1490 4027 ιο

143 4195 160 4246 4
178 4189 306 4262 δευτέρου]
326 4190 357 4241 de
375 4204 417 4241 an.
431 4187 499 4251 11,5.
513 4188 605 4242 417125
691 4190 706 4241 6
724 4189 741 4257 ή
760 4188 808 4241 οἰνκ
828 4191 907 4242 Arist.
990 4189 1007 4242 8
1025 4189 1076 4258 ἐπὶ]
1096 4193 1150 4261 πιρί
1168 4192 1227 4271 δραι
1246 4194 1355 4249 fortasse
1373 4197 1428 4268 περὶ
1447 4201 1503 4268 (τῆς

144 4279 275 4350 ἐνεργείας)
381 4275 396 4327 θ
415 4274 491 4335 ἕξεως
509 4273 541 4328 S’
559 4276 639 4329 vict:
663 4274 755 4336 λέξεως
772 4277 832 4330 libri
934 4278 950 4347 ή
969 4277 1028 4328 add.
1047 4277 1120 4329 Diels
1218 4281 1249 4332 11
1268 4279 1285 4351 ή
1304 4281 1351 4334 οἰνκ
1371 4283 1450 4337 arist„

147 4365 178 4416 13
197 4364 227 4418 οῦ
245 4362 331 4420 καλῶς
349 4360 401 4434 ἔχει
415 4362 483 4415 Vict.
502 4379 534 4415 ex
547 4363 627 4416 Arist.
641 4362 700 4431 Sp.:
725 4362 772 4415 οῦκ
790 4362 874 4421 άλλως
892 4362 957 4432 ἐχειν
976 4366 1011 4417 G:
1031 4362 1078 4415 οῦκ
1097 4363 1181 4424 ἄλλως
1200 4366 1255 4418 ἐκεῖ
1271 4371 1350 4422 VBS:
1370 4369 1399 4422 οδ
1416 4369 1503 4430 καλόις

145 4451 196 4523 ἔχει
214 4451 304 4502 iuti*
416 4448 506 4518 λέγειν]
525 4448 624 4518 λίγεια
744 4450 774 4501 16
802 4454 876 4503 νοοῦν
895 4454 937 4504 καὶ
955 4455 1062 4520 φρονοῦν
1082 4453 1162 4504 Arist.
1271 4455 1301 4506 17
1330 4453 1379 4507 ὑπὸ
1398 4458 1502 4524 scripsi:

145 4536 194 4588 ἀπὸ
220 4536 280 4587 libri
372 4535 411 4587 17.
433 4535 464 4586 18
488 4535 510 4587 τί
528 4536 545 4604 ή
566 4534 623 4588 ΨΒ
647 4537 716 4588 coni.
735 4535 792 4604 δρα
817 4537 838 4589 εἰ
857 4539 964 4591 V¹FSa2
989 4538 1047 4607 ήίὶ
1141 4539 1171 4590 19
1195 4538 1223 4591 οό
1242 4538 1292 4592 del.
1310 4540 1389 4595 B²s²:
1418 4557 1467 4594 om.
1486 4561 1503 4595 ε

145 4622 188 4690 Sp.
278 4621 308 4673 21
330 4623 353 4673 εἰ
371 4622 429 4674 add.
449 4622 516 4674 vict.
535 4622 579 4689 Sp.
668 4620 730 4690 ήδέ
748 4623 807 4676 add.
825 4623 910 4678 3²8²·
927 4624 970 4693 Sp.
1061 4625 1094 4678 26
1118 4634 1213 4679 κινοῖτο
1237 4629 1364 4694 σωμάτων
1383 4628 1440 4696 Sp.:
1465 4648 1502 4681 κι·

145 4715 183 4761 ντῖ
199 4707 228 4760 τό
247 4714 321 4776 σῶμα
338 4714 391 4760 τῶν
409 4708 483 4760 iibri:
511 4715 606 4761 κινοῖτο
624 4713 727 4774 (κινοῖτο
745 4708 804 4763 eiii
825 4724 844 4744 ¹¹
924 4715 970 4762 ἰῒιν
990 4712 1057 4765 vict.
1165 4713 1198 4764 27
1222 4712 1247 4764 αἰ
1265 4714 1324 4766 add.
1344 4715 1387 4783 Sp.

145 4811 178 4863 28
206 4816 252 4880 μιν
270 4811 317 4865 S’a
335 4811 395 4880 δρα
424 4800 504 4883 μδνή
527 4813 565 4864 sic
583 4814 616 4862 V:
645 4812 729 4880 μένή
1000 4816 1045 4879 μέν
1067 4817 1133 4885 518¹
1258 4817 1310 4868 ἐπεὶ
1330 4818 1410 4870 ain*
1434 4818 1501 4869 vict.

144 4897 202 4967 δρα
222 4897 262 4950 ἐπὶ
279 4899 323 4952 VS
342 4899 361 4962 (1
378 4899 407 4951 in
425 4897 476 4962 lit.)
581 4897 613 4950 31
634 4896 720 4968 om·
1020 4901 1194 4972 τ1)ιή1)1ε1ε

197 5003 271 5054 θυμοῖ.
285 5004 351 5043 Arist.
364 4999 413 5043 11⁴2
439 5004 502 5044 Alex.
516 5005 596 5054 scripu
610 5005 700 5046 ιιιῖιιοτκ.
1282 4990 1302 5054 6
