3548 5604
649 337 792 394 BiBiilON
811 337 941 394 ΊῬΙἸῸΝ
962 341 1063 392 14-15
1476 337 1537 400 115

230 514 308 576 τικδν
326 515 358 575 τδ
374 513 423 575 ἐὰν
446 515 483 596 δὴ
507 514 645 596 χωρισθῇ
671 514 686 574 ό
709 514 795 596 δρρδς
817 518 867 576 τοῦ
883 517 1023 594 γάλακτος
1040 512 1183 595 ἑψομένου
1206 515 1257 574 τοῦ
1279 511 1422 592 γάλακτος
1438 509 1482 570 έκ·

230 615 365 677 καίεσθαι
389 614 470 689 αὐτό,
495 618 536 682 ὡς
558 615 605 677 καὶ
626 621 682 677 τῶν
699 614 794 677 ἀλλων
814 620 872 677 τῶν
896 614 1057 698 ἑψομένων,
1080 613 1213 675 ἀπλεῖον
1235 619 1288 696 γῆς
1310 611 1384 696 ἔχει.
1429 607 1475 692 ἐφ’

229 717 272 784 οἷς
288 718 339 786 τάς
355 717 447 786 αἰτίας
468 717 604 780 ἀπέδωκε
626 721 677 779 τοῦ
693 716 728 779 τὰ
751 717 803 799 μὲν
825 717 897 779 λυτόι
911 723 969 778 τῶν
992 714 1163 799 πεπηγότων
1180 714 1262 790 εἶναι,
1284 715 1319 777 τά
1335 715 1367 777 δὲ
1383 712 1482 776 ἀλυτα.
1497 726 1524 768 2⁶

229 819 314 882 λυτά
339 819 390 901 μὲν
406 819 519 903 νίτρον
536 819 613 892 ἅλες,
635 817 750 901 ἀλυψτον
773 820 805 880 δὲ
827 818 992 901 κέραμος,
1015 819 1063 880 καὶ
1090 816 1129 879 τά
1153 817 1214 898 μὲν
1238 815 1399 899 μαλακτά
1421 817 1462 882 ὡς
1483 820 1536 877 223

195 941 209 989 5
230 920 348 1004 κέρας,
371 920 411 982 τά
433 921 471 983 δὲ
494 922 678 1003 ἀμάλακτα
701 925 742 988 ὡς
764 919 917 1004 κέραμος
939 921 995 982 καὶ
1019 921 1125 987 λίθος.
1163 918 1224 1002 ἡδ’
1242 918 1328 993 αἰτία,
1351 918 1413 980 ἐπεὶ
1429 916 1480 979 δύο

230 1023 290 1086 ἐστὶ
306 1021 341 1084 τὰ
357 1023 511 1105 πηγνύντα,
536 1026 573 1092 ὡς
598 1022 719 1108 εἴρηται,
742 1019 850 1105 θερμόν
873 1045 904 1083 τε
926 1023 972 1084 καὶ
996 1022 1118 1106 ψυχρόν,
1142 1020 1292 1084 λύεσθαι
1314 1018 1389 1082 αὐτοί
1411 1042 1482 1082 ποτε
1508 1035 1522 1077 υ

230 1126 341 1208 ἀνάγκη
357 1129 463 1209 ψυχρῷ
481 1127 573 1188 τεκαὶ
590 1128 724 1209 θερμῷ,
741 1125 776 1188 τά
792 1124 843 1207 μὲν
860 1125 916 1187 ὑπὸ
933 1124 1043 1206 θερμοῦ
1060 1123 1185 1205 παγέντα
1200 1127 1317 1208 ψυχρῷ,
1332 1121 1368 1185 τὰ
1384 1120 1410 1184 δ’
1425 1121 1480 1184 ὑπὸ

231 1230 345 1310 ψυχροῦ
367 1228 480 1311 θερμῷ.
519 1230 563 1291 διδ
576 1229 615 1291 τὰ
636 1231 687 1311 μὲν
703 1229 770 1311 πυρὶ
793 1227 890 1290 λύεται
906 1226 942 1288 τά
958 1225 1012 1289 ὅσα
1028 1225 1109 1288 ῦδατι
1129 1227 1235 1309 ἐπάγη,
1259 1225 1295 1286 τὰ
1315 1225 1347 1286 δὲ
1370 1224 1481 1297 ὕδατι,

230 1327 285 1391 ὅσα
302 1329 357 1391 ὑπὸ
374 1331 465 1414 πυρδς
481 1330 585 1414 ἐπάγη.
627 1332 683 1393 ὑπὸ
699 1331 802 1398 ῦδατος
830 1329 881 1412 μὲν
904 1325 953 1391 οὖν
969 1328 1138 1410 λυθήσεται,
1162 1328 1217 1391 ὅσα
1239 1327 1295 1390 ύπδ
1318 1327 1408 1411 πυρδς
1435 1325 1483 1388 πέ·

181 1451 212 1496 10
231 1453 321 1515 πηγεν
338 1430 437 1513 μόνου,
454 1433 510 1494 ύπδ
526 1432 558 1493 δὲ
574 1436 625 1494 τοῦ
641 1433 729 1515 πυρδς
745 1434 840 1507 πάλιν,
864 1430 942 1494 ὅσων
958 1431 1035 1512 ὕδωρ
1058 1435 1111 1513 τῆς
1126 1429 1240 1513 πήξεως
1255 1428 1355 1492 αἴτιον.
1395 1431 1421 1492 εί
1445 1430 1481 1512 δή
1497 1444 1525 1486 ιο

230 1556 291 1596 τινα
307 1532 354 1596 ὑπ’
376 1535 485 1618 ἀμφοῖν
502 1536 554 1618 μὲν
570 1536 748 1618 πηγνύμενα,
771 1538 878 1597 ταῦτα
897 1533 1005 1596 ἄλυτα
1021 1530 1139 1595 ἔσεσθαι
1156 1534 1320 1615 μάλιστα,
1344 1534 1484 1616 πήγνυται

230 1739 331 1800 δωκεν.
370 1736 507 1821 ὅτανγὰρ
525 1739 581 1801 ὑπὸ
597 1743 647 1801 τοῦ
668 1739 778 1821 θερμοῦ
794 1744 852 1800 τῶν
869 1738 924 1800 ύπδ
941 1739 1048 1821 ἀμφοῖν
1065 1736 1253 1819 πηγνυμένων
1270 1737 1431 1820 ἑξατμισθῇ
1448 1738 1480 1799 τδ
1496 1752 1522 1794 1ο

231 1840 317 1924 ύγρδν
340 1841 372 1903 τδ
396 1841 426 1902 ἐν
450 1846 492 1925 τῷ
515 1842 700 1923 πηγνυμένῳ,
723 1842 756 1903 τὸ
776 1841 888 1924 ψυχρδν
912 1840 984 1920 μετὰ
1007 1844 1097 1903 ταῦτα
1119 1840 1264 1924 συνθλίβει
1286 1864 1317 1903 τε
1340 1838 1410 1902 αδτδ
1433 1841 1493 1903 καί·

181 1962 209 2009 15
229 1944 322 2011 οὕτως
345 1948 456 2016 πυκνοῖ,
481 1947 521 2011 ὡς
545 1944 619 2026 μηδὲ
642 1943 778 2005 διδόναι
802 1941 879 2026 μηδ’
908 1943 1000 2026 ὑγρῷ
1023 1940 1140 2005 δίοδόν
1163 1966 1233 2020 τινα,
1257 1945 1305 2006 καὶ
1328 1943 1375 2005 διά
1397 1946 1482 2005 τοῦτο

234 2043 282 2106 ὑπ’
304 2046 412 2129 ἀμφοῖν
438 2045 530 2108 ἄλυτα
552 2045 587 2108 τά
609 2046 686 2109 οῦτω
709 2045 844 2127 παγέντα.
881 2045 957 2126 λέγει
980 2045 1012 2107 δὲ
1034 2045 1081 2107 καὶ
1099 2046 1153 2108 ’τδν
1173 2047 1289 2128 σίδηρον
1306 2041 1353 2107 ὑπ’
1375 2044 1483 2127 ἀμφοῖν
1496 2059 1525 2101 ευ

230 2150 405 2230 πήγνυσθαι,
428 2154 541 2231 πρῶτον
564 2147 619 2231 γὰρ
643 2148 699 2210 ύπδ
720 2148 811 2231 πυρὸς
832 2145 953 2209 τακέντα
974 2146 1009 2228 (ἡ
1032 2146 1086 2229 γὰρ
1108 2146 1217 2228 γένεσις
1239 2145 1328 2208 αὐτοῦ
1351 2146 1399 2209 διὰ
1421 2147 1483 2209 τού·

230 2250 310 2331 του),
334 2249 407 2331 μετὰ
429 2254 519 2312 ταῦτα
542 2250 598 2312 ύπδ
621 2253 735 2333 ψυχροῦ
758 2249 935 2332 πήγνυσθαι,
959 2249 1003 2310 διὸ
1026 2249 1073 2310 καὶ
1096 2249 1152 2332 πρδ
1175 2249 1271 2330 ὀλίγου
1295 2248 1381 2311 αὐτὸν
1404 2247 1483 2311 εἶπεν

231 2351 264 2412 οῦ
288 2352 444 2434 τήκεσθαι,
473 2350 532 2413 ἀλλ’
561 2350 734 2413 ἐλαύνεσθαι
761 2351 809 2413 καὶ
833 2351 1045 2433 μαλάσσεσθαι.
1090 2348 1159 2412 οῦδὲ
1186 2350 1221 2412 τά
1244 2349 1314 2419 ξύλα
1336 2351 1368 2413 δὲ
1391 2350 1523 2434 τηκτάετ

178 2475 210 2520 20
229 2453 308 2516 εἶπεν
331 2453 413 2528 εἶναι,
436 2454 511 2515 ἀλλὰ
534 2455 659 2520 καυστά.
688 2452 758 2515 διότι
782 2453 815 2515 ἐκ
836 2457 890 2535 γῆς
913 2452 989 2514 ἐστιν
1012 2453 1060 2515 καὶ
1083 2451 1178 2535 ἀέρος,
1202 2451 1263 2515 ἀλλ’
1291 2452 1347 2537 οὐχ
1371 2453 1483 2530 ῦδατος,

230 2557 264 2620 οῦ
291 2560 410 2638 σημεῖον
438 2554 582 2638 παρέθετο
614 2558 699 2618 πσίλιν
729 2556 761 2617 τδ
788 2555 965 2639 ἐποχεῖσθαι
991 2553 1065 2618 αθτά
1092 2559 1136 2640 τῷ
1165 2554 1259 2617 ῦδατι·
1295 2557 1310 2617 ό
1339 2554 1393 2639 γὰρ
1426 2557 1483 2639 ἀὴρ

230 2664 367 2728 τοιοῦτος.
394 2657 396 2741 ψ

314 2762 428 2843 [Λείπει
451 2760 513 2823 τινὰ
541 2764 581 2829 ὡς
600 2759 779 2844 προέγραψεν
806 2764 845 2843 τῷ
869 2759 1012 2843 ἐπιδρομῇ
1036 2764 1093 2822 τῶν
1116 2759 1278 2844 εἰρημένων
1301 2761 1331 2823 ἐν
1358 2765 1396 2842 τῇ
1419 2784 1461 2824 τε·
1484 2767 1536 2825 224

230 2867 320 2948 τάρτη
344 2869 401 2926 τῶν
426 2862 693 2947 Μετεωρολογικῶν
713 2860 955 2947 Ἀριστοτέλους]

177 3125 209 3173 25
228 3105 296 3169 XV.
343 3104 425 3188 Περὶ
448 3107 508 3167 τοῦ
531 3104 640 3166 οἱονεὶ
664 3104 826 3187 ἀμεροῦς.

315 3273 360 3339 T&
382 3275 469 3337 οἱονεὶ
496 3275 591 3358 ἀμερῆ
619 3275 694 3337 ἐστιν
722 3273 809 3356 ὅμοια
832 3273 944 3355 ἀμερεῖ,
971 3272 1025 3336 οῦκ
1052 3274 1159 3357 ἀμερῆ,
1189 3273 1233 3336 ὅτι
1261 3273 1329 3357 μηδ’
1357 3275 1430 3340 ἀλλο
1457 3301 1484 3341 τι
1509 3292 1523 3334 υ

229 3377 329 3460 όμοιόν
356 3401 408 3439 τινι
431 3377 533 3460 ἐκείνιρ
561 3375 664 3439 ταύτόν
692 3376 778 3452 ἐστιν,
806 3371 831 3459 ῷ
855 3376 929 3439 ἐστιν
953 3374 1063 3458 ὅμοιον.
1109 3377 1171 3438 ἐπεὶ
1195 3375 1295 3460 όμοιον
1322 3379 1429 3463 ἀμερές
1450 3403 1482 3443 τε

229 3479 400 3563 φαινόμενον
424 3478 540 3562 ἀμερές,
564 3478 617 3541 οῦκ
639 3478 755 3562 ἀμερές,
779 3481 820 3546 ὡς
842 3479 889 3540 καὶ
913 3479 928 3540 ό
951 3476 1125 3560 φαινόμενος
1147 3481 1337 3562 συλλογισμὸς
1359 3479 1393 3541 οδ
1416 3483 1483 3543 συλ·

228 3582 373 3665 λογισμός.
412 3580 471 3644 ἀλλ’
492 3582 518 3643 εἰ
542 3582 582 3664 μὴ
606 3581 721 3664 ἀμερές,
745 3581 819 3664 μέρη
842 3583 931 3663 δῆλον
951 3579 996 3642 ότι
1018 3580 1085 3653 ἕξει,
1108 3581 1200 3648 οὕτως
1222 3582 1254 3642 δὲ
1275 3581 1358 3644 οὐδὲν
1377 3583 1483 3667 ἀμερὲς
1498 3600 1525 3642 ιο

176 3706 210 3754 30
228 3684 317 3748 ἔσται.
371 3689 428 3746 πᾶν
455 3684 508 3767 γὰρ
537 3685 569 3746 τδ
597 3683 814 3766 λαμβανόμενον
846 3685 932 3766 μέρος
961 3681 1050 3745 αὐτοῦ
1078 3683 1126 3744 καὶ
1156 3682 1228 3745 αῦτδ
1257 3685 1344 3746 οἱονεὶ
1375 3685 1482 3769 ἀμερὲς

229 3787 310 3851 ἔσται
332 3791 373 3870 τῷ
399 3787 431 3849 τδ
454 3785 527 3848 εἶναι
554 3790 597 3869 τῷ
620 3786 769 3870 λεγομένιρ
792 3786 896 3869 ἀμερεῖ
917 3785 947 3847 ἐν
970 3788 1013 3867 τῷ
1037 3785 1124 3846 οἱονεὶ
1147 3784 1253 3868 ἀμερεῖ
1273 3784 1355 3861 εἶναι,
1378 3807 1398 3846 ιι
1421 3808 1440 3847 ιι
1464 3807 1484 3846 κ

230 3890 260 3953 εί
277 3914 310 3973 γε
333 3888 380 3951 διὰ
400 3888 501 3951 τούτου
517 3888 693 3950 ἀπολύονται
709 3889 741 3950 τδ
758 3889 799 3971 μὴ
822 3887 989 3969 συγκεῖσθαι
1004 3887 1034 3955 ἐξ
1053 3887 1171 3969 ἀμερῶν
1188 3887 1219 3947 τδ
1237 3887 1368 3968 μέγεθος.
1406 3890 1433 3952 εἰ
1452 3891 1485 3953 δὲ
1499 3905 1525 3947 ιτ

228 3994 305 4075 λέγοι
327 4015 367 4060 τις
390 3991 461 4054 αὐτὸ
485 3991 572 4053 οἱονεὶ
588 3989 721 4072 μέγεθος,
744 3991 829 4052 πάλιν
852 3988 886 4052 σθ
903 3988 1026 4072 μέγεθος
1048 3986 1140 4051 ἔσται.
1175 3988 1202 4049 εἰ
1224 3990 1256 4051 δὲ
1279 3994 1335 4051 πᾶν
1359 3991 1483 4072 μέγεθος

229 4094 377 4178 μεριστόν,
404 4096 436 4156 τδ
460 4093 548 4155 οἱονεὶ
573 4091 696 4175 μέγεθος
718 4092 825 4176 ἀμερὲς
847 4088 927 4154 ἔσται
950 4096 987 4172 τῇ
1012 4091 1100 4153 αὑτοῦ
1123 4090 1218 4175 φύσει.
1264 4092 1289 4153 εἰ
1312 4089 1336 4154 δ’
1366 4093 1482 4178 ἀμερές,

175 4215 207 4264 35
226 4195 259 4258 ἐκ
281 4201 334 4279 τῆς
356 4200 414 4258 τῶν
437 4196 555 4279 ἀμερῶν
580 4193 745 4263 συνθέσεως
768 4191 849 4256 ἔσται
871 4193 907 4255 τὰ
930 4191 1052 4276 μεγέθη.
1097 4194 1123 4255 εί
1146 4195 1179 4256 δὲ
1194 4192 1270 4274 λέγει
1286 4216 1328 4262 τις
1344 4196 1377 4257 τδ
1393 4197 1480 4259 οἱονεὶ
1495 4213 1523 4255 ευ

175 4476 247 4544 ἳρτ.
266 4474 330 4544 τῶν]
350 4482 372 4527 ῶ
390 4477 419 4527 in
437 4477 477 4528 lit.
498 4480 520 4527 V
622 4482 674 4528 τῶν
693 4491 743 4527 om.
762 4494 778 4527 a
795 4477 840 4543 Sp.
941 4476 1020 4528 «λιταὶ
1038 4475 1136 4528 τούτων
1155 4479 1186 4529 τά
1201 4479 1266 4531 vict.
1370 4477 1492 4549 7θιρμῷ
1509 4498 1536 4532 τι

175 4565 217 4616 καὶ
236 4565 326 4635 ψυχρῷ
340 4578 404 4615 corr.
418 4565 445 4615 in
459 4565 549 4636 ψυχρῷ
562 4583 589 4616 τε
608 4566 650 4617 καὶ
663 4562 788 4633 θερμῷθ
873 4561 1080 4633 θλύθησεταιθ
1176 4566 1201 4617 li
1225 4565 1270 4633 μὲν
1284 4566 1364 4618 vici:
1385 4567 1420 4636 μὴ
1440 4567 1500 4619 libri

178 4650 208 4702 18
226 4648 364 4720 πηγνεσθαι
382 4654 405 4700 V
494 4652 523 4702 ‘21
546 4651 606 4721 ἀὴρ]
627 4652 659 4720 ἀη
680 4652 708 4702 in
728 4651 804 4702 lit.v
895 4650 928 4702 23
947 4655 978 4720 τῷ
999 4650 1132 4724 ἐπιδρομῇ]
1157 4652 1335 4722 ἐπιδρομὴὸμ.
1426 4649 1536 4724 θέῖλρι·

175 4736 315 4804 στοτίλοος]
336 4736 425 4807 ἀτελψς
444 4740 513 4790 Vici.
604 4739 636 4788 27
656 4736 720 4805 ἐπεὶ]
745 4737 782 4788 ἔτι
800 4737 821 4788 τί
840 4739 908 4789 coni.
928 4740 972 4805 Sp.
993 4740 1058 4790 bene
1147 4740 1235 4808 ἀμερές
1254 4738 1292 4807 τε]
1312 4740 1399 4808 ἀμερεῖ
1415 4739 1444 4791 τὸ
1468 4743 1535 4792 coni.

174 4826 217 4891 Sp.
232 4825 298 4877 beno
369 4824 402 4876 28
424 4825 533 4878 fortasse
551 4825 592 4888 (τὸ
611 4826 759 4895 φαινόμενον
773 4824 872 4893 ἀμερὲς)
892 4823 939 4877 οῦκ
1011 4826 1041 4876 31
1065 4827 1182 4879 lacunam
1203 4826 1317 4879 indicavi
1390 4827 1423 4879 33
1442 4826 1501 4879 οῦε

175 4910 207 4964 35
226 4911 300 4964 οἱονεὶ
320 4913 377 4978 Sp.:
402 4911 454 4965 οῖον
473 4912 532 4965 libri

1290 5000 1336 5064 8*
