3540 5610
202 308 265 372 1ἰο
642 309 871 368 ΑΛΕΞΑΝΔΡΟΥ
890 309 1118 368 ΑΦΡΟΔΙΣΙΕΩΣ

254 478 351 548 αὐτοῖς
374 478 438 566 ἔχει
462 483 509 545 καὶ
532 484 564 545 τὸ
588 483 665 566 παρά
688 483 772 566 φύσιν
796 487 981 568 καὶγίνεται,
1006 484 1062 547 ύπό
1085 508 1160 553 τινος
1182 485 1275 554 αἰτίας
1297 484 1409 555 ἔξωθεν
1425 483 1514 568 ἔμπο-

254 581 403 665 δισθείσης
425 589 477 667 τῆς
498 585 614 666 φύσεως
636 586 678 653 εἰς
699 586 731 647 τὸ
755 584 891 668 ἔργοντὸ
915 589 1040 671 ἑαυτῆς.
1086 590 1129 651 διδ
1160 586 1228 651 οὔτε
1255 588 1285 658 ἐξ
1313 589 1442 671 ἀνάγκης
1468 585 1516 671 ἀν·

256 685 374 766 θρωπος
396 686 426 755 ἐξ
450 687 608 770 ἀνθρώπου
632 685 692 750 ἀλλ’
716 691 756 757 ὡς
779 689 826 752 ἐπὶ
849 691 881 752 τὸ
905 693 1047 765 πλεῖστον,
1071 692 1147 754 ὥστε
1163 693 1209 753 καὶ
1230 692 1304 754 κατά
1319 692 1371 772 τὴν
1388 688 1515 774 ὡρίσθαι
1532 696 1559 741 ¹⁰

256 788 397 851 δοκοῦσαν
421 789 599 871 προθεσμίαν
623 795 681 859 τοῖς
703 791 864 873 γινομένοις
884 793 957 855 κατοὶ
980 794 1064 876 φύσιν
1088 792 1208 856 ἕκαστον
1236 799 1294 856 τῶν
1322 793 1414 861 οὕτως
1443 815 1516 872 γινο-

220 909 235 956 5
257 889 351 970 μένων
374 891 420 953 ἀεὶ
444 895 559 972 γίνεται.
604 891 686 962 όντος
709 894 741 955 δὲ
764 894 793 956 ἐν
816 900 877 963 τοῖς
899 895 1057 976 γινομένοις
1081 895 1155 957 κατά
1176 896 1261 978 φύσιν
1277 896 1326 959 καὶ
1341 893 1420 977 (τοῦ)
1436 892 1516 976 παρά

256 991 350 1073 φύσιν,
385 995 485 1078 ὥσπερ
513 995 560 1056 καὶ
589 995 618 1056 ἐν
642 999 702 1064 τοῖς
724 997 798 1058 κατὰ
821 997 937 1081 τέχνην,
960 1001 1062 1082 χώραν
1087 995 1121 1059 ἀν
1144 995 1210 1081 ἔχοι
1235 997 1283 1060 καὶ
1305 996 1336 1059 ἐν
1358 1000 1418 1064 τοῖς
1441 994 1516 1058 κατὰ

255 1095 307 1176 τὴν
331 1096 508 1179 εἱμαρμένην
531 1097 690 1178 γινομένοις
712 1099 744 1160 τὸ
768 1099 846 1181 παρὰ
875 1101 927 1182 τὶγν
954 1100 1142 1183 εἱμαρμένην,
1176 1097 1246 1162 ὥστ’
1274 1099 1300 1161 εἰ
1321 1102 1423 1182 χώραν
1447 1095 1513 1180 ἔχει
1530 1113 1555 1156 ιι

256 1197 288 1257 τδ
311 1195 388 1278 παρὰ
411 1198 496 1280 φύσιν
519 1201 566 1260 καὶ
591 1200 631 1281 μὴ
655 1201 737 1262 κενόν
761 1200 837 1264 ἐστιν
854 1199 956 1282 ὄνομα,
980 1199 1045 1285 ἔχοι
1062 1200 1096 1264 ἀν
1112 1203 1142 1265 ἐν
1158 1206 1218 1270 τοῖς
1232 1201 1393 1283 γινομένοις
1409 1202 1512 1284 χώραν

256 1299 303 1360 καὶ
326 1299 358 1360 τδ
382 1299 460 1382 παρὰ
483 1301 534 1383 τὴν
558 1300 744 1383 εἱμαρμένην.
790 1304 834 1365 διὸ
857 1304 905 1365 καὶ
928 1303 1005 1384 λέγοι
1032 1327 1074 1372 τις
1100 1302 1136 1365 ἂν
1161 1302 1290 1385 εὐλόγως
1322 1305 1375 1384 τὶην
1405 1302 1513 1365 οἰκείαν

204 1420 235 1467 10
254 1399 339 1484 φύσιν
362 1403 457 1485 ἀρχὴν
474 1403 597 1466 ἑκάστου
620 1405 667 1467 καὶ
690 1405 782 1467 αἰτίαν
797 1404 870 1467 εἰναι
884 1411 936 1487 τῆς
952 1412 1008 1467 τῶν
1023 1405 1180 1487 γινομένων
1196 1405 1226 1468 ἐν
1242 1404 1323 1488 αὐτῷ
1339 1403 1413 1468 κατά
1428 1404 1514 1487 φύσιν
1527 1419 1555 1462 ευ

255 1503 373 1573 τοὶἱεως.
423 1507 481 1568 ἀπὸ
504 1507 609 1589 ταύτης
632 1507 684 1591 γάρ
708 1511 748 1576 ὡς
771 1508 817 1570 ἐπὶ
848 1509 880 1570 τὸ
908 1511 1040 1572 πλεῖστον
1067 1509 1100 1570 οἱ
1117 1531 1148 1570 τε
1176 1508 1231 1592 βίοι
1256 1513 1315 1570 τιῖιν
1347 1506 1515 1588 ἀνθρώπων

255 1609 306 1689 τἠν
329 1607 406 1676 τάξιν
429 1609 475 1670 καὶ
498 1610 526 1671 αἱ
551 1611 747 1693 καταστροφαὶ
770 1612 974 1695 λαμβάνουσιν.
1019 1611 1135 1694 ὁρῶμεν
1150 1614 1218 1692 γοῦν
1242 1609 1286 1672 ὅτι
1309 1611 1355 1672 καὶ
1378 1610 1411 1671 τὸ
1429 1613 1516 1688 σῶμα

254 1715 296 1792 τῷ
320 1714 396 1772 τοῖον
420 1710 438 1793 ἢ
462 1716 538 1773 τοῖον
562 1710 634 1774 εῖναι
657 1713 709 1794 τὴν
732 1713 817 1796 φύσιν
841 1714 887 1775 καὶ
911 1713 941 1775 ἐν
965 1713 1059 1782 νόσοις
1084 1714 1131 1776 καὶ
1154 1712 1185 1774 ἐν
1201 1712 1324 1795 φθοραῖς
1341 1711 1514 1779 ἀκολούθως

254 1818 291 1894 τῇ
325 1819 434 1896 φυσικῇ
470 1816 608 1877 συστάσει
635 1816 750 1895 γίνεται,
783 1815 816 1878 ού
845 1816 902 1898 μὴν
930 1815 959 1883 ἐξ
987 1816 1127 1896 ἀνάγκας·
1152 1816 1247 1878 ἱκαναὶ
1274 1813 1328 1898 γάρ
1356 1814 1555 1897 ἐκκροῦσαιεσ

205 1936 233 1983 15
253 1916 304 1998 τὴν
344 1917 457 1978 τοιάνδε
488 1916 563 1984 τάξιν
596 1916 758 2000 ἐπιμέλειαί
792 1941 823 1980 τε
855 1919 903 1980 καὶ
935 1917 1029 2001 ἀέρων
1065 1917 1226 1998 ὑπαλλαγαὶ
1259 1918 1308 1979 καὶ
1347 1915 1515 1999 προστάξεις

257 2019 360 2101 ἰατρῶν
384 2021 430 2082 καὶ
455 2019 617 2103 συμβουλαὶ
641 2020 728 2083 θεῶν.
775 2021 847 2084 κατὰ
871 2021 903 2083 δὲ
926 2021 973 2082 τὸν
992 2018 1079 2082 αὐτόν
1095 2018 1200 2103 τρόπον
1216 2019 1266 2080 καὶ
1282 2019 1329 2080 ἐπὶ
1345 2023 1398 2100 τῆς
1414 2023 1515 2102 ψυχῆς

255 2122 336 2203 εύροι
358 2144 400 2189 τις
422 2121 455 2184 ἀν
479 2121 557 2205 παρὰ
579 2124 631 2204 τὴν
654 2124 780 2205 φυσικὴν
797 2122 976 2205 κατασκευὴν
994 2120 1148 2207 διαφόρους
1164 2120 1314 2202 γινομένας
1329 2120 1445 2204 ἑκάστῳ
1462 2121 1513 2187 τοὶς
1525 2135 1556 2178 συ

256 2247 286 2284 τε
309 2223 490 2306 προαιρέσεις
512 2226 559 2287 καὶ
580 2225 630 2292 τοὶς
653 2225 768 2308 πράξεις
792 2225 839 2287 καὶ
862 2225 928 2292 τούς
951 2224 1038 2308 βίους.
1084 2222 1158 2307 ἦθος
1180 2222 1234 2305 γάρ
1264 2222 1429 2306 ἀνθρώπων
1457 2223 1514 2284 δαί·

257 2350 320 2406 μων
343 2327 416 2389 κατοὶ
439 2327 487 2389 τόν
506 2325 703 2410 Ἡράκλειτον,
725 2328 855 2390 τουτέστι
877 2327 971 2411 φύσις.
1018 2329 1059 2394 ὡς
1080 2325 1128 2388 ἐπὶ
1151 2326 1184 2387 τὸ
1211 2326 1346 2388 πλεῖστον
1372 2325 1427 2408 γὰρ
1450 2327 1512 2391 ταῖς

201 2450 235 2496 20
254 2434 388 2513 φυσικαῖς
412 2435 602 2497 κατασκευαῖς
624 2452 656 2491 τε
678 2431 726 2492 καὶ
749 2429 913 2493 διαθέσεσιν
935 2431 986 2497 τάς
1009 2451 1039 2491 τε
1061 2427 1176 2511 πράξεις
1198 2428 1245 2490 καὶ
1275 2426 1342 2494 τούς
1364 2426 1443 2510 βίους
1467 2426 1514 2488 καὶ

256 2533 306 2600 τάς
329 2530 531 2615 καταστροφάς
554 2531 649 2594 αὐτῶν
678 2532 849 2601 ἀκολούθως
877 2533 946 2594 ἰδεῖν
977 2530 1046 2595 ἔστι.
1092 2536 1133 2614 τῷ
1163 2530 1215 2613 μὲν
1242 2528 1296 2611 γάρ
1324 2528 1515 2612 φιλυκινδύνιμ
1535 2533 1566 2590 18

254 2635 302 2697 καὶ
327 2636 431 2717 θρασεῖ
452 2633 536 2716 φύσει
559 2632 651 2716 βίαιός
672 2656 713 2702 τις
736 2635 783 2696 καὶ
808 2635 823 2696 ό
846 2635 970 2703 θάνατος
992 2637 1033 2703 ὡς
1055 2633 1102 2695 ἐπὶ
1125 2633 1157 2694 τὸ
1181 2634 1314 2693 πλεῖστον
1342 2631 1431 2713 (αύτη
1458 2631 1513 2713 γὰρ

256 2738 275 2818 η
299 2741 350 2819 τῆς
373 2736 490 2819 φύσεως
511 2734 697 2819 εἱμαρμένη),
720 2741 763 2819 τῷ
787 2736 819 2798 δέ
841 2759 874 2818 γε
896 2736 1051 2819 ἀκολάστῳ
1078 2735 1129 2817 τὴν
1157 2734 1241 2818 φύσιν
1268 2731 1301 2794 τό
1328 2755 1359 2795 τε
1387 2731 1417 2794 έν
1445 2734 1512 2814 ἡδο·

255 2842 316 2906 ναῖς
338 2838 481 2906 τοιαύταις
504 2841 632 2921 καταζῆν
648 2839 694 2900 καὶ
718 2839 734 2900 ό
758 2843 814 2900 τῶν
837 2838 970 2922 ἀκρατῶν
994 2839 1065 2922 βίος,
1089 2836 1123 2900 ἀν
1147 2839 1188 2920 μή
1208 2860 1236 2898 τι
1252 2837 1367 2899 καλλιον
1383 2834 1414 2897 έν
1429 2835 1512 2918 αὐτῷ
1541 2851 1556 2893 ο

202 2963 234 3010 25
254 2940 407 3023 γενόμενον
430 2941 584 3024 ἐμποδὶἱη,
607 2938 662 3024 (τῷ
688 2941 720 3002 δὲ
743 2939 918 3025 καρτερικιγῖ)
946 2939 1019 3002 κατὰ
1046 2940 1131 3023 φύσιν
1153 2940 1183 3000 αἱ
1206 2943 1263 3000 τῶν
1286 2937 1382 2999 πόνων
1406 2937 1514 3018 ὑπομο-

253 3047 298 3106 ναὶ
331 3044 379 3106 καὶ
414 3044 443 3104 αἱ
470 3042 661 3105 κακοπάθειαι
688 3043 736 3105 καὶ
763 3040 819 3126 (αἱ)
842 3042 955 3110 ἐντοῖς
983 3041 1120 3108 τοιούτοις
1146 3044 1198 3102 τοῦ
1225 3040 1287 3124 βίου
1316 3041 1513 3122 καταστροφαὶ

203 3216 605 3225 .-.---.-.---...-.

205 3317 342 3368 1ο11.καὶ
365 3313 434 3367 iufra
456 3328 559 3365 versum
580 3317 603 3363 V
714 3309 1084 3383 1.2παρεμποδισθείσηςοί
1190 3308 1506 3377 υοστε11οιιωωοοοι

201 3402 262 3462 3ἐὶ
281 3419 302 3455 s.
316 3419 340 3454 ν.
361 3406 392 3452 V:
411 3415 461 3452 om.
480 3402 506 3452 α’
615 3399 759 3458 ὡςθὶπῑὶι
788 3398 889 3451 ούκὶ11
1001 3395 1202 3462 ὥστε]όθινυί
1311 3396 1354 3448 καὶ
1373 3397 1423 3449 del.
1444 3397 1515 3449 Diels

202 3492 217 3544 5
237 3490 284 3542 ούκ
304 3490 341 3541 ἀεὶ
360 3488 493 3541 Schultess
513 3491 535 3540 0
643 3492 688 3538 τοῦ
708 3487 766 3539 add.
785 3486 905 3540 Loud.0
1015 3488 1030 3538 8
1049 3485 1139 3557 τέχνην
1158 3489 1214 3549 (τοῦ
1227 3485 1294 3555 παρὰ
1306 3485 1410 3555 τέχνην)
1429 3486 1531 3537 conio

201 3577 291 3647 ἱέχοι
310 3575 337 3627 e²
428 3574 459 3627 12
478 3574 525 3643 τὴν
544 3573 722 3643 καταστροφὴν
741 3573 780 3625 2²:
804 3574 830 3625 αὶ
849 3574 1002 3644 άναστροφαί
1021 3574 1055 3625 Β“·’
1149 3572 1220 3642 γοῦν]
1240 3570 1284 3624 οὖν
1303 3570 1331 3623 a’
1431 3571 1565 3640 δρῶμεν-

202 3664 270 3734 βὶους
288 3664 355 3728 (18)]
376 3663 434 3714 Eus.
455 3679 493 3729 ρι.
508 3678 546 3714 εν.
561 3663 604 3727 VI,
618 3662 641 3713 9.
656 3660 831 3712 sibe-270⁶
940 3661 970 3711 13
989 3667 1058 3712 τοῖον
1077 3660 1117 3711 bis
1135 3660 1228 3726 scripsi
1249 3657 1275 3711 υἱ
1296 3657 1565 3721 A1.Dean.1ss‚36=

201 3752 269 3804 τοιὸν
288 3753 329 3803 bis
351 3750 424 3800 libri:
451 3749 545 3801 τοιάνδε
569 3751 608 3802 bis
631 3749 760 3800 Eusebius
847 3747 872 3798 ἐν
892 3752 952 3798 aute
972 3746 1076 3817 φθοραῖς
1100 3761 1149 3797 om.
1171 3745 1298 3798 Eusebius
1315 3744 1344 3796 α’
1440 3748 1472 3797 14
1490 3764 1565 3798 κατα-

202 3840 284 3891 στάσει
299 3837 404 3889 Eusebii
425 3853 450 3902 μ.
465 3836 481 3886 Ι.
571 3834 666 3902 δμοίως
685 3835 724 3887 ἐπὶ
743 3837 844 3887 πάντων
863 3833 920 3886 obse
938 3834 964 3894 ἐξ
984 3835 1095 3901 ἀνάγκης
1109 3833 1236 3884 Eusebius
1327 3832 1359 3884 15
1382 3831 1505 3890 πολλάκις
1519 3834 1564 3902 τἠν

201 3942 331 3994 Eusebius
439 3938 536 3991 τοιάνδε
555 3940 595 3991 a¹:
619 3930 715 3992 τοιάνδε
734 3940 772 3990 sis
790 3942 821 3988 V:
850 3939 919 3990 τοιάν
937 3936 963 3987 δὲ
982 3936 1078 3988 Lond.:
1106 3934 1226 4005 τοιαύτην
1245 3937 1351 3989 Eusebii
1370 3953 1396 4004 p.
1415 3936 1432 3987 l.
1451 3936 1478 3988 κ’

201 4026 282 4094 τάξιν]
307 4025 356 4085 ἕξιν
377 4026 504 4078 Eusebius
603 4044 630 4079 τε
650 4042 698 4077 oin.
720 4025 847 4076 Eusebius
944 4024 1038 4094 ἀέρων]
1058 4022 1120 4092 βίων
1140 4024 1268 4077 Eusebius
1366 4023 1398 4075 16
1417 4022 1565 4092 συμβουλία

203 4115 331 4165 Eusebius
423 4112 635 4182 κατὰ-τρόπον]
656 4112 737 4170 ούτως
757 4112 863 4163 Eusebii
883 4127 907 4178 p.
923 4111 938 4161 l.
1031 4110 1061 4161 17
1090 4110 1197 4163 κατάΟ
1292 4111 1435 4178 γινομένας]
1463 4111 1489 4162 ἐν
1515 4111 1563 4162 Eu·

202 4201 289 4252 sebius
396 4200 433 4250 17.
457 4198 487 4250 18
514 4200 558 4256 τάς
585 4217 611 4250 τε
639 4214 688 4250 oui.
712 4199 840 4250 Eusebius
968 4196 997 4248 18
1025 4197 1071 4253 τὰς
1095 4212 1144 4248 om.
1171 4197 1298 4250 Eusebius
1431 4198 1490 4254 τούς
1515 4213 1563 4248 om.

203 4286 331 4337 Eusebius
440 4285 507 4352 βίους
525 4285 550 4345 ἐξ
573 4286 704 4354 ἀσκήσεως
729 4286 772 4336 καὶ
795 4284 844 4336 ἀπὸ
863 4282 1024 4352 μαθημάτων
1048 4285 1091 4335 καὶ
1115 4283 1164 4336 ἀπὸ
1183 4283 1265 4352 λόγων
1284 4285 1435 4354 κρειττόνων
1455 4283 1563 4353 βελτιου·

202 4373 285 4440 μένων
305 4373 433 4424 Eusebius
540 4370 668 4442 ἀνθρώπῳ
688 4373 769 4423 Lond.
791 4376 812 4424 Ο
921 4371 950 4421 :u
974 4369 1129 4428 ἀκολούθους
1149 4370 1231 4423 Lond.
1251 4373 1351 4425 Caso
1454 4370 1563 4440 φιλοκιν·

202 4460 301 4531 δύνηιι1
393 4459 426 4510 ‘22
445 4459 474 4511 τὸ
494 4461 584 4513 οιυ.υ“”
675 4459 708 4510 ’28
727 4478 753 4525 γε
773 4474 821 4509 οιο.
842 4458 962 4511 Loud.0
1053 4456 1086 4508 24
1105 4462 1218 4526 καταγήν
1237 4458 1264 4508 εἰ
1354 4458 1383 4510 ἂν
1402 4459 1451 4528 μη]
1469 4454 1523 4509 ἀλλ’
1543 4457 1565 4510 εί

203 4548 253 4602 a²O
344 4550 412 4615 αυτῷ
435 4551 456 4598 V
553 4547 586 4598 ‘25
614 4546 744 4614 γενόμενον
768 4544 887 4612 ἐμποδίξη
914 4544 1006 4610 scripsi
1031 4544 1088 4595 coli.
1113 4544 1143 4596 de
1166 4560 1209 4596 an.
1231 4544 1340 4607 185,16:
1365 4546 1501 4614 γενόμενον
1523 4545 1563 4596 ἰκ·

202 4635 270 4704 σείση
295 4638 340 4702 τῆς
364 4632 521 4696 <ἀκολασίας>
541 4633 623 4684 Diels:
649 4633 780 4702 γενόμενος
804 4631 944 4698 ἐκπιυητησ
967 4632 1004 4682 sie
1024 4634 1054 4682 V:
1082 4629 1215 4698 γενόμενος
1238 4632 1266 4683 ἐκ
1290 4633 1349 4703 πίση
1371 4637 1417 4700 της
1435 4633 1474 4683 ³¹:
1498 4631 1562 4699 γενά-

203 4739 276 4788 μινος
295 4721 387 4789 ἐκπέση
407 4726 452 4788 τῆς
471 4725 507 4771 11:
531 4720 664 4788 γενόμενον
684 4720 763 4791 ἐκστγ]
782 4722 828 4786 τῆς
848 4721 870 4768 H
890 4735 927 4784 γρ,
949 4717 1042 4769 ESKu'J
1069 4717 1124 4780 (sed
1143 4717 1285 4786 γενώμενον
1303 4720 1341 4783 αἰ)
1360 4719 1443 4771 Lond.
1463 4717 1561 4771 (ΜΟ

202 4809 257 4873 (sed
277 4813 322 4859 τοῦ
342 4823 387 4875 pro
407 4812 452 4876 της
471 4807 529 4859 Ces.
550 4809 583 4863 Ο)
671 4805 710 4873 τῷ
727 4805 752 4856 δὲ
772 4804 916 4876 καρτερικῷ
934 4804 1023 4856 audiui
1043 4805 1100 4856 coil.
1121 4805 1152 4856 ύο
1172 4821 1213 4856 an.
1236 4805 1333 4871 185,θθ
1353 4806 1486 4870 (similiter
1499 4810 1521 4859 Ο
1535 4807 1562 4857 iu

203 4896 275 4958 adn.)
364 4894 397 4946 26
417 4894 442 4946 αἱ
460 4893 486 4945 ἐν
504 4901 556 4951 τοῖς
568 4895 623 4945 ES:
643 4891 668 4942 ἐν
687 4898 737 4949 τοῖς
757 4892 817 4945 οέῡι
837 4909 881 4959 μεν
900 4906 954 4942 τοισ
969 4893 1010 4941 V':
1031 4909 1077 4958 μεν
1095 4909 1118 4943 τι
1136 4898 1189 4948 τοῖς
1203 4892 1247 4944 V'·':
1266 4893 1351 4961 μίντοι
1369 4898 1422 4950 τοῖς
1441 4893 1492 4945 ΗιιΙ
