3540 5610
210 309 270 374 186
648 305 875 364 ΑΛΕΞΑΝΔΡΟΥ
894 305 1117 364 ΑΦΡΟΔΙΣΙΕΩΣ

262 480 358 549 ἄλλως
381 480 430 566 όφ’
457 484 542 566 ημῶν
565 482 722 565 γινομένων
744 483 791 546 ἐπὶ
814 485 987 567 περιεστῶσι
1009 487 1068 551 τοῖς
1090 482 1189 553 ἄλλοις
1217 483 1308 568 άλλην
1331 483 1394 546 τινὰ
1415 484 1506 547 αἰτίαν

262 585 434 668 ἀπαιτητέον
457 583 524 669 παρ’
552 583 638 648 αὐτὸν
661 585 709 647 τόν
731 584 896 670 ἄνθρωπον.
941 590 1025 648 τοῦτο
1058 585 1112 669 γὰρ
1136 585 1171 669 ἦν
1194 587 1227 648 τὸ
1251 586 1400 670 ἀνθρώπῳ
1422 585 1507 659 εἰναι,

261 687 294 749 τδ
316 687 370 771 γὰρ
393 688 472 772 ἀρχὴ
506 688 554 751 καί
576 687 653 751 αἰτία
674 687 747 752 εἰναι
780 694 837 751 τῶν
860 686 896 752 δι’
924 689 1014 752 αὐτοῦ
1041 687 1198 771 γινομένων
1232 687 1373 772 πράξεων.
1418 689 1451 750 τδ
1474 689 1506 751 δὲ
1533 706 1548 747 ε

261 789 352 872 λέγειν
385 791 433 853 καί
455 791 522 860 τούς
544 791 794 874 βουλευσαμένους
814 797 857 875 τῷ
886 790 1050 874 φαινομένῳ
1084 790 1352 873 συγκατατίθεσθαι,
1387 791 1436 854 καὶ
1459 790 1506 853 διά

154 959 156 962 ,
225 894 344 959 ετοῶτο
376 893 424 956 καὶ
447 898 483 976 τῇ
506 893 650 978 φαντασία
682 890 871 977 ὁμοίωςζτοῖς
905 892 1003 962 ἀλλοις
1025 890 1111 977 ζώοις
1137 893 1270 972 έπεσθαι,
1304 892 1357 957 οὐκ
1384 892 1504 976 ἀληθές.

181 1016 184 1022 ·
261 994 294 1058 ού
316 996 370 1078 γάρ
392 996 533 1077 φαντασία
554 997 587 1058 τδ
610 997 780 1079 φαινόμενον
804 999 870 1058 πᾶν.
915 996 934 1079 ἡ
969 996 1021 1079 μὲν
1054 996 1107 1079 γὰρ
1136 996 1279 1079 φαντασία
1302 996 1381 1078 ἁπλῆ
1403 1018 1436 1057 τε
1459 995 1507 1058 καί
1522 1009 1550 1052 1ο

261 1099 351 1183 χωρὶς
373 1097 462 1180 λόγου
485 1097 541 1159 ὑπὸ
564 1102 621 1160 τῶν
645 1096 753 1168 ἔξωθεν
776 1096 1012 1181 προσπιπτόντων
1033 1099 1148 1180 γίνεται,
1181 1099 1293 1162 ἐοικυῖα
1320 1102 1382 1167 ταῖς
1403 1097 1506 1181 αἰσθη·

260 1205 352 1270 τικαῖς
373 1201 537 1285 ἐνεργείαις,
571 1201 616 1263 διὸ
639 1201 687 1263 καὶ
709 1202 761 1284 τὴν
786 1201 870 1285 ἰσχύν
893 1201 923 1264 ἐν
946 1206 1005 1271 τοῖς
1027 1201 1142 1284 ἀλόγοις
1175 1199 1262 1285 ζώοις
1284 1198 1347 1286 ἔχει
1371 1201 1508 1283 μαλιστα,

260 1303 390 1387 φαίνεται
425 1303 456 1367 δέ
479 1290 611 1366 τινακαὶ
633 1303 680 1366 διά
713 1303 799 1385 λόγου
822 1326 854 1367 τε
876 1304 924 1366 καὶ
946 1304 1025 1388 παρά
1046 1307 1239 1385 συλλογισμοῦ
1260 1304 1312 1387 τὴν
1339 1304 1432 1367 αἰτίαν
1456 1306 1507 1365 τοῦ

211 1426 241 1472 10
259 1405 413 1488 φαίνεσθαι
435 1407 627 1491 λαμβάνοντα,
660 1405 798 1470 ἀούκέτ’
826 1405 861 1469 ἀν
883 1401 924 1475 τις
946 1407 1104 1490 φαντασίας
1136 1406 1223 1489 λέγοι.
1269 1405 1362 1490 ύγάρ
1389 1406 1437 1468 διὰ
1459 1407 1508 1468 τὸν
1523 1421 1549 1464 ιν

260 1509 405 1591 γινόμενον
428 1508 495 1594 παρ’
523 1508 619 1576 αύτοῖς
642 1508 672 1570 ἐν
694 1515 735 1592 τῷ
760 1509 952 1594 βουλεύεσθαι
976 1509 1163 1590 συλλογισμὸν
1180 1506 1432 1592 συγκαταθέμενός
1454 1530 1506 1570 τινι

260 1613 346 1680 αὐτὸς
367 1611 447 1696 αύτῷ
472 1617 524 1696 τῆς
547 1611 787 1693 συγκαταθέσεως
809 1611 908 1680 αίτιος.

339 1712 416 1778 Ἀλλ’
445 1713 488 1776 ότι
511 1715 562 1795 μὲν
585 1713 652 1778 οὔτε
672 1717 800 1787 σώζουσι
822 1716 854 1777 τό
877 1712 924 1799 ἐφ’
951 1715 1021 1797 ἡμῖν
1043 1715 1070 1778 οί
1093 1714 1223 1796 λέγοντες
1257 1716 1350 1777 πάντα
1373 1713 1441 1778 καθ’
1467 1715 1548 1776 τίει
1568 1722 1631 1775 xvl

260 1816 409 1902 μαρμένην
430 1816 584 1902 (γίνεσθαι)
616 1817 666 1900 (ού
688 1818 741 1901 γὰρ
764 1818 829 1901 περὶ
852 1816 886 1880 ού
910 1821 1072 1900 ζητοῦμεν,
1095 1817 1121 1879 εἰ
1144 1819 1267 1889 σώζεται
1300 1813 1362 1880 κατ’
1390 1817 1506 1892 αύτούς,

211 1940 240 1987 15
260 1924 343 1983 τοῦτο
367 1923 501 1996 σώζεται,
523 1921 557 1983 οἵ
566 1944 598 2003 γε
614 1923 660 1984 καί
683 1922 775 1984 αἰτίαν
798 1921 965 1984 ἀποδιδόναι
989 1923 1142 2004 πειρῶνται
1164 1924 1215 1983 τοῦ
1238 1921 1313 2003 μηδὲ
1335 1922 1387 2004 τὴν
1410 1921 1507 2005 ἀρχὴν

259 2025 378 2089 δυνατδν
400 2022 472 2087 εἶναι
494 2024 527 2086 τό
550 2026 694 2109 πρᾶγμα),
727 2024 796 2088 οὐδὲ
818 2023 853 2108 ἣν
881 2020 1064 2086 ἀποδιδόασιν
1097 2019 1189 2084 αἰτίαν
1212 2020 1259 2084 ἐπ’
1287 2022 1433 2107 ἀναιρέσει
1454 2028 1508 2106 τῆς

260 2128 394 2210 τοιαύτης
426 2126 564 2205 ἐξουσίας,
599 2127 724 2211 ἀληθής,
758 2129 799 2211 μὴ
834 2123 945 2211 ἔχουσά
978 2148 1004 2187 τι
1026 2123 1154 2206 εὔλογον,
1188 2124 1221 2187 ἐκ
1254 2129 1312 2187 τῶν
1345 2126 1508 2210 εἰρημένων
1522 2143 1548 2185 ιι

259 2233 413 2314 γνώριμον.
457 2229 532 2292 ἀλλά
566 2231 623 2314 μὴν
655 2235 716 2300 τοῖς
736 2231 900 2312 ἀναιροῦσιν
929 2229 961 2290 τδ
983 2226 1057 2290 είναί
1078 2251 1104 2289 τι
1126 2227 1218 2295 ούτως
1240 2225 1287 2310 ἐφ’
1315 2229 1385 2311 ἡμῖν
1408 2227 1508 2291 ἕπεται

256 2332 289 2394 τδ
313 2335 430 2416 συγχεῖν
453 2354 488 2394 τε
506 2333 554 2394 καί
577 2332 754 2416 ἀνατρέπειν,
789 2331 856 2395 ύσον
879 2328 924 2393 ἐπ’
952 2329 1060 2406 αὐτοῖς,
1094 2330 1142 2392 τδν
1164 2333 1222 2391 τῶν
1246 2330 1410 2414 ἀνθρώπων
1434 2331 1505 2414 βίον.

207 2455 240 2502 20
258 2435 284 2497 εί
305 2437 369 2518 γάρ,
393 2434 522 2519 ἐχόντων
546 2435 597 2515 μὲν
620 2436 712 2504 οὕτως
734 2440 792 2497 τῶν
814 2434 990 2517 πραγμάτων
1013 2436 1054 2501 ῶς
1076 2431 1139 2517 ἔχει
1160 2431 1245 2514 (οόδὲ
1260 2432 1314 2516 γὰρ
1331 2431 1428 2495 αύτῶν
1443 2456 1508 2495 τινα

258 2542 356 2600 πεῖσαι
379 2538 498 2600 δυνατόν
521 2537 562 2620 μὴ
584 2538 728 2621 πράττειν,
761 2536 780 2598 ἃ
815 2538 986 2619 πράττουσιν
1014 2539 1054 2604 ῶς
1077 2534 1194 2621 ἔχοντες
1226 2539 1277 2598 τού
1301 2537 1349 2598 καί
1372 2537 1506 2619 πράττειν
1520 2552 1548 2594 ιο

259 2640 334 2703 αύτά
355 2643 402 2704 καί
426 2640 467 2723 μη
490 2641 622 2722 πράττειν
642 2641 694 2723 τἠν
717 2639 856 2714 ἐξουσίαν,
874 2637 878 2722 Ι
897 2641 937 2722 μή
960 2663 986 2701 τι
1007 2663 1040 2721 γε
1062 2642 1119 2701 τῶν
1143 2638 1239 2700 ἀλλων
1261 2640 1337 2701 τινά·
1362 2639 1504 2722 τοσαύτην
1523 2647 1558 2702 58

260 2743 344 2827 ίσχδν
377 2741 440 2827 ἔχει
472 2743 599 2825 τάληθὲς
620 2743 668 2806 καὶ
695 2744 747 2826 τὴν
774 2743 852 2826 παρὰ
873 2749 930 2805 τῶν
958 2741 1114 2825 γινομένων
1145 2740 1301 2825 μαρτυρίαν
1324 2741 1455 2825 ἐναργῆ),
1479 2743 1507 2804 εἰ

259 2845 294 2926 δὴ
318 2847 426 2908 τούτων
449 2847 541 2914 ούτως
562 2846 691 2931 ἐχόντων
714 2845 798 2930 ἰσχύν
821 2845 917 2908 αὐτῶν
940 2847 959 2928 ἡ
982 2844 1050 2914 δόξα
1083 2843 1224 2927 τοσαύτην
1253 2844 1347 2928 λάβοι,
1374 2847 1415 2912 ώς
1438 2846 1506 2906 πάν-

206 2968 238 3017 25
257 2972 308 3016 τας
330 2949 501 3031 ἀνθρώπους
523 2952 683 3024 πιστεύσαι,
717 2946 760 3010 ότι
783 2949 868 3031 ἡμεῖς
890 2948 942 3030 μὲν
964 2946 1080 3015 ούδενδς
1102 2947 1203 3029 κύριοι,
1237 2946 1370 3029 ἑπόμεθα
1383 2948 1425 3026 νδὲ
1447 2951 1508 3016 τοῖς
1533 2965 1547 3005 ν

258 3056 446 3135 περιεστῶσιν
468 3051 522 3127 ἀεί,
556 3053 667 3119 τούτοις
689 3050 846 3119 ἐνδιδόντες
867 3073 898 3113 τε
921 3051 969 3113 καὶ
992 3048 1274 3131 συγκατατιθέμενοι,
1308 3051 1356 3112 καί
1384 3051 1507 3132 πράττο·

259 3154 310 3235 μέν
333 3177 364 3217 τε
385 3154 405 3217 ἃ
428 3156 588 3237 πράττομεν
611 3159 653 3239 τῷ
679 3156 793 3222 πάντως
827 3153 951 3236 όφειλειν
985 3156 1074 3213 ταῦτα
1107 3153 1240 3236 πράττειν
1275 3152 1333 3235 (μὴ
1355 3152 1410 3235 γάρ
1433 3151 1505 3215 εἶναι

259 3258 377 3319 δυνατδν
400 3258 469 3339 ἡμῖν
493 3255 582 3319 ὄντων
605 3261 662 3320 τῶν
685 3259 885 3340 περιεστώτων
900 3254 1037 3317 τοιούτων
1059 3253 1131 3317 ἀλλο
1154 3278 1181 3316 τι
1196 3255 1312 3337 ποιεῖν),
1336 3254 1370 3317 ού
1385 3257 1506 3338 πράττο-

259 3360 311 3440 μέν
333 3383 364 3422 τε
386 3360 470 3421 πάλιν
493 3359 601 3442 ὁμοίως
624 3359 670 3422 διὰ
693 3361 725 3422 τό
749 3360 789 3442 μὴ
813 3357 952 3421 δύνασθαι
974 3357 1144 3442 ἀντιβαίνειν
1167 3361 1225 3426 τοῖς
1248 3361 1436 3442 περιεστῶσιν
1459 3354 1505 3420 ού
1519 3374 1547 3416 ιο

205 3482 239 3529 30
258 3482 300 3525 σιν
323 3462 471 3535 τοιούτοις,
504 3463 533 3523 τί
553 3461 624 3525 ἀλλο
648 3487 667 3545 η
689 3463 879 3546 συμβήσεται,
914 3461 1022 3527 πάντας
1050 3461 1225 3543 ἀνθρώπους
1247 3460 1295 3523 διὰ
1317 3461 1369 3541 τὴν
1392 3460 1506 3522 τοιάνδε

257 3567 349 3630 πίστιν
373 3564 408 3627 τά
442 3565 493 3646 μὲν
526 3563 582 3627 όσα
616 3565 688 3648 μετὰ
711 3564 799 3626 πόνου
821 3565 896 3632 τινδς
918 3564 967 3627 καὶ
988 3564 1137 3647 φροντιθος
1159 3565 1273 3646 γίνεται,
1307 3562 1417 3631 τούτοις
1452 3562 1505 3642 μὲν

206 3833 216 3884 l
238 3828 279 3900 ὑφ’
294 3831 367 3900 ημῶν
387 3829 454 3897 quod
474 3830 612 3896 scripserat
630 3835 689 3896 post
707 3832 759 3879 τῶν
772 3826 891 3893 (185,31)
904 3826 1066 3893 transposuit
1083 3829 1143 3893 post
1161 3824 1244 3882 ἄλλως
1256 3827 1304 3876 V¹:
1324 3821 1365 3894 ὑφ’
1379 3825 1454 3894 ημῶν
1474 3819 1558 3876 ἄλλοτ’

203 3918 287 3976 ἄλλως
306 3917 344 3968 :2¹²
450 3915 544 3984 ἄλλοις]
565 3916 674 3968 fortasse
691 3914 799 3971 αὐτοῖς
905 3911 1074 3982 θᾶνθρωπον
1092 3914 1195 3965 εἰναιΟ
1301 3911 1382 3981 3γάρ
1404 3912 1453 3964 dol.
1474 3915 1498 3965 0

204 4008 220 4057 5
242 4010 274 4075 τῇ
298 4005 420 4076 φαντασίᾳ
443 4005 584 4057 Schwartz:
611 4005 657 4073 τὴν
681 4004 817 4072 φαντασίαν
839 4003 896 4055 libri
1009 4003 1093 4053 όπᾶν
1111 4000 1140 4052 τὸ
1159 4000 1308 4070 φαινόμενον
1332 3999 1455 4068 φαντασία
1475 4001 1523 4053 ΗΟ

203 4092 288 4161 ἁπλῆ]
312 4093 421 4145 fortasse
449 4092 553 4150 ἁπλῶς
689 4091 703 4141 9
728 4089 903 4159 συλλογισμοῦ]
927 4091 1035 4143 alterum
1054 4106 1069 4141 σ
1086 4106 1164 4156 συρτει
1187 4104 1252 4140 νοτε,
1272 4093 1295 4137 V
1314 4087 1559 4159 (παρασυλλογισμοῖι

202 4179 251 4242 ιιῙῚ)
351 4197 395 4231 του
414 4184 437 4230 V
543 4180 568 4230 11
596 4178 679 4235 αύτοις
698 4182 730 4228 V:
758 4176 828 4246 αύτῷ
847 4176 928 4228 Lond.
952 4179 973 4230 0
1085 4177 1114 4226 14
1139 4172 1249 4242 γίνεσθαι
1272 4175 1374 4228 adio
1482 4173 1559 4234 σώζε-

203 4285 242 4318 ται
255 4267 293 4317 11¹¹:
313 4265 435 4326 σώζεσθαι
445 4268 496 4317 Va¹
591 4267 620 4318 15
640 4265 688 4334 είγε
703 4271 737 4317 E:
758 4265 867 4317 fortasse
885 4263 931 4321 οίς
950 4282 980 4332 γε
1073 4265 1102 4314 16
1122 4263 1248 4315 ούττΟοε.
1337 4259 1525 4314 ἀποδόασιναῐί

202 4370 355 4440 ἐπαναιρέσει
375 4375 398 4421 V
491 4371 520 4420 19
539 4376 638 4442 συγχεῖν
651 4370 701 4421 ³¹²:
725 4356 836 4442 συνιχείν
856 4370 893 4420 sic
914 4372 944 4418 V:
964 4375 1091 4439 συνεγχεῑν
1111 4371 1147 4417 H:
1167 4373 1252 4437 τυχεῖν
1272 4370 1308 4417 K:
1332 4367 1443 4436 συνέχειν
1464 4369 1506 4418 Es

201 4458 245 4510 τὸν
264 4463 352 4511 om.O
442 4457 476 4509 20
494 4456 526 4525 εἰ]
546 4460 630 4510 mio
741 4457 817 4510 αύτόν
837 4458 876 4508 a¹²
992 4457 1021 4507 21
1052 4456 1153 4528 ἔχοντες
1176 4455 1281 4522 scripsi:
1310 4453 1401 4522 ἔχοντα
1420 4452 1503 4504 Lond.
1523 4455 1559 4505 0:

202 4546 306 4615 ἔχοντας
325 4547 383 4598 libri
484 4544 517 4595 22
537 4544 572 4612 μή
591 4546 626 4609 τι]
645 4545 751 4613 μητεΟ
859 4543 892 4594 24
912 4542 937 4594 δέ
957 4543 1037 4594 Lond.
1058 4545 1080 4593 Ο
1183 4541 1255 4611 ἰσχην
1274 4539 1302 4590 ιι2
1401 4540 1430 4608 ἡ]
1448 4558 1466 4607 η
1485 4538 1526 4589 2¹²

202 4650 261 4712 δόξα
279 4650 314 4703 13²
332 4651 413 4702 Lond.
433 4655 468 4703 0:
488 4637 560 4709 δόξαν
584 4650 622 4700 sic
643 4653 673 4698 V:
697 4647 769 4708 δόξαν
788 4648 828 4700 ³¹²
923 4646 1007 4715 λαβεῖν
1029 4649 1065 4696 H:
1092 4644 1221 4714 λαβόντων
1240 4644 1268 4696 εἰ
1356 4643 1389 4694 27
1413 4645 1451 4712 τῷ
1469 4642 1558 4696 B²a¹²z

201 4741 274 4791 τὰν
366 4741 485 4799 ,πάντωσ
503 4737 596 4806 οφίλιιν
615 4738 652 4787 sic
671 4741 694 4787 V
814 4741 893 4787 ταῦτα
915 4735 967 4785 8¹⁹:
995 4752 1074 4802 ταυτη
1098 4734 1188 4801 (supra
1210 4751 1241 4803 ηε
1269 4751 1301 4801 ην
1324 4748 1347 4782 ν.
1366 4731 1400 4796 c.)
1420 4735 1452 4782 V:
1481 4735 1559 4783 ταῦτα

202 4843 265 4878 corr.
288 4842 319 4877 ex
343 4824 422 4896 ταύτη
442 4831 476 4878 B:
504 4824 597 4893 ταύτην
616 4828 652 4874 E:
680 4827 796 4878 τούτοΟ
905 4822 937 4873 29
965 4840 992 4873 τε
1013 4823 1071 4873 Va¹:
1100 4819 1125 4872 δὲ
1149 4819 1177 4871 εἰ
1283 4819 1318 4872 30
1343 4817 1384 4889 [ἢ]
1407 4818 1558 4890 συμβήσεται

201 4913 239 4984 (ἢ)
258 4916 326 4967 coni.
346 4917 368 4969 0
477 4916 570 4970 πάντας
591 4915 652 4963 HE:
678 4913 772 4964 πάνταν
792 4915 824 4961 V:
844 4909 873 4962 ἀν
892 4912 984 4967 πάντας
1003 4908 1042 4959 11¹²
