3540 5610
588 311 729 370 ΒΙΒΛΙΟΝ
747 310 1044 381 Assn·EP0N1-3‚1
1452 313 1490 376 47

190 488 342 573 βεβηκὸς
357 489 465 572 αὑτὴν
480 492 583 563 κινεῖ,
606 487 675 551 ἀλλ’
696 486 789 551 ἔστιν
812 490 831 571 ἡ
852 490 987 572 κίνησις
1003 493 1062 571 τῆς
1085 488 1207 556 οὐσίας
1228 487 1335 570 αὐτῆς
1359 482 1434 548 καθ’

189 591 323 672 αὑτήν.’

270 692 306 758 Ἡ
327 693 420 779 ψυχή,
434 683 544 777 Ιφησίν,
573 693 599 755 εί
626 696 699 755 κινεῖ
723 694 823 776 αὑτήν,
854 692 918 776 ἤτοι
944 692 1006 757 κατ’
1035 693 1106 755 ἄλλο
1130 692 1181 776 μέν
1204 716 1230 754 τι
1256 698 1336 770 κινεῖ,
1366 687 1431 754 κατ’
1451 706 1477 749 ιο

189 795 262 859 ἄλλο
285 796 317 861 ὸέ
340 821 367 873 τι
382 800 511 871 κινεῖται,
534 796 581 857 καὶ
605 795 696 864 ούτιυς
719 794 801 859 ἔσται
822 795 1017 880 αῦτυκίνητος,
1040 797 1117 859 ὥστε
1139 798 1187 858 καί
1209 797 1241 858 τὸ
1259 799 1335 878 ζῷον
1358 792 1440 856 αῦτο·

145 917 165 966 5
189 897 307 982 κίνητύν
327 921 433 983 φαμεν.
466 904 509 982 τῷ
525 897 578 980 γὰρ
602 898 634 960 τὸ
658 898 709 980 μὲν
732 898 821 961 αὐτοῦ
844 905 931 961 κινεῖν
954 901 986 961 τὸ
1010 899 1041 962 δὲ
1057 899 1199 961 κινεῖσθαι
1221 899 1253 960 τὸ
1269 897 1335 960 ὅλον
1358 897 1440 960 αῦτο·

188 1000 314 1084 κίνητον.
359 1005 433 1064 κινεῖ
459 1000 586 1083 μὲνγὰρ
613 1001 645 1062 τὸ
672 999 702 1062 ἐν
729 1000 809 1085 αύτῷ
832 1003 850 1084 ἡ
878 1001 977 1085 ψυχή,
1006 1005 1124 1064 κινεῖται
1151 1000 1237 1064 δὲτὸ
1260 1005 1362 1081 σῶμα,
1390 1001 1480 1061 καὶκο

190 1102 258 1166 οὔτε
280 1105 300 1186 ἡ
324 1104 405 1187 ψυχὴ
427 1101 500 1166 διότι
522 1106 598 1165 κινεῖ
621 1107 755 1179 κινεῖται,
786 1103 853 1167 οὔτε
875 1104 906 1165 τὸ
934 1109 1034 1185 σῶμα·
1062 1109 1180 1166 κινεῖται
1201 1105 1265 1186 γάρ.
1310 1104 1357 1164 καὶ
1380 1107 1438 1165 τῶν

189 1211 245 1288 τῆς
266 1211 365 1291 ψυχῆς
386 1207 552 1288 δυνάμεων,
575 1207 601 1268 εἰ
623 1206 716 1275 οῦτιυς
737 1205 783 1288 εἴη
805 1206 975 1290 κινουμένη,
998 1209 1016 1289 η
1041 1206 1092 1287 μέν
1115 1205 1200 1289 (ἐστι)
1223 1209 1340 1268 κινοῦσα
1363 1207 1381 1287 ἡ
1404 1205 1436 1267 δὲ

188 1308 355 1392 κινουμένη,
378 1307 444 1372 ούτε
466 1314 519 1392 τῆς
542 1305 546 1392 Ι
571 1309 705 1390 κινούσης
728 1309 803 1372 καθὸ
825 1314 897 1371 κινεῖ
912 1309 1092 1391 κινουμένης,
1115 1306 1181 1370 οὔτε
1201 1313 1253 1389 τῆς
1268 1307 1436 1389 κινουμένης
1456 1315 1490 1370 87

126 1430 167 1476 10
186 1411 265 1473 καθὸ
291 1417 409 1474 κινεῖται
436 1412 578 1495 κινούσης.
622 1409 703 1474 ἔσται
725 1409 774 1473 οῦν
803 1412 898 1480 οῦτιυς
921 1413 953 1474 τὸ
976 1417 1089 1495 πρῶτον
1116 1414 1211 1474 κινοῦν
1234 1411 1367 1493 ἀκίνητον
1391 1412 1437 1472 καὶ

187 1513 239 1576 ἐπὶ
260 1519 312 1596 τῆς
334 1519 441 1599 ψυχῆς.
486 1516 511 1577 εἰ
532 1514 586 1598 γὰρ
609 1517 693 1576 πάλιν
722 1515 740 1597 ἠ
764 1517 885 1577 κινοῦσα
912 1516 1030 1595 δύναμις
1055 1514 1196 1576 κινεῖσθαι
1217 1512 1342 1594 λέγοιτο,
1375 1511 1436 1594 ἤτοι
1464 1530 1478 1571 ο

187 1614 240 1700 ὑφ’
268 1617 357 1699 αὑτῆς
387 1618 406 1699 ἢ
436 1615 484 1679 ὑπ’
511 1617 602 1702 ἄλλης
632 1615 713 1681 ἔσται
740 1617 902 1699 κινουμένη.
957 1617 983 1679 εἰ
1012 1618 1063 1699 μὲν
1092 1613 1140 1678 οῦν
1174 1614 1221 1676 ὑπ’
1249 1614 1352 1697 άλλης,
1385 1612 1430 1678 ἐπ’

188 1717 306 1802 άπειρον
322 1719 527 1801 προελεύσεται
549 1719 568 1803 ἦ
592 1717 671 1783 ἔσται
694 1742 721 1781 τι
740 1724 853 1802 πρῶτον
877 1721 971 1780 κινοῦν
995 1720 1047 1799 μὲν
1064 1719 1196 1801 ἀκίνητον
1220 1716 1260 1795 ὸέ,
1285 1718 1310 1779 εἰ
1333 1717 1358 1780 δ’
1380 1715 1428 1802 ὑφ’

188 1822 294 1905 αὑτῆς,
321 1821 368 1903 εἴη
397 1820 430 1884 ἂν
453 1823 544 1890 οὕτως
572 1821 770 1904 αὐτοκίνητος,
799 1824 839 1888 ὡς
861 1820 937 1883 καθὸ
959 1825 1040 1882 κινεῖ.
1085 1820 1202 1903 ἄμεινον
1229 1822 1322 1883 τοίνυν
1345 1821 1434 1904 αὐτὴν

129 1944 167 1993 15
185 1925 239 2008 τὴν
261 1925 360 2009 ψυχὴν
382 1925 458 1987 οῦτοι
485 1923 576 2006 λέγειν
604 1923 798 2008 αὐτοκίνητον.
844 1919 902 1984 ἀλλ’
931 1922 956 1984 εί
984 1947 1001 2004 η
1025 1924 1108 2007 ψυχὴ
1135 1923 1227 1991 οὕτως
1249 1924 1476 2005 αῦτοκίνητοςιο

187 2027 310 2109 λέγοιτο,
333 2030 374 2096 ιλις
395 2027 471 2089 καθὸ
494 2031 568 2089 κινεῖ
587 2026 661 2090 κατὰ
684 2030 767 2089 τοῦτο
791 2027 942 2098 κινεῖσθαι,
964 2025 990 2087 εἰ
1013 2027 1089 2088 καθὸ
1112 2027 1196 2111 ψυχὴ
1219 2029 1300 2100 κινεῖ,
1323 2025 1391 2089 καθ’
1417 2027 1433 2090 θ

186 2131 269 2215 ψυχὴ
292 2131 340 2193 καλ
363 2129 560 2212 κινηθήσεται.
605 2130 630 2193 εἰ
652 2130 706 2212 γὰρ
729 2127 775 2213 εἴη
798 2127 861 2191 κατ’
889 2127 960 2191 ἄλλο
982 2152 1008 2190 τι
1031 2127 1196 2211 κινουμένη,
1223 2129 1282 2191 οἶον
1305 2129 1376 2213 φέρε
1397 2131 1435 2192 εἰ·

186 2238 249 2295 πεῖν
276 2233 350 2312 κατὰ
376 2233 479 2301 τύπον,
507 2231 541 2294 ού
567 2231 641 2294 κατὰ
668 2233 701 2294 τὸ
728 2232 798 2294 αὐτὸ
821 2233 931 2313 κινήσει
956 2234 1057 2293 τεκαὶ
1079 2233 1275 2314 κινηθήσεται.
1322 2231 1390 2294 καθ’
1419 2233 1475 2295 θιε
1560 2313 1561 2317 ¹

185 2335 240 2416 γὰρ
262 2335 345 2418 ψυχὴ
367 2338 495 2409 κινοῦσα,
518 2333 552 2397 οῦ
575 2334 649 2398 καθὸ
672 2335 752 2419 ψυχὴ
776 2331 856 2396 ἔσται
880 2334 1048 2417 κινουμένη,
1072 2333 1153 2416 εἴγε
1175 2335 1248 2397 κατὰ
1269 2337 1370 2398 τύπον·
1400 2337 1434 2399 ού

129 2459 165 2504 ‘20
184 2436 240 2521 γὰρ
267 2437 340 2500 κατὰ
367 2438 454 2500 τύπον
482 2438 500 2519 ἡ
529 2436 623 2521 ψυχή.
668 2436 744 2498 οῦτοι
772 2434 796 2498 δ’
825 2433 906 2499 ἔσται
935 2435 998 2499 κατ’
1026 2437 1095 2500 ἄλλο
1125 2438 1175 2519 μὲν
1202 2443 1335 2511 κινοῦσα,
1364 2438 1428 2502 κατ’

186 2541 258 2604 ἄλλο
286 2540 319 2602 δὲ
347 2539 511 2623 κινουμένη,
542 2536 598 2624 ούχ
626 2540 718 2608 οὕτως
744 2538 801 2623 (δὲ)
829 2540 942 2620 ἐλέγετο
968 2540 1110 2602 κινεῖσθαι
1134 2538 1183 2623 ὑφ’
1210 2542 1309 2625 αὑτῆς.
1359 2543 1433 2604 καθὸ
1447 2559 1475 2600 ευ

186 2645 270 2728 ψυχὴ
293 2643 492 2726 κινηθήσεται.
536 2639 596 2705 ἀλλ’
616 2642 642 2704 εἰ
665 2646 720 2704 πᾶν
743 2644 776 2705 τὸ
800 2643 873 2705 κατά
895 2666 920 2704 τι
943 2640 1108 2726 κινούμενόν
1131 2645 1231 2706 τεκαὶ
1254 2646 1431 2729 μεταβάλλον

184 2746 326 2814 ἐξίσταται
354 2749 404 2807 τοῦ
426 2745 503 2808 καθὸ
529 2748 663 2819 κινεῖται,
693 2745 725 2807 τὸ
749 2744 799 2826 μὲν
827 2744 900 2807 κατὰ
927 2743 1013 2807 τύπον
1040 2749 1090 2807 τοῦ
1114 2743 1220 2820 τύπου,
1250 2747 1282 2808 τὸ
1305 2750 1337 2810 δὲ
1360 2750 1433 2812 κατὰ

186 2849 281 2917 πάθος
303 2852 355 2911 τοῦ
377 2848 499 2921 πάθους,
522 2847 555 2909 τὸ
578 2846 611 2909 δέ
626 2847 698 2909 κατὰ
722 2846 844 2929 μέγεθος
867 2852 917 2910 τοῦ
941 2846 1092 2929 μεγέθους,
1115 2851 1162 2910 καὶ
1185 2850 1218 2911 τὸ
1240 2850 1314 2912 κατὰ
1337 2854 1433 2937 ψυχὴν
1448 2871 1474 2912 εο

127 2970 162 3019 25
185 2951 352 3031 κινούμενον
374 2949 518 3019 ἐξίσταται
539 2955 590 3012 τοῦ
613 2950 643 3012 ἐν
666 2949 769 3033 τούτῳ,
793 2951 869 3012 ὥστε
892 2951 939 3013 καί
962 2950 980 3032 η
1004 2951 1087 3033 ψυχὴ
1112 2951 1136 3012 εἰ
1152 2953 1227 3015 καθὸ
1250 2955 1333 3038 ψυχή
1357 2954 1433 3019 ἐστιν

184 3055 230 3117 ἀεὶ
246 3059 374 3127 κινεῖται,
398 3053 449 3137 ὑφ’
469 3053 559 3135 αὑτῆς
580 3052 630 3115 καλ
653 3053 693 3134 μὴ
713 3052 787 3114 κατὰ
801 3053 985 3138 συμβεβηκὸς
1009 3052 1013 3136 γ
1037 3051 1175 3120 ἐξίσταιτο
1199 3054 1233 3117 ἂν
1256 3061 1308 3140 τῆς
1330 3058 1429 3128 οὐσίας
1449 3069 1484 3124 88

183 3161 237 3240 τῆς
258 3155 288 3218 ἐν
310 3152 331 3240 ᾖ
355 3155 416 3218 ἐστι
438 3157 486 3219 καὶ
508 3160 560 3240 τῆς
582 3159 682 3239 ψυχῆς
703 3151 772 3217 καθ’
800 3155 836 3237 ἣν
859 3157 890 3218 τὸ
914 3156 987 3219 εἶναι
1009 3155 1094 3238 αὐτῇ.

182 3377 240 3442 ΙΙΙ.
283 3375 345 3446 Τίς
372 3378 391 3460 ίγ
419 3377 485 3440 ἀπὸ
512 3382 573 3460 τῆς
605 3376 776 3458 κινήσεως
808 3381 867 3440 τοῦ
901 3377 1000 3440 θείου
1035 3379 1195 3459 σώματος
1228 3378 1431 3466 ἐγγινομένη

192 3481 339 3565 δύναμις
366 3485 413 3565 τῷ
436 3484 632 3562 γειτνιῶντι
655 3479 749 3563 αὐτῷ
771 3479 889 3564 θνητῷ
914 3503 947 3542 τε
970 3482 1026 3542 καί
1049 3480 1083 3542 ἐν
1105 3482 1240 3562 γενέσει
1264 3488 1408 3568 σώματι.
1457 3503 1471 3545 ο

122 3674 162 3722 30
269 3653 298 3716 1.
341 3649 392 3720 Τίς
412 3652 431 3734 ὴ
454 3651 513 3714 ἀπὸ
534 3656 586 3734 τῆς
609 3651 750 3732 κινήσεως
764 3655 814 3714 τοῦ
830 3652 911 3714 θείου
935 3654 1069 3734 σώματος
1090 3653 1225 3739 γινομένη
1248 3656 1364 3740 δύναμις
1387 3665 1429 3744 τῷ

180 3760 339 3839 γειτνιῶντι
360 3753 441 3838 αύτῷ
465 3757 564 3836 θνητῷ
587 3776 619 3815 τε
641 3755 689 3816 καὶ
712 3753 742 3814 ἐν
765 3752 875 3836 γενέσει
902 3757 1029 3836 σώματι;
1059 3754 1117 3839 ἇροί
1139 3779 1170 3838 γε
1192 3755 1266 3839 άλλη
1290 3761 1331 3828 τίς
1353 3760 1430 3824 ἐστιν

180 3859 255 3940 αὕτη
278 3857 363 3942 φύσις
389 3856 467 3941 παρὰ
494 3857 546 3939 την
575 3856 681 3918 οἰκείαν
704 3856 827 3919 ἑκάστου
849 3861 906 3918 τῶν
935 3863 1064 3942 φυσικῶν
1088 3860 1245 3940 σωμάτων,
1276 3862 1311 3943 ἣν
1335 3865 1429 3949 ἀρχὴν
1445 3883 1472 3924 ιο

181 3963 325 4045 κινήσεώς
351 3983 382 4023 τε
412 3960 460 4023 καλ
487 3959 608 4043 ἠρεμίας
634 3958 742 4042 φαμέν,
771 3955 796 4041 ᾧ
829 3959 954 4045 ὑπάρχει
983 3964 1092 4045 πρώτῳ
1120 3960 1187 4024 καθ’
1215 3964 1285 4025 αὑτὸ
1313 3968 1360 4029 καί
1389 3971 1429 4052 μη

348 4117 477 4124 ..-.---
487 4118 527 4123 .--

124 4213 137 4264 l
162 4208 256 4279 αὐτὴν]
275 4208 388 4278 οῦτὴνν
468 4207 484 4261 3
503 4207 593 4277 αύτὴν]
613 4208 704 4278 ίουτην
716 4208 783 4259 Vict.
797 4210 855 4274 Sp.:
873 4206 953 4278 αὐτην
971 4228 986 4260 a
1067 4212 1083 4262 4
1102 4211 1178 4280 ὥστε]
1198 4212 1282 4283 ὥσπερ
1298 4218 1369 4283 asp.
1384 4219 1448 4272 bene

122 4298 141 4352 5
162 4296 241 4350 αὐτοῦ
259 4305 337 4351 κινεῖν
357 4300 442 4351 VBG:
460 4295 599 4349 αῦτοκινεῖν
617 4300 648 4348 S:
672 4296 733 4348 αύτὸ
752 4303 827 4348 κινεῖν
846 4314 861 4347 ο
879 4299 923 4363 Sp.
1030 4296 1088 4351 ύλον
1107 4301 1187 4368 φαμὲν
1206 4321 1221 4353 a
1241 4306 1284 4369 Sp.
1393 4324 1429 4373 pr.
1453 4306 1482 4359 τὸ

121 4385 177 4438 del.
196 4384 233 4438 B'
338 4385 354 4437 7
380 4392 453 4453 σῶμα
472 4384 532 4437 ὸιύτι
555 4389 658 4436 κινεῖται
680 4392 756 4436 κινεῖ·
784 4393 887 4438 κινεῖται
906 4405 921 4437 ε
939 4389 984 4453 Sp.
1090 4388 1105 4438 8
1129 4391 1214 4458 ψυχῆς
1232 4390 1276 4442 οῦν
1299 4395 1376 4459 ε8ρ.

122 4475 150 4526 εί
167 4471 204 4526 13¹
222 4474 290 4527 Vict.
309 4475 365 4540 Spa
384 4492 400 4542 η
420 4477 457 4524 V:
476 4474 492 4542 ἡ
511 4475 594 4525 SHFa
683 4473 734 4525 ἐστι
753 4473 811 4524 add.
831 4492 847 4525 ε
865 4477 909 4540 Sp.
1002 4477 1032 4527 14
1056 4485 1119 4528 κινεῖ
1144 4479 1277 4549 κινουμένη
1297 4499 1313 4531 ε
1332 4484 1375 4547 Sp.

125 4563 160 4615 16
188 4561 262 4614 213¹
281 4561 348 4614 vict.
366 4563 425 4628 Sp.:
444 4561 461 4629 η
481 4563 562 4613 VBF:
581 4560 598 4630 ἤ
617 4563 652 4614 Sa
762 4561 791 4612 17
816 4561 854 4632 τίη
873 4578 923 4613 om.
943 4566 1021 4630 aSp.
1128 4564 1158 4617 θλ
1189 4565 1313 4624 ούτιυςὸὲ
1332 4571 1410 4636 aSp.
1450 4595 1454 4603 ·

123 4649 195 4703 καθὸ
214 4651 261 4720 ἄρα
280 4667 296 4702 ι
313 4652 358 4717 Sp.
446 4649 480 4702 25
498 4653 576 4702 τοῦΒ
592 4650 659 4702 vict.
678 4651 737 4717 Sp.:
756 4651 794 4718 τῷ
810 4654 847 4701 H:
867 4651 896 4701 τὸ
909 4654 989 4703 VFSa
1078 4652 1110 4703 27
1129 4653 1203 4723 αῦτῆι
1222 4671 1284 4706 corr.
1304 4658 1334 4708 in
1353 4657 1433 4726 αῦπησ
1451 4663 1482 4710 ut

124 4739 231 4791 videtur
251 4742 275 4788 V
364 4736 398 4790 ‘28
416 4737 448 4790 cf.
467 4754 581 4806 eaquae
600 4737 730 4805 disputavi
749 4738 780 4790 de
799 4739 847 4790 hoe
866 4741 951 4806 capite
976 4741 1003 4790 in
1022 4741 1086 4791 Mus,
1106 4743 1186 4794 λίθου.
1203 4743 1286 4796 XLIV
1307 4761 1333 4811 p.
1349 4746 1396 4796 139
1407 4761 1446 4812 sq.

123 4826 161 4879 29
185 4844 212 4878 τε
231 4841 281 4879 om.
300 4845 316 4877 ε
403 4827 439 4880 30
457 4827 600 4899 ἐγγινομένη
620 4845 636 4880 ο
654 4832 698 4896 Sp⁴
797 4825 829 4879 33
853 4827 957 4898 ἠρεμίας
976 4831 998 4878 V
1019 4835 1047 4881 ut
1066 4830 1132 4883 solet
1229 4831 1254 4883 ίν
1275 4829 1295 4902 ᾦ
1316 4834 1382 4886 vict.
1401 4835 1446 4903 Sp.

123 4913 235 4985 πρώτῳ]
255 4913 391 4987 πρώτωςε
409 4917 452 4984 Sp.
