3540 5610
1089 188 1101 213 1

202 326 261 390 172
519 327 722 381 ALEXANDRI
745 327 789 380 DE
813 328 924 380 ANliiA
947 326 1037 380 LIBRI
1059 327 1231 381 MANTISSA

252 520 297 559 ται
319 503 370 580 τῆς
392 500 508 583 μύσεως
531 502 579 563 καὶ
600 505 651 584 τῆς
674 503 825 582 δυνάμεως
847 499 937 584 αὐτῆς
959 501 1029 585 πρὸς
1051 501 1083 563 τὸ
1104 500 1134 570 ἐξ
1156 501 1282 584 ἀνάγκης
1304 501 1339 564 τὰ
1362 501 1424 564 κατ’
1445 500 1494 563 οιύ-

253 601 303 683 τὴν
326 601 471 682 γίγνεσθαι
494 603 646 686 γιγνόμενα
668 603 768 684 (τοῦτο’
791 604 851 667 ἐστι
874 605 906 667 τὸ
929 603 974 666 ἐπ’
996 600 1124 674 ἔλαττον,
1147 604 1177 667 έν
1200 600 1225 687 ᾧ
1250 604 1282 666 τὸ
1305 602 1498 689 ἐνδεχόμενον

252 704 299 765 καὶ
322 702 420 774 άλλως
435 703 538 790 ἔχειν),
562 707 625 790 περὶ
648 704 732 769 τοῦτό
756 705 816 768 ἐστι
840 707 922 790 καὶὴ
947 707 1070 769 ἀπὸτοῦ
1088 706 1127 789 μὴ
1151 705 1232 774 ὄντος
1248 706 1393 769 ἀσθένεια.
1433 705 1501 769 οὔτε

253 805 309 889 άρα
332 807 361 868 ἐν
384 812 444 876 τοῖς
466 807 495 877 ἐξ
518 809 643 892 άνάγκης
671 809 731 871 ἐστὶ
759 809 791 871 τὸ
819 810 858 891 μὴ
883 807 914 870 ὄν
940 808 999 891 (διὸ
1027 808 1095 872 οῦῦὲ
1121 809 1153 871 τῦ
1181 808 1399 894 ἐνῦεχόμενον),
1430 807 1500 871 οῦδὲ

225 907 283 969 οτὸ
307 908 337 970 έν
361 915 420 978 τοῖς
442 911 489 973 ἐπὶ
513 911 596 986 πολῦ,
625 911 752 974 καθόσον
776 911 868 980 οῦτως
890 909 964 996 ἔχει,
992 909 1056 974 ἀλλ’
1085 911 1198 980 ἐντοῖς
1226 911 1429 993 ἀντικειμένοις
1452 909 1502 972 αῦ·

252 1015 320 1078 τοῖς.
366 1016 455 1075 ταῦτα
482 1013 514 1075 δέ
541 1013 659 1077 ἐστιτὰ
686 1013 733 1076 ἐπ’
761 1011 892 1077 ἔλαττον·
920 1014 950 1076 ἐν
973 1015 1082 1082 τούτοις
1108 1014 1140 1077 δέ
1163 1014 1222 1077 ἐστι
1246 1014 1293 1077 καί
1321 1013 1356 1075 τά
1382 1011 1499 1097 τυχηρὰ
1513 1029 1541 1071 σο

253 1113 300 1176 καί
323 1113 473 1197 αὐτόματοι
496 1116 544 1177 καὶ
568 1116 671 1200 κυρίως
693 1115 834 1200 λεγόμενα
855 1115 903 1201 ἐφ’
924 1117 1003 1199 ημῖν.
1037 1118 1077 1179 ὧν
1100 1117 1154 1201 γὰρ
1170 1116 1365 1201 προαιρέσεων
1381 1117 1400 1199 ἡ
1417 1117 1502 1200 φύσις

254 1216 272 1298 ἢ
296 1216 405 1297 ἀγωγαὶ
421 1219 468 1280 καὶ
491 1216 547 1302 ἔθη
570 1219 647 1282 ἐστὶν
663 1219 749 1295 αἴτια,
773 1218 855 1282 αῦται
878 1220 970 1288 οὕτως
992 1218 1038 1302 ἐφ’
1059 1221 1128 1303 ἡμῖν
1149 1220 1279 1301 λέγονται
1302 1222 1342 1287 ὡς
1357 1216 1394 1281 δι’
1415 1219 1502 1301 ἡμῶν

242 1318 424 1400 γιγνόμεναι,
447 1319 605 1402 γάναίτιοι
633 1322 667 1391 ἃς
691 1324 763 1386 κατὰ
791 1323 823 1384 τῦ
847 1322 887 1405 μὴ
912 1320 943 1384 ὃν
974 1320 1058 1383 οῦτοι
1086 1323 1131 1384 δεῖ
1156 1323 1188 1384 τὸ
1212 1323 1316 1407 κυρίως
1346 1319 1503 1403 λεγόμενον

212 1420 299 1505 τρέφ’
327 1423 395 1503 ἡμῖν
424 1423 515 1491 οὕτως
540 1426 695 1498 σώζουσιν,
722 1423 885 1508 γιγνόμεναι
914 1424 961 1486 διὰ
987 1424 1104 1507 ’ρῦσεως
1130 1424 1283 1487 ἀσθένειαν
1311 1425 1358 1487 καὶ
1386 1422 1448 1486 ἔστι
1470 1425 1503 1486 τῦ

253 1523 300 1609 ἐφ’
329 1527 396 1607 ἡμῖν
419 1530 514 1596 τοῦτο,
541 1525 575 1587 οῦ
598 1528 646 1590 καί
673 1529 705 1590 τὸ
737 1527 931 1608 ἀντικείμενον
962 1526 1114 1611 ἐνεδέχετο
1141 1527 1318 1610 προελέσθαι
1346 1528 1394 1589 τὸν
1417 1531 1503 1589 τοῦτο

256 1627 467 1712 προηρημένον.
512 1628 545 1690 τὸ
572 1626 621 1691 οῦν
649 1630 696 1692 ῦιολ
722 1630 724 1707 γ
749 1632 801 1713 την
828 1634 879 1692 τοῦ
903 1630 943 1713 μὴ
967 1627 1048 1697 ὄντος
1071 1630 1187 1714 ὕπαρξιν
1210 1630 1405 1714 ἐξησθένηκῦς
1432 1631 1485 1713 τὴν
1506 1645 1558 1720 ιοου

254 1731 404 1815 συνέχειαν
426 1736 484 1792 τῶν
507 1733 605 1794 αἰτίων
628 1736 686 1793 τῶν
709 1732 739 1794 ἐν
763 1733 831 1814 ἡμῖν
859 1734 891 1794 τὸ
920 1731 967 1815 ἐφ’
996 1733 1064 1814 ἡμῖν
1092 1733 1220 1817 κατέχει,
1248 1734 1294 1796 καὶ
1321 1733 1427 1818 ταύτην
1450 1734 1503 1815 τὴν

253 1837 354 1918 χώραν
377 1830 456 1918 ἔχει,
484 1833 573 1896 αίτιον
597 1833 760 1916 γιγνόμενον
784 1835 814 1896 ἐν
837 1835 880 1903 οίς
902 1836 935 1897 τὸ
957 1835 1109 1916 ἀναγκαῖον
1138 1834 1317 1899 ἐπιλέλοιπεν
1341 1834 1431 1898 αἴτιον
1454 1835 1504 1899 διὰ

217 1953 242 1995 ιο
256 1938 307 2019 τὴν
330 1941 381 2000 τοῦ
405 1939 445 2020 μὴ
469 1935 550 2005 ὄντος
572 1936 602 1999 ἐν
625 1942 667 2022 τῷ
692 1936 751 1999 ὄντι
775 1936 847 2018 μῖίίν
870 1937 969 2000 τεκαὶ
993 1937 1171 2021 συμπλοκήν.

448 2178 524 2243 Τῶν
547 2179 641 2263 παρὰ
661 2177 928 2262 Ἀριστοτέλους
949 2180 1028 2263 περὶ
1050 2183 1110 2242 τοῦ
1133 2177 1184 2262 ἐρ’
1214 2181 1304 2262 ἡμῖν.

340 2349 407 2414 Τῶν
429 2351 603 2434 γιγνομένων
630 2374 661 2412 τε
688 2349 735 2413 καὶ
764 2350 977 2433 συνισταμένων
1006 2351 1061 2413 ῦπθ
1088 2357 1140 2434 τῆς
1167 2351 1248 2419 θείας
1274 2352 1427 2434 δυνάμεως
1454 2358 1505 2435 τῆς
1531 2369 1545 2410 ὅ

253 2455 284 2516 ἐν
308 2460 349 2539 τῷ
378 2460 489 2537 γενητῷ
515 2457 626 2536 σώματι
654 2452 856 2537 ἐγγιγνομένης
883 2454 941 2516 ἀπὸ
968 2459 1019 2536 τῆς
1048 2454 1119 2537 πρὸς
1145 2454 1177 2515 τὸ
1208 2456 1286 2516 θεῖον
1308 2455 1503 2536 γειτνιάσεως,

256 2558 290 2640 ἢν
314 2559 360 2620 καὶ
383 2558 468 2640 φύσιν
491 2560 645 2638 καλοῦμεν,
679 2562 851 2639 τιμιώτατον
880 2556 1035 2641 ἅνθρωπός
1063 2556 1138 2619 ἐστι·
1175 2556 1260 2638 μόνον
1287 2556 1341 2640 γὰρ
1368 2561 1503 2620 κεκοινώ-

188 2675 338 2743 ,ουνηκεν
362 2665 446 2723 τοῦτο
474 2665 531 2721 τῶν
559 2661 629 2742 τῇδε
656 2664 708 2742 τῆς
731 2661 912 2744 τελειοτάτης
938 2665 996 2722 τῶν
1024 2664 1156 2743 ψυχικῶν
1184 2658 1345 2739 ῦυνάμεων,
1373 2661 1447 2744 αῦτη
1471 2660 1503 2722 ῦέ

255 2763 316 2825 ἐστι
343 2766 418 2837 νοῦς,
452 2763 499 2824 καὶ
528 2761 613 2842 μόνον
641 2763 740 2845 ψυχὴν
769 2763 885 2846 λογικὴν
913 2760 985 2847 ἔχει,
1019 2761 1087 2824 καθ’
1116 2762 1150 2844 ἣν
1178 2762 1373 2846 βουλεύεσθαί
1396 2786 1428 2824 τε
1455 2763 1503 2824 καί

257 2871 351 2950 ζητεῖν
380 2866 496 2928 ῦῦναται
522 2865 587 2947 περὶ
615 2870 672 2926 τῶν
700 2865 850 2948 πρακτέων
879 2864 969 2948 αὐτῷ,
1002 2866 1049 2927 καὶ
1077 2864 1110 2926 οῦ
1137 2863 1338 2947 παραπλήσιόν
1360 2864 1423 2927 ἐστι
1445 2870 1505 2935 τοῖς
1520 2882 1545 2923 ιο

255 2968 353 3036 ἄλλοις
376 2965 473 3051 ζῴοις,
501 2965 519 3027 οἳ
542 2972 584 3050 τῷ
610 2968 650 3049 μὴ
674 2973 820 3029 κοινωνεῖν
848 2972 899 3049 τῆς
921 2969 1036 3030 τοιῦσῦε
1059 2969 1210 3048 δυνάμεως
1231 2965 1322 3049 άλογα
1348 2970 1503 3050 καλοῦμεν,

256 3076 317 3140 ταῖς
340 3069 586 3155 προσπιπτούσαις
608 3070 776 3152 φαντασίαις
798 3069 928 3151 ἑπόμενά
942 3093 973 3132 τε
996 3071 1042 3131 καὶ
1067 3068 1330 3151 συγκατατιθέμενα
1345 3071 1391 3132 καὶ
1408 3071 1501 3140 ἀνεξε-

215 3190 242 3234 οο
256 3177 369 3242 τάστως
391 3173 522 3248 ἕκαστον,
546 3174 586 3233 ιῦν
603 3174 731 3256 πράττει,
755 3177 900 3235 ποιοῦντα.
938 3173 954 3234 ὁ
977 3173 1031 3256 γὰρ
1054 3171 1210 3256 ἅνθρωπος
1230 3170 1316 3254 μόνυν
1332 3176 1389 3235 τῶν
1406 3171 1503 3235 ἄλλων

257 3274 341 3362 ζιγίων
370 3276 442 3358 μετὰ
469 3276 520 3357 τὴν
548 3279 767 3358 προσπεσοῦσαν
801 3275 880 3359 αῦτῷ
908 3276 1063 3358 φαντασίαν
1093 3275 1161 3358 περί
1191 3297 1266 3343 τινος
1292 3278 1333 3344 ὡς
1360 3276 1505 3359 πρακτέου

256 3380 316 3448 οίός
339 3403 370 3442 τε
393 3383 488 3462 ζητεῖν
511 3379 687 3461 περὶαύτοῦ
710 3379 756 3440 καὶ
781 3379 981 3461 βουλεύεσθαι,
1012 3378 1070 3441 εἴτε
1092 3378 1151 3461 χρὴ
1176 3379 1438 3460 συγκατατίθεσθαι
1462 3383 1503 3462 τῷ

255 3483 385 3566 φανέντι,
416 3480 474 3542 εἴτε
501 3482 549 3542 καί
577 3481 627 3562 μη.
666 3481 896 3564 βουλευσάμενος
918 3483 950 3544 te
973 3483 1020 3544 καὶ
1047 3481 1142 3563 κρίνας
1164 3482 1257 3549 οῦτως
1284 3482 1360 3564 ῦρμᾷ
1385 3481 1432 3543 καὶ
1455 3481 1504 3542 ἐπὶ

257 3587 288 3647 τὸ
316 3587 450 3667 πράττειν
484 3608 503 3665 η
533 3584 573 3665 μὴ
605 3585 738 3666 πράττειν
765 3582 918 3667 ῦπότερον·
953 3585 1000 3646 καὶ
1028 3581 1166 3666 ὁπότερον
1199 3583 1366 3667 προέκρινεν
1393 3583 1427 3645 ἐκ
1453 3589 1545 3667 τῇςιε

215 3706 241 3748 ,νο
256 3691 362 3774 βουλῆς
390 3685 516 3771 ἔρχεται.
562 3685 609 3747 διὰ
632 3690 715 3747 τοῦτο
744 3686 791 3748 καὶ
814 3685 900 3767 μόνον
927 3692 984 3748 τῶν
1013 3685 1101 3770 ζῴων
1129 3687 1264 3748 ἁπάντων
1292 3684 1340 3769 ἐφ’
1368 3685 1447 3768 αὐτῷ
1471 3687 1504 3747 τὸ

256 3793 390 3876 πράττειν
413 3787 487 3872 ἔχει,
516 3788 559 3850 ὄτι
581 3789 628 3850 καὶ
651 3792 702 3850 τοῦ
726 3789 765 3871 μὴ
790 3790 923 3871 πράττειν
946 3790 978 3851 τὸ
1002 3789 1071 3850 αὐτὸ
1095 3793 1178 3850 τοῦτο
1201 3789 1252 3871 τὴν
1276 3788 1404 3856 ἐξουσίαν
1428 3787 1502 3873 ἔχει.

256 3893 304 3978 ἐρ’
333 3895 428 3976 ἑαυτῷ
454 3892 507 3975 γάρ
535 3914 554 3973 η
582 3890 688 3974 αἵρεσις
715 3896 772 3952 τῶν
800 3890 959 3974 πρακτέων,
994 3889 1025 3953 εί
1046 3914 1079 3972 γε
1106 3891 1296 3974 βουλεύεσθαι
1324 3893 1369 3952 καὶ
1397 3891 1502 3974 κρίνειν

203 4153 272 4205 4-5
291 4152 347 4204 οῦδὲ
366 4151 394 4204 τὸ
413 4151 438 4202 ἐν
457 4157 508 4207 τοῖς
525 4151 565 4201 ἐπὶ
584 4147 658 4217 πολὺ]
682 4150 789 4202 sortasse
808 4146 865 4201 οὔτε
885 4150 911 4201 ἐν
933 4150 968 4207 οἷς
985 4149 1014 4201 τὸ
1034 4149 1073 4201 ἐπὶ
1092 4148 1155 4201 πολὺ
1280 4150 1295 4200 9
1319 4149 1344 4200 αἱ
1363 4149 1480 4201 εὰναίτιοι
1499 4150 1561 4214 (sic)

203 4241 287 4308 spatio
307 4241 414 4291 duarum
433 4239 574 4290 litterarum
594 4243 653 4304 post
671 4237 696 4288 αἱ
715 4238 804 4289 relicto
823 4237 947 4302 (erlhario
966 4237 1117 4305 Ιυουυοαιφ
1137 4237 1269 4289 referenda
1288 4244 1336 4301 est,
1355 4253 1430 4304 quam
1447 4238 1561 4290 litteram

205 4330 231 4379 in
248 4344 299 4395 mg.
318 4327 405 4394 posuit
424 4343 446 4376 ν.
461 4327 494 4389 ο.)
518 4327 550 4376 t‘:
568 4325 676 4381 ἀναιτιος
695 4326 728 4376 G:
753 4344 777 4381 αι
796 4325 899 4376 ἀναίτιοι
919 4325 988 4391 (post
1006 4343 1030 4376 οιι
1048 4323 1171 4388 fenestra)
1191 4342 1205 4375 α
1298 4323 1332 4378 δέι
1353 4324 1391 4376 sie
1412 4326 1445 4376 V:
1464 4323 1507 4376 ῦεῖ
1526 4325 1562 4377 C:

204 4414 273 4467 δεῖυ
399 4413 427 4463 ll
453 4417 527 4464 τοῦτο
546 4418 606 4463 ante
625 4410 666 4479 οῦ]
686 4410 753 4463 οὕτω
774 4413 813 4478 (in
832 4428 883 4479 mg.
901 4411 988 4475 τοῦτο)
1007 4412 1035 4464 G.
1071 4423 1187 4479 apertum
1207 4419 1246 4463 est
1269 4413 1418 4479 scriptorem
1438 4412 1507 4463 inter
1529 4428 1561 4464 ea

204 4503 373 4569 distinguere,
392 4516 457 4568 quae
471 4502 544 4551 iussu
556 4504 664 4551 naturae
677 4500 760 4551 eoacti
778 4500 881 4566 agimus
894 4515 984 4566 eaque,
1003 4514 1068 4566 quae
1082 4502 1185 4565 propter
1198 4503 1242 4548 τοῦ
1256 4498 1290 4567 μὴ
1304 4496 1376 4554 ὄντος
1388 4499 1561 4564 praesentiam

204 4589 285 4641 libera
307 4589 441 4640 voluntate
468 4587 518 4653 ipsi
547 4587 713 4639 comittirnus.
751 4587 875 4652 temptavi
900 4588 980 4654 igitur
1002 4586 1155 4654 γιγνόμεναι,
1183 4584 1220 4646 (αἲ
1242 4584 1267 4636 δὲ
1290 4584 1424 4654 γίγνονται)
1446 4585 1562 4642 ἀναιτίως

203 4676 247 4742 (cf.
266 4674 454 4742 v.171‚13sq.)
473 4673 515 4724 καὶ
534 4673 647 4725 κατὰτὸ
667 4675 702 4743 μὴ
723 4672 759 4738 ὄν,
778 4672 850 4724 αῦται
869 4672 895 4724 ῦὲ
914 4672 942 4724 τῦ
962 4672 1017 4725 κτλ.
1132 4675 1220 4723 τοῦτον
1240 4674 1259 4724 U
1381 4672 1412 4724 13
1431 4678 1484 4724 τῶν
1503 4677 1563 4741 post

204 4763 290 4815 αἰτίων
309 4761 391 4815 οιυ.Ο
518 4762 547 4811 14
568 4760 634 4832 ἔχειν
653 4765 672 4815 0
800 4762 831 4812 18
850 4765 961 4829 γεννητῷ
982 4762 1019 4814 Ca
1138 4760 1170 4810 27
1191 4758 1242 4810 οίόν
1261 4778 1288 4811 τε
1307 4759 1343 4811 Ca
1466 4759 1499 4811 29
1518 4760 1563 4811 καὶ

204 4850 322 4920 ὁπότερον
342 4850 377 4901 ιιι1
396 4851 423 4901 in
448 4867 498 4919 mg.
520 4851 538 4900 V
664 4847 698 4900 30
720 4847 817 4919 ἔρχεται
840 4849 866 4912 (a
885 4864 963 4915 supra
982 4848 992 4900 ἕ
1012 4847 1059 4914 αι’)
1081 4848 1113 4897 V:
1139 4847 1242 4920 ἄρχεται
1261 4847 1307 4899 Ca:
1331 4846 1441 4900 fortasse
1462 4845 1562 4919 βουλῆς,

204 4938 302 5007 ἔρχεται
320 4937 370 5000 (ἐπὶ
390 4939 474 5002 τοῦτο)
