3540 5610
207 315 268 378 1⁴24
528 316 731 370 ALEXANDRI
753 318 797 370 DE
821 318 930 372 ANIMA
954 317 1047 373 LIBRI
1069 318 1241 373 MANTISSA

256 488 282 549 εἰ
308 488 341 550 δὲ
367 494 464 565 τοῦτο,
494 493 608 573 πρῶτον
636 491 687 573 μέν
714 493 733 574 ἡ
761 491 879 574 ποιότης
904 491 938 554 οῦ
965 493 1099 576 ποιότης,
1126 493 1201 555 ἀλλὰ
1229 472 1289 578 ῦλη.
1310 495 1358 557 καὶ
1387 493 1505 578 ποιότης

255 591 355 674 (ἕτερα
380 593 434 678 γὰρ
452 593 596 677 ,ἀλλήλων
618 593 736 677 ταῦτα),
766 591 807 656 ἔτι
836 595 869 657 δὲ
895 596 914 677 ή
944 595 1017 677 μετὰ
1042 601 1094 679 τῆς
1116 596 1187 680 ῦλης
1209 594 1326 681 ποιότης
1353 598 1401 660 κοιλ
1429 597 1503 680 αὐτὴ

256 694 341 756 πάλιν
364 695 419 779 ῦλη
435 696 483 758 καὶ
499 695 616 778 ποιότης
631 695 677 779 εἴη
701 695 746 774 ἄν,
768 697 794 758 εἰ
810 701 905 780 σῶμα,
929 699 977 761 καὶ
993 698 1084 767 οὕτως
1106 696 1152 760 ἐπ’
1172 697 1300 782 ἄπειρον,
1323 700 1371 763 καλ
1394 697 1507 783 ἄπειροι

257 793 323 858 ῦλαι
348 795 405 859 εἷεν
433 796 467 860 ἂν
496 797 526 860 ἐν
553 799 662 881 ἑκάστη
691 798 831 883 ποιότητι.
875 800 901 861 εί
926 799 979 884 γὰρ
1002 802 1022 884 ή
1050 801 1104 885 ῦλη
1133 798 1265 886 ποιότης,
1294 805 1350 864 πᾶν
1378 802 1506 885 ἐνεργείᾳ

229 901 343 982 οσῶμα
366 898 397 962 δν
419 899 466 984 εἴη
490 899 524 963 ἄν
546 899 600 964 οῦκ
621 899 651 969 ἐξ
674 901 744 984 ὕλης
770 902 817 964 καὶ
840 899 1007 986 ποιότητος,
1038 901 1098 967 ἀλλ’
1127 903 1160 966 ἐκ
1181 901 1334 986 ποιότητος
1356 905 1403 966 καλ
1426 900 1504 965 ποιό-

256 1026 352 1086 τητος,
375 1003 520 1067 τουτέστιν
543 1002 573 1073 ἐξ
587 1002 658 1087 ῦλης
680 1004 729 1067 καὶ
752 1003 832 1089 ῦλης,
855 1003 934 1087 εἴγε
954 1005 1058 1093 ταύτὸν
1081 1007 1100 1090 ή
1122 1007 1176 1089 ῦλη
1199 1006 1247 1068 καὶ
1269 1006 1433 1089 ήποιότης,
1456 1008 1504 1070 καὶ
1518 1022 1548 1064 συ

256 1104 340 1168 υόδέν
362 1107 460 1170 διοίσει
482 1108 501 1190 ή
525 1106 579 1190 ῦλη
603 1110 653 1169 τοῦ
677 1104 739 1169 κατ’
768 1105 910 1190 ἐνέργειαν
933 1111 1078 1192 σώματος.
1123 1108 1150 1171 εἰ
1172 1108 1326 1185 δὲταῦτα,
1348 1108 1450 1178 ἄποιος
1473 1110 1506 1172 δέ

256 1209 275 1290 ἡ
299 1208 364 1292 ῦλη,
387 1208 488 1285 ἄποιον
511 1208 545 1272 ἂν
569 1208 615 1292 εἴη
638 1210 685 1273 καὶ
708 1209 741 1272 τδ
764 1206 826 1273 κατ’
848 1210 991 1295 ἐνέργειαν
1013 1217 1101 1294 σῶμα
1123 1211 1212 1301 καλή
1235 1209 1296 1274 οὐδ’
1326 1210 1402 1280 ὅλως
1423 1209 1504 1275 ἔσται

255 1311 275 1393 ἡ
299 1310 417 1395 ποιότης
439 1312 459 1394 ἢ
482 1310 565 1375 οῦδὲν
588 1311 660 1375 ἄλλο
683 1318 769 1396 σῶμα
792 1313 812 1396 ἢ
834 1310 962 1397 ποιότης.
999 1310 1041 1375 ἔτι
1063 1313 1089 1375 εί
1111 1319 1199 1397 σῶμα
1221 1314 1250 1375 αἱ
1273 1311 1433 1396 ποιότητες,
1456 1317 1506 1378 καὶ

218 1413 288 1475 ιυτὸ
311 1419 376 1498 φῶς
397 1413 530 1499 ποιότης,
557 1415 605 1477 καὶ
627 1418 668 1485 ὡς
690 1417 771 1479 δοκεῖ
790 1414 888 1484 αὐτοῖς
910 1421 1011 1499 σῶμα,
1037 1419 1102 1484 πῶς
1123 1416 1182 1478 ἀπὸ
1204 1419 1254 1479 τοῦ
1281 1416 1389 1501 λύχνου
1411 1417 1504 1484 οῦτως

257 1514 338 1586 ὄντος
354 1521 457 1601 μικροῦ
474 1520 610 1600 σώματος
631 1522 768 1582 τοσοῦτον
785 1517 944 1603 ἀπέρχεται
963 1521 1060 1599 σῶμα,
1082 1518 1159 1581 ὥστε
1174 1518 1348 1603 ἐξισωθῆναι
1363 1525 1406 1603 τῷ
1423 1519 1504 1604 πέριξ

255 1619 319 1703 ἀέρι
347 1619 477 1704 τοσοότιρ
506 1618 566 1683 ὄντι
592 1622 640 1684 καλ
669 1619 894 1705 μετενεχθέντος
920 1621 1006 1683 πάλιν
1033 1618 1076 1687 εἰς
1104 1618 1191 1683 ἄλλον
1218 1621 1291 1706 ἀέρα
1318 1621 1389 1685 ἄλλο
1417 1623 1503 1685 πόλιν

256 1720 368 1785 ἄπεισιν
391 1727 542 1803 τοσοῦτον,
579 1723 598 1807 ἢ
621 1726 684 1793 πῶς
704 1722 758 1786 οῦκ
779 1721 893 1792 αὔξεται
921 1724 937 1786 ό
960 1723 1017 1807 ἀὴρ
1043 1723 1181 1786 τοσοότυυ
1203 1725 1428 1808 προσγινομένου
1450 1728 1548 1788 aiii-85

257 1848 345 1909 ματος
366 1824 464 1910 αὐτῷ,
494 1824 513 1908 ή·
537 1830 600 1894 πῶς
623 1828 716 1910 διήκει
741 1823 776 1888 δι’
805 1825 893 1888 αὐτοῦ
917 1829 1023 1907 μεστοῦ
1047 1823 1128 1893 ὄντος
1150 1826 1197 1888 καὶ
1220 1831 1347 1911 κιρνᾶται
1369 1827 1450 1912 αὐτῷ
1472 1829 1505 1891 τὸ

216 1933 332 2010 15φῶς;
367 1927 401 2011 ἦ,
432 1928 458 1989 εἰ
480 1931 563 1990 τοῦτο
586 1929 853 2013 συμμεταφέρεται,
883 1933 947 1996 πῶς
969 1930 1078 2012 ἥνωται
1100 1934 1144 2014 τῷ
1168 1928 1267 2014 λόχνιρ
1290 1930 1322 1991 τό
1345 1929 1428 1999 ἐκτὸς
1451 1930 1500 1993 ὑπ’

256 2031 345 2093 αὐτοῦ
368 2028 514 2113 γινόμενον
537 2035 615 2115 φῶς,
649 2029 691 2093 ἔτι
714 2036 776 2099 πῶς
804 2033 819 2095 ό
844 2032 873 2094 ἐν
903 2035 946 2115 τῷ
974 2031 1083 2115 οἰκιδίιρ
1112 2031 1170 2115 ἀὴρ
1199 2029 1266 2094 όταν
1295 2033 1404 2103 πολλὰς
1426 2034 1504 2118 λα’βη

256 2132 411 2217 ποιότητας
433 2132 486 2196 οὐκ
508 2131 636 2213 αῦξεται;
672 2133 702 2196 ἐν
726 2132 781 2218 ίσιρ
803 2134 857 2217 γὰρ
880 2138 922 2218 τῷ
947 2132 1028 2218 αδτιγῦ
1058 2135 1106 2195 καὶ
1129 2138 1193 2218 ρῶς
1220 2134 1268 2197 καί
1291 2135 1437 2219 θερμότης
1459 2137 1507 2198 καὶ

257 2236 334 2319 δσμὴ
358 2236 406 2298 καὶ
429 2242 537 2321 χρῶμα
559 2238 607 2300 καὶ
627 2236 733 2322 ψόφος.
778 2240 867 2299 ταῦτα
889 2236 925 2318 δὴ
950 2237 1042 2299 πάντα
1065 2238 1188 2316 σώματα
1211 2235 1280 2300 όντα
1301 2239 1349 2300 καλ
1371 2236 1408 2301 δι’
1436 2237 1505 2300 όλυυ

256 2342 306 2401 τοῦ
322 2339 408 2425 ἀέρος
430 2344 480 2402 τοῦ
503 2340 533 2402 ἐν
555 2345 597 2424 τῷ
619 2341 730 2424 οἰκιδίῳ
754 2338 822 2402 ὄντα
842 2343 904 2408 πῶς
926 2338 980 2402 οῦκ
994 2337 1074 2408 αῦξει
1089 2338 1176 2402 αὐτὸν
1198 2339 1297 2422 ήπῶς
1319 2339 1353 2403 οὐ
1369 2341 1506 2424 ῥήγνυσιν

214 2441 304 2503 ουτδν
327 2440 422 2521 οἷκον;
456 2443 548 2527 όγόιρ
571 2443 600 2505 ἐν
623 2447 665 2523 τῷ
693 2443 777 2526 ἀσκῷ
805 2442 862 2525 ἀήρ
891 2443 984 2524 όλίγον
1013 2442 1149 2525 αὐξηθεὶς
1172 2443 1304 2528 ῥήγνυσιν
1331 2442 1380 2505 τόν
1403 2443 1503 2507 ἀσκόν.
1519 2460 1547 2503 ω

257 2544 375 2628 ὅτιγὰρ
398 2544 469 2607 ἄλλο
491 2545 551 2609 ἐστὶ
575 2544 692 2628 ποιότης
714 2544 793 2629 παρὰ
815 2545 847 2606 τό
871 2543 1011 2628 ποιότητα
1033 2542 1102 2629 ἔχον
1125 2546 1172 2607 καὶ
1196 2545 1395 2626 πεποιωμένον
1419 2551 1505 2629 σῶμα

254 2652 293 2730 τῇ
315 2671 347 2710 τε
373 2647 484 2730 ἐπινοίᾳ
506 2648 554 2710 καὶ
580 2652 623 2732 τιγῦ
651 2647 740 2731 λόγῳ,
763 2647 895 2710 ἐντεῦθεν
923 2649 1020 2730 δῆλον.
1064 2646 1129 2730 ήτοι
1151 2647 1252 2711 ταύτόν
1281 2649 1341 2712 ἐστι
1363 2651 1395 2712 τὸ
1419 2654 1506 2731 σῶμα

255 2751 302 2814 καὶ
325 2751 358 2813 τδ
382 2751 462 2813 ποιὸν
486 2756 573 2834 σῶμα
594 2749 735 2835 ήέτερον.
774 2750 799 2812 εἰ
823 2751 874 2830 μὲν
897 2749 1005 2834 ἕτερον,
1028 2751 1115 2832 δῆλον
1139 2752 1180 2817 ὡς
1202 2751 1358 2834 προσθήκη
1381 2752 1434 2814 τινὶ
1457 2752 1505 2814 καὶ

255 2855 379 2939 διαφορᾷ
407 2854 440 2916 τὸ
468 2853 550 2916 ποιόν
577 2859 664 2935 σῶμα
689 2857 740 2915 τοῦ
767 2855 902 2935 σώματος
924 2853 1030 2936 ἕτερον.
1075 2850 1205 2935 [ἐναργὲς
1227 2853 1259 2915 δέ
1285 2853 1317 2914 τὸ
1339 2852 1411 2916 εἶναι
1433 2852 1504 2916 αὐτὸ

215 2972 242 3015 25
256 2956 363 3038 ἕτερον.
408 2957 455 3018 καὶ
477 2956 531 3039 γὰρ
553 2957 582 3018 αἱ
610 2955 722 3038 όρισμοὶ
745 2955 911 3018 αὐτῶνκαὶ
934 2958 961 3018 οἱ
984 2955 1063 3037 λόγοι
1085 2948 1291 3040 διόφέρουσιν.]
1336 2951 1361 3039 ιγ’)
1385 2956 1422 3039 δὴ
1446 2958 1503 3018 δια-

256 3059 337 3144 φέρει
363 3059 396 3121 τδ
419 3059 500 3121 ποιὸν
523 3063 611 3140 σῶμα
636 3062 686 3120 τοῦ
713 3060 863 3140 σώματος,
894 3057 970 3120 τοῦτ’
998 3057 1073 3122 ἔστιν
1102 3059 1235 3143 ποιότης,
1263 3059 1339 3120 ὥστε
1361 3058 1392 3120 τὸ
1417 3063 1505 3141 σῶμα

255 3163 406 3244 ποιότητος
422 3162 564 3245 παρουσία
585 3161 633 3223 καὶ
650 3160 805 3243 προσθήκη
829 3162 910 3223 ποιὸν
928 3166 1014 3242 σῶμα
1029 3161 1150 3244 ἐγένετο.
1184 3160 1281 3245 ἕτερον
1303 3161 1335 3224 δὲ
1358 3161 1390 3223 τό
1414 3183 1504 3243 μετει·
1518 3177 1545 3218 ιο

256 3263 350 3349 ληφός
371 3288 445 3334 τινος
460 3268 510 3327 τοῦ
532 3263 588 3348 πρό
604 3268 655 3326 τοῦ
672 3263 883 3347 μετειληφέναι,
906 3264 954 3326 καλ
970 3263 1066 3347 ἕτερον
1089 3264 1122 3326 τὸ
1138 3263 1428 3348 μεταλαμβανόμενον
1450 3269 1500 3327 τοῦ

256 3367 533 3451 μεταλαμβάνοντος.
572 3362 597 3451 ᾧ
622 3367 657 3449 δὴ
674 3366 802 3450 διαφέρει
825 3367 857 3428 τό
880 3368 961 3429 ποιόν
977 3373 1064 3450 σῶμα
1087 3370 1298 3449 τοῦσώματος,
1321 3365 1398 3428 τοῦτ’
1426 3365 1502 3430 ἔστιν

213 3470 387 3554 ευποιότης,
415 3468 449 3531 οῦ
476 3473 562 3551 σῶμα
590 3466 664 3531 οῦσα
694 3467 834 3552 δηλονότι.
883 3470 915 3531 τό
942 3471 995 3554 γὰρ
1023 3476 1110 3554 σῶμα
1139 3470 1231 3532 κοινόν
1259 3475 1301 3553 τῷ
1329 3492 1361 3531 τε
1387 3471 1502 3549 σώματι

255 3577 303 3638 καὶ
324 3578 368 3659 τῴ
389 3576 468 3656 ποιιρ
493 3574 619 3654 σώματι,
647 3571 694 3632 καὶ
717 3571 751 3633 οὐ
775 3571 903 3655 διαφέρει
925 3574 957 3635 τδ
981 3574 1062 3636 ποιόν
1085 3578 1172 3654 σῶμα
1193 3575 1244 3635 τοῦ
1268 3575 1403 3654 σώματος
1425 3576 1501 3655 ποιῷ

255 3679 377 3760 σώματι,
400 3674 475 3738 ἀλλὰ
497 3673 637 3757 ποιότητι.
675 3672 835 3756 ὁριζόμενοι
857 3679 925 3756 γοῦν
948 3677 980 3738 τό
1003 3677 1084 3739 ποιδν
1108 3680 1194 3756 σῶμα
1216 3675 1264 3737 καὶ
1286 3675 1318 3736 τὸ
1341 3677 1429 3758 σῶμα
1451 3674 1503 3757 τὴν

255 3779 393 3864 διαφορὰν
417 3777 512 3840 αὐτῶν
535 3777 569 3840 οῦ
592 3775 665 3839 κατὰ
687 3777 768 3838 ποιόν
793 3783 889 3858 σῶμα,
912 3778 986 3841 ἀλλὰ
1008 3776 1082 3840 κατὰ
1104 3778 1243 3860 ποιότητα
1265 3775 1436 3859 ποιούμεθα.
1474 3779 1544 3841 εἰου
1600 3806 1607 3819 ·

254 3881 286 3943 δέ
309 3904 349 3950 τις
371 3880 449 3961 λέγοι
474 3879 577 3943 τοῦτὸν
603 3879 675 3942 εἶναι
698 3880 857 3959 σῶμα·κοιὶ
880 3882 961 3943 ποιόν
988 3887 1090 3963 σῶμα,
1118 3885 1231 3963 πρῶτον
1254 3881 1280 3942 οἱ
1303 3878 1383 3961 λόγοι
1404 3879 1501 3943 αὐτῶν

213 3999 240 4044 τό
254 3984 281 4045 οἱ
303 3984 385 4047 αὐτοὶ
408 3981 535 4056 ἔσονται,
563 3983 639 4044 ὥστε
662 3979 742 4044 ἔσται
764 3985 868 4044 λευκοῦ
892 3986 1027 4063 σώματος
1048 3983 1096 4044 καὶ
1118 3983 1202 4043 πόλιν
1226 3984 1361 4062 σώματος
1383 3983 1431 4045 καὶ
1454 3982 1503 4065 με’-

254 4092 339 4157 λανος
362 4089 496 4168 σώματος
519 4085 534 4147 ό
557 4084 644 4152 αὐτὸς
665 4083 759 4166 λόγος.
804 4085 829 4146 εἰ
852 4085 884 4147 δὲ
906 4089 1000 4158 τοῦτο,
1028 4085 1075 4147 καὶ
1098 4087 1200 4146 λευκοῦ
1225 4085 1360 4166 σώματος
1381 4085 1430 4147 καὶ
1453 4083 1501 4167 με’-

254 4194 339 4258 λανος
362 4192 496 4271 σώματος
520 4187 637 4255 όαῦτός
660 4184 740 4250 ἔσται
762 4185 855 4269 λόγος.
893 4188 1028 4271 ἑκάτερος
1049 4186 1102 4268 γὰρ
1125 4185 1221 4249 αὐτῶν
1244 4186 1363 4255 όαῦτός
1385 4191 1426 4270 τῷ
1451 4191 1502 4249 τοῦ

256 4294 399 4374 σώματος.
437 4289 478 4354 ἔτι
501 4290 527 4353 εἰ
549 4287 651 4353 ταύτόν
675 4289 735 4352 ἐστι
759 4292 872 4372 σώματι
894 4289 966 4353 εἶναι
987 4290 1035 4353 καί
1051 4293 1125 4372 ποιῷ
1151 4292 1274 4373 σώματι,
1296 4288 1399 4352 ταύτὸν
1422 4286 1503 4353 ἔσται

543 4552 548 4560 .
675 4534 691 4566 α

203 4588 215 4638 l
236 4584 317 4655 ή-οῦ
336 4582 450 4655 ποιότης]
469 4585 486 4654 ἡ
504 4582 607 4655 ποιότης
625 4585 654 4638 οὐ
672 4585 775 4653 ποιότης
794 4586 829 4637 K:
849 4582 877 4635 οῦ
897 4583 998 4652 ποιότης
1016 4583 1032 4653 ἡ
1052 4583 1152 4652 ποιότης
1170 4598 1186 4634 a
1291 4581 1357 4635 Mi
1376 4598 1425 4635 om.
1446 4583 1486 4634 iia

203 4673 234 4725 15
253 4672 575 4745 συμμεταφέρεται]·νετθυ
595 4675 711 4740 respicit:
731 4673 774 4724 καὶ
793 4668 985 4740 μετενεχθέντος
1004 4670 1076 4721 πάλιν
1096 4671 1129 4728 εἰς
1147 4669 1223 4722 ἄλλον
1241 4669 1302 4740 ἀέρα
1320 4669 1381 4722 ἄλλο
1400 4669 1473 4721 πάλιν
1487 4671 1556 4721 ἄπει-

202 4776 238 4812 σιν
255 4765 375 4813 τοσοῦτον
486 4758 516 4811 19
535 4757 595 4811 ὄντα
613 4761 688 4812 Vlia:
708 4760 779 4816 ὄντος
798 4776 829 4811 ex
849 4759 928 4810 Victa
948 4757 1056 4810 fortasse
1074 4758 1223 4827 διήκοντα
1329 4760 1362 4809 θ’.)
1383 4757 1476 4810 ἐπινοία
1496 4759 1518 4808 λ’

202 4847 288 4900 θόθό
307 4848 432 4919 ἐναργὲς-
441 4845 610 4918 διαφέρουσιν]
631 4854 811 4921 κτρυιιιειιιυιπ
831 4862 863 4897 ενι
883 4846 1000 4913 margine
1019 4845 1128 4897 inlatum
1148 4845 1231 4898 delevi
1319 4845 1352 4896 27
1371 4845 1400 4897 τὸ
1419 4845 1455 4913 μὴ
1474 4862 1556 4913 μετει-

201 4934 280 5007 ληφός
298 4936 338 4987 Ka
445 4935 479 4987 34
498 4933 570 5003 λέγον
589 4934 629 4985 Ka
734 4933 766 4984 :ii
786 4932 903 5000 σώματος
921 4947 970 4984 σπι.
992 4933 1030 4983 Ka
1136 4930 1186 5003 τῷ]
1207 4932 1315 4988 fortasse
1334 4933 1370 4993 ὡς
