3540 5610
204 304 265 369 140
521 305 722 361 ιιικιιιοιιι
746 308 790 362 οι
814 307 924 363 ινιιιο
946 306 1038 363 unm
1060 292 1233 365 ιιιιιτιεει·

257 477 378 559 θήσεται
392 479 485 564 αἰιτηῦ,
508 481 568 543 οῖον
590 481 623 544 τὸ
639 485 705 565 πῦρ,
729 481 805 566 ῦδωρ
828 482 860 546 δὲ
875 481 909 546 οὐ
926 481 1048 562 δέξεται;
1071 481 1218 565 οὐδὲγάρ,
1241 479 1312 545 διότι
1327 481 1498 564 λεπτότερον

254 579 289 641 τδ
309 586 365 666 πῦρ
387 587 437 646 τοῦ
458 583 570 656 ῦδατος,
593 583 640 646 διὰ
663 588 746 646 τοῦτο
762 584 855 647 ἐκεῖνο
879 583 963 667 μένον
985 583 1084 648 οδσίαν
1100 575 1293 668 προσδέξεται,
1317 585 1349 647 τδ
1372 585 1405 649 δὲ
1420 585 1498 669 ῦδωρ

255 683 416 768 παχύτερον
443 684 476 749 δν
502 684 608 748 οὐκέτι.
652 687 752 769 ἐπίσης
779 685 832 769 γὰρ
854 689 963 770 πλῆρες
988 686 1022 748 τὸ
1048 685 1307 770 λεπτομερέστερον
1334 690 1377 770 τῷ
1404 710 1500 772 παχυ-

256 788 437 872 μερεστάτῳ,
464 788 491 850 εἰ
514 790 650 871 μηδαμοῦ
677 791 762 873 χώρα
790 793 874 851 κενοῦ
896 791 1040 872 σώματος.
1085 786 1127 851 ἔτι
1149 789 1175 850 εἰ
1197 787 1359 873 παχύτερος
1388 790 1500 874 χαλκὸς

227 886 368 964 οῦδατος,
391 894 454 960 πῶς
474 894 580 975 χρυεῳ
596 890 707 976 χαλκὸς
728 890 780 973 μέν
797 891 934 974 μίγνυται,
958 890 1034 975 ῦδωρ
1057 890 1090 954 δέ
1105 889 1155 972 οῦς
1178 891 1226 953 καί
1246 890 1407 973 καττίτερος
1428 894 1499 975 χαλ-

254 995 310 1074 κηῦ,
332 988 428 1055 ἔλαιον
451 992 477 1056 δ’
505 991 554 1075 οῦ;
587 994 635 1056 καί
659 994 786 1078 μολίβδῳ
809 994 919 1079 χαλκὸς
942 993 993 1077 μὲν
1017 994 1156 1077 μίγνυται,
1181 993 1269 1076 κηρδς
1291 993 1324 1056 δὲ
1345 991 1396 1073 οῦ;
1430 992 1499 1057 ὅσον
1534 992 1544 1015 ⁸
1613 1028 1616 1033 ·

254 1092 308 1176 γὰρ
331 1093 379 1156 ἐπὶ
400 1098 443 1178 τῷ
466 1092 556 1180 λόγῳ,
578 1095 670 1177 ἣπάν
693 1097 776 1159 παντί
798 1096 890 1182 ἐχρῆν
912 1096 1076 1179 μίγνυσθαι,
1100 1096 1224 1179 ῆταῦτα
1248 1097 1356 1177 μᾶλλον
1371 1095 1499 1170 ἐκείνων,

256 1193 288 1278 ἤ,
311 1194 382 1280 ὅπερ
403 1194 531 1279 εῦλογον,
555 1197 644 1280 μηδὲν
667 1199 776 1281 μηδενί.
820 1199 846 1262 εἰ
867 1198 920 1282 γὰρ
943 1197 1050 1283 πόρους
1071 1198 1227 1271 αἰτιῶνται,
1258 1196 1354 1260 οῦκέτι
1375 1197 1497 1279 γίγνεται
1511 1215 1539 1256 ου

256 1300 312 1359 πᾶν
335 1297 588 1382 παρεκτεινόμενον
610 1301 703 1374 παντί,
726 1300 801 1363 ἀλλὰ
822 1301 983 1385 παράθεσις
1004 1299 1039 1364 ἂν
1061 1299 1107 1384 εἴη
1122 1301 1170 1364 καί
1192 1300 1225 1362 τδ
1248 1300 1329 1390 κενὸν
1351 1298 1441 1363 αἴτιον
1463 1299 1498 1362 ἂν

37 1462 46 1479 ,
113 1413 115 1416 ’
217 1413 242 1458 ιυ
255 1400 347 1469 οῦτως
368 1400 488 1482 λέγοιεν.
532 1398 574 1464 ἔτι
595 1402 622 1465 εἰ
643 1401 698 1465 όλα
720 1400 798 1471 όλοις
818 1403 1030 1487 παρεκτείνεται
1051 1404 1100 1466 καὶ
1124 1402 1161 1465 τὰ
1183 1402 1350 1487 βραχύτατα
1371 1407 1430 1471 τοῖς
1452 1426 1500 1484 με·

254 1502 361 1585 γίστοις
382 1502 469 1588 μέχρι
491 1508 545 1587 τῆς
562 1494 694 1589 ’ἐσχάτης
716 1504 891 1589 ἐπιφανείας,
919 1504 950 1567 δν
973 1504 1091 1590 κατέχει
1112 1505 1145 1567 τδ
1167 1504 1198 1567 ’ἐν
1221 1503 1318 1577 τύπον,
1341 1505 1373 1567 τό
1395 1525 1501 1588 συναμ-

254 1605 376 1690 φότερον
400 1604 525 1675 καθέξει.
563 1606 598 1668 τὰ
621 1605 672 1689 μὲν
693 1605 746 1690 γὰρ
770 1605 856 1692 μόρια
876 1612 928 1670 τοῦ
951 1608 1031 1682 ὅλου,
1054 1604 1112 1671 ἔστ’
1142 1605 1175 1670 ἂν
1198 1608 1292 1692 ἐντῷ
1315 1603 1430 1692 όλῳῇ,
1452 1607 1501 1670 πέ-

256 1728 336 1790 ρασιν
359 1708 474 1777 οἰκείοις
497 1709 537 1791 μὴ
561 1708 809 1793 περιγεγραμμένα
838 1709 959 1778 εἰκότως
984 1707 1134 1774 οὐκέστιν
1162 1710 1192 1772 ἐν
1214 1708 1295 1793 τόπῳ
1318 1708 1386 1772 καθ’
1414 1710 1499 1785 αὑτά,

255 1814 313 1872 τῦιν
336 1811 368 1874 δέ
391 1809 572 1895 μεμιγμένων
599 1812 734 1895 ἑκάτερον
761 1812 869 1895 ὁμοίως
894 1816 936 1896 τῷ
960 1811 1022 1897 όλῳ
1049 1817 1092 1897 τιγῖ
1119 1812 1149 1881 ἐξ
1174 1812 1347 1896 ἀμφοτέρων
1374 1812 1430 1875 ύπδ
1453 1813 1501 1875 πέ-

216 1926 243 1971 ιο
256 1933 336 1995 ρασιν
359 1913 590 1997 περιγέγραπται,
612 1913 643 1977 εῖ
660 1936 692 1995 γε
714 1910 751 1977 δι’
779 1913 855 1985 όλων
879 1916 1081 2000 κεχωρηκασιν
1103 1915 1248 1999 ἀλλήλων.
1288 1915 1423 1998 ἑκάτερον
1446 1914 1499 1999 γὰρ
1513 1931 1542 1974 ει

256 2014 352 2077 αῦτιῦν
375 2016 423 2078 τδν
446 2016 539 2078 πάντα
560 2015 674 2085 καθέξει
696 2014 798 2092 τόπον,
821 2016 853 2079 ὃν
875 2018 924 2080 καί
947 2018 1067 2101 θάτερον
1089 2021 1222 2102 κατεῖχεν
1244 2017 1299 2099 πρὸ
1321 2022 1374 2100 τῆς
1396 2015 1501 2099 μίξεως

255 2116 304 2180 καί
326 2116 400 2200 μετὰ
420 2118 472 2201 τὴν
496 2118 569 2201 μῖξιν
592 2119 625 2181 τδ
647 2119 872 2204 συναμφότερον.
916 2119 1040 2203 καὶγὰρ
1067 2119 1101 2181 τδ
1124 2118 1312 2202 μεμιγμένον,
1339 2122 1383 2204 τῷ
1406 2117 1499 2202 ἐτέρῳ

255 2217 318 2283 ἴσον
339 2218 422 2306 αὐτῷ
444 2219 605 2303 γινόμενον,
637 2221 747 2303 ἀνάγκη
770 2223 818 2285 τδν
848 2222 934 2285 αὐτὸν
960 2223 1008 2285 καὶ
1031 2221 1223 2306 ίσον.ἐκείνῳ
1246 2219 1378 2306 κατέχειν
1400 2219 1498 2284 τόπον.

256 2318 338 2384 ἔσται
359 2320 416 2406 ἄρα
437 2322 467 2386 ἐν
489 2328 532 2407 τῷ
554 2323 636 2408 αἰτιγῖ
659 2321 740 2407 τόπῳ
763 2325 852 2386 πλείω
875 2327 1007 2407 σώματα,
1030 2325 1078 2386 καί
1100 2322 1221 2387 ἕκαστον
1243 2312 1347 2386 αὐτῶν
1362 2323 1411 2385 τὸν
1434 2320 1500 2384 όλον

214 2419 375 2495 υυκαθέίει
396 2424 494 2488 τόπον.
537 2425 563 2488 εἰ
584 2427 626 2505 δέ,
649 2427 691 2489 ὧν
713 2427 728 2489 6
752 2425 839 2514 τόπος
861 2424 935 2500 ἰ’σος,
963 2426 1011 2489 καί
1033 2425 1107 2489 αὐτὰ
1130 2425 1192 2501 ἴσα,
1218 2428 1255 2489 τά
1276 2448 1321 2505 τε,
1350 2424 1379 2494 ἐξ
1402 2425 1443 2486 ὧν
1466 2424 1498 2486 τὸ

256 2525 488 2613 συναμφότερον,
518 2526 566 2592 ἴσα
587 2529 724 2613 ἀλλήλοις
745 2527 840 2603 ἔσται,
867 2528 970 2592 καὶτὸ
996 2527 1213 2613 συναμφότερον
1236 2526 1366 2611 ἐκατέρῳ
1388 2525 1499 2589 αὐτῶν·
1514 2542 1543 2584 ιο

255 2629 308 2695 καὶ
328 2630 345 2692 6
366 2629 475 2699 κύαθος
497 2629 553 2716 ἄρα
574 2636 625 2695 τοῦ
649 2630 726 2695 οίνου
744 2632 796 2719 εἰς
812 2631 935 2725 πέλαγος
957 2630 1097 2716 ἐκχυθείς
1119 2629 1178 2699 ἴσος
1201 2627 1282 2692 ἔσται
1304 2633 1345 2712 τῷ
1369 2631 1499 2711 πελάγει,

256 2732 305 2796 καὶ
327 2731 360 2796 τό
382 2732 601 2818 πέλαγοςμετὰ
621 2737 671 2797 τοῦ
694 2734 803 2797 κυάθου
826 2737 868 2818 τῷ
887 2734 991 2814 κυάθῳ
1015 2731 1105 2817 μόνῳ.
1138 2733 1171 2795 τδ
1193 2732 1247 2815 γὰρ
1268 2732 1369 2814 λέγειν,
1392 2731 1437 2794 ότι
1458 2736 1497 2815 τῇ

187 2818 193 2829 ’
256 2835 376 2919 δυνάμει
398 2834 451 2899 οὐκ
474 2834 549 2912 ἴσον,
576 2835 659 2899 οῦδὲν
685 2835 757 2920 πρός
782 2837 831 2899 τὸν
858 2836 951 2918 λόγον.
996 2836 1080 2919 ἀρκεῖ
1099 2834 1153 2917 γὰρ
1180 2835 1221 2903 εἰς
1242 2834 1293 2917 τὴν
1315 2837 1366 2897 τοῦ
1389 2856 1501 2918 προκει-

215 2952 243 2999 25
257 2938 344 3022 μένου
366 2938 449 3015 δεῖξιν
471 2939 504 3002 τδ
527 2938 600 3001 κατὰ
622 2939 655 3001 τδ
677 2939 767 3002 ποσδν
791 2937 839 3002 ίσα
859 2937 934 3001 αὐτὰ
956 2937 1122 3022 πεφυκέναι.
1168 2935 1209 2999 ἔτι
1232 2959 1262 2999 τε
1284 2935 1367 2998 οὐδὲν
1391 2938 1500 3019 μᾶλλον

256 3042 289 3105 πδ
312 3045 368 3125 πῦρ
390 3040 438 3104 διὰ
459 3045 510 3105 τοῦ
532 3042 651 3125 σιδήρου
674 3042 781 3116 δίεισιν,
808 3041 827 3123 ἢ
852 3041 867 3104 6
892 3041 1007 3124 σίδηρος
1028 3040 1075 3103 διδ
1096 3044 1147 3103 τοῦ
1169 3038 1270 3123 πυρός·
1305 3040 1352 3102 καὶ
1375 3038 1428 3121 γὰρ
1452 3038 1500 3101 καί

256 3143 379 3229 ἡψυχὴ
402 3144 450 3208 διὰ
471 3148 522 3207 τοῦ
542 3147 677 3226 σώματος
698 3145 747 3207 καί
767 3145 787 3227 ἡ
807 3143 891 3227 φύσις
913 3143 960 3206 διὰ
979 3147 1039 3227 τῶν
1061 3148 1162 3227 φυτῶν
1185 3143 1232 3205 καί
1254 3142 1273 3224 ί,
1295 3140 1351 3210 έξις
1372 3141 1420 3203 διὰ
1442 3146 1500 3202 τῶν

194 3262 201 3281 ·
256 3244 351 3308 ἄλλων
374 3248 533 3330 σωμάτων,
561 3247 609 3310 καί
637 3247 776 3309 ἀνάπαλιν
804 3250 893 3309 ταῦτα
919 3244 958 3308 δι’
986 3245 1112 3308 ἐκείνων.
1156 3246 1238 3308 οὐδὲν
1264 3243 1319 3328 γὰρ
1346 3243 1379 3305 τδ
1401 3241 1501 3305 λεπτά·
1515 3258 1541 3302 ιε
1630 3246 1634 3255 ’

256 3347 337 3432 τερόν
359 3372 384 3411 τι
407 3348 479 3413 εἰναι
506 3350 554 3412 καί
576 3348 738 3434 παχύτερον
763 3349 804 3417 εἰς
830 3352 914 3411 τοῦτο
942 3350 1086 3424 συντελεῖ,
1112 3346 1143 3410 εί
1160 3370 1193 3429 γε
1219 3343 1369 3430 ἀμφότερα
1392 3338 1501 3433 ὁμοίως

215 3451 317 3515 εοέστί
338 3440 449 3536 πλήρη·
482 3452 508 3514 εἰ
530 3452 563 3515 δέ
584 3452 631 3515 καί
654 3456 737 3514 τοῦτο
760 3451 981 3536 συγχωρηθείη,
1009 3450 1058 3512 ἐπὶ
1080 3449 1156 3512 οἴνου
1183 3450 1231 3513 καὶ
1254 3449 1356 3517 ῦδατος
1378 3445 1500 3531 πότερον

256 3555 304 3617 διὰ
325 3554 450 3638 ποτέρου
473 3553 659 3635 διελεύσεταις
687 3552 728 3616 ἔτι
751 3555 792 3623 τίς
814 3553 899 3628 αἰτία,
921 3549 957 3615 δι’
986 3553 1021 3636 ἢν
1044 3550 1078 3615 ἔκ
1100 3575 1183 3615 τινων
1208 3553 1259 3634 μὲν
1277 3548 1460 3635 Ιμιγνυμένων
1484 3551 1500 3613 6

256 3655 342 3739 ὄγκος
363 3657 467 3740 γίνεται
483 3655 599 3740 μείζων,
621 3654 654 3720 ἔκ
669 3680 752 3719 τινων
775 3658 807 3720 δὲ
829 3657 845 3719 6
864 3656 951 3724 αὐτὸς
967 3653 1059 3738 μένει;
1082 3655 1114 3716 τδ
1130 3655 1183 3737 γὰρ
1206 3653 1298 3736 λέγειν
1320 3654 1368 3716 τὸν
1384 3652 1500 3736 σίδηρον

256 3759 418 3844 παχύτερον
438 3758 582 3843 γεγονέναι
604 3764 641 3842 τῇ
666 3759 738 3842 μίξει
764 3764 814 3822 τοῦ
841 3759 931 3841 πυρὸς
953 3759 1123 3839 παράλογον.
1168 3756 1204 3818 τὰ
1227 3758 1278 3840 μὲν
1299 3755 1354 3839 γὰρ
1376 3754 1502 3840 παχυνό-

257 3884 329 3945 μενα
351 3862 538 3947 συγκρίνεται,
561 3862 577 3925 ό
600 3861 633 3925 δὲ
655 3862 772 3946 σίδηρος
793 3855 849 3924 ῦπδ
872 3864 922 3923 τοῦ
945 3860 1036 3942 πυρὸς
1057 3859 1236 3941 διακρίνεται.
1272 3856 1313 3920 ἔτι
1334 3857 1378 3920 ότι
1400 3856 1501 3920 λεττύ·

215 3980 333 4028 ευνεται
354 3965 411 4027 ὑπὸ
433 3968 484 4026 τοῦ
506 3965 597 4050 πυρδς
619 3966 716 4049 δῆλον.
758 3963 932 4045 θερμανθεὶς
952 3962 1006 4045 γδιρ
1029 3960 1201 4024 ἐλαύνεσθαι
1224 3959 1340 4023 δύναται
1361 3960 1416 4043 πρδ
1438 3959 1501 4023 τού·
1514 3975 1542 4017 ου

255 4091 305 4131 του
328 4068 369 4150 μὴ
385 4068 550 4150 δυνάμενος.
588 4065 629 4130 ἔτι
651 4068 677 4130 εἰ
699 4068 732 4130 τδ
748 4065 890 4151 χεόμενον
913 4064 968 4128 ύπό
991 4058 1065 4133 τινός
1079 4065 1256 4138 λεπτύνεται,
1279 4065 1388 4147 μᾶλλον
1404 4066 1501 4147 χεῖται

256 4171 288 4234 δέ
310 4169 366 4232 ῦπδ
389 4174 442 4234 τοῦ
459 4169 547 4253 πυρὸς
569 4169 605 4232 τὰ
627 4169 676 4233 οἶά
696 4192 728 4231 τε
743 4169 871 4253 χεῖσθαι,
894 4166 948 4230 οδκ
968 4166 1001 4229 ἂν
1023 4166 1069 4251 εἴη
1089 4167 1263 4252 παχυντικδν
1286 4165 1318 4228 τδ
1334 4168 1400 4248 πῦρ.
1435 4165 1501 4227 ἀκο-

255 4271 398 4356 λουθήσει
424 4272 458 4335 δὲ
478 4271 569 4354 λέγειν
596 4272 645 4335 καί
671 4273 719 4335 τὸν
743 4270 874 4353 άνθρακα
896 4275 946 4334 τοῦ
969 4270 1054 4339 ξύλου
1078 4270 1251 4355 παχύτερον,
1278 4268 1353 4331 ἀλλὰ
1380 4267 1501 4331 καὶτὸν

256 4374 474 4460 πεφωτισμένον
496 4375 569 4459 ἀέρα
591 4378 642 4437 τοῦ
666 4375 717 4458 μή.
742 4372 746 4457 ἰ
771 4373 862 4436 καίτοι
884 4374 965 4436 δοκεῖ
985 4371 1154 4457 λεπτότερος
1180 4373 1196 4436 ό
1219 4370 1389 4455 ηλιούμενος
1410 4368 1484 4432 εἶναι
1505 4382 1556 4429 Ιυνι

202 4562 218 4616 3
237 4563 445 4636 παχυμερεστίρῳ
462 4562 503 4615 Ka
608 4561 676 4616 5-6
696 4560 763 4634 ὕδωρ
780 4578 862 4630 usque
881 4561 913 4613 ad
931 4561 1044 4630 μίγνυται
1063 4577 1112 4613 om.
1131 4561 1172 4613 Ka
1277 4560 1292 4612 6
1311 4558 1348 4628 δὲ]
1368 4577 1379 4610 ε
1397 4559 1425 4611 in
1444 4559 1483 4611 lit.
1497 4558 1520 4609 V

201 4648 361 4719 8γίνεταιυ
470 4649 500 4702 10
518 4649 539 4701 εἰ
557 4664 607 4702 om.
626 4651 666 4702 Ka
773 4650 802 4701 11
823 4648 851 4701 δν
870 4649 928 4701 VK:
948 4647 1010 4701 δνε
1118 4648 1148 4700 13
1168 4647 1272 4700 αὒτόίἰ
1381 4647 1411 4698 14
1430 4652 1466 4715 τῳ
1486 4645 1554 4705 &RV

201 4753 242 4790 ει.
261 4738 342 4790 Victa
360 4736 390 4790 τὸ
409 4736 434 4797 ἐξ
452 4739 492 4790 Κε
601 4736 655 4790 ὺπδ
669 4736 805 4789 delendum
824 4737 927 4789 videtur
945 4736 977 4789 cf.
998 4752 1021 4788 v.
1036 4735 1066 4786 12
1176 4735 1210 4787 *23
1230 4733 1306 4802 μόνον
1324 4733 1364 4785 Ka
1473 4733 1506 4786 25
1524 4732 1554 4785 τὸ

201 4823 278 4876 ποσὸν
296 4826 331 4876 V:
350 4823 428 4877 τόπον
446 4825 487 4877 Ka
592 4824 625 4877 29
649 4830 723 4876 τοῦτο
743 4824 788 4889 m²,
805 4829 850 4875 τοῦ
869 4825 905 4875 n1¹
916 4824 951 4875 V:
969 4826 1043 4874 τοῦτο
1062 4821 1103 4872 Κε
1208 4821 1242 4875 30
1269 4819 1500 4893 σιγχωρηθείηἰρι
1517 4820 1554 4872 m¹

202 4928 232 4984 ρη
252 4911 322 4965 m’V
427 4911 461 4964 38
479 4910 523 4963 τὸν
540 4917 600 4979 post
619 4911 681 4964 ἀλλὰ
700 4910 754 4980 καὶ]
774 4918 834 4964 anto
852 4930 866 4962 ν
884 4927 937 4963 una
955 4911 1022 4962 liter.
1040 4925 1113 4963 erasa
1132 4910 1154 4961 V
1260 4907 1293 4962 39
1312 4909 1373 4961 εἰναι
1391 4923 1441 4961 om.
1460 4908 1502 4960 Κε
