3540 5610
683 313 887 368 ALEXANDRI
910 316 953 368 DE
978 315 1085 369 Adrus
1522 317 1560 381 37

262 489 314 570 μὲν
336 489 463 551 καὶτῶν
487 487 583 550 ἀλλων
606 489 756 569 δυνάμεων
779 487 873 573 ἀρχαῖς
896 512 926 551 τε
949 490 997 551 καὶ
1020 488 1269 572 ἐπιτηδειότητος,
1296 490 1336 548 ιῖνν
1366 487 1416 557 τὰς
1439 488 1509 557 ἕξεις
1524 505 1550 546 νο

261 590 341 674 εῖχεν
365 592 412 653 καὶ
428 592 460 653 τὸ
475 596 614 674 γεννῖησαν
637 591 719 664 αὐτό,
741 590 776 654 οδ
794 591 850 674 μὴν
874 590 932 674 ἤδη
948 591 995 653 καὶ
1013 588 1082 674 ἔχον
1105 589 1194 658 αὐτὰς
1210 588 1349 673 ἐνεργείᾳ,
1372 596 1414 674 τῷ
1434 593 1508 674 μηδὲ

261 692 349 777 μόριά
370 717 435 762 πως
456 690 546 778 ἔχειν,
569 690 604 756 δι’
633 695 674 756 ὧν
695 695 725 757 αἱ
748 691 812 756 κατ’
828 679 951 761 7ἐκείνας
973 693 1023 760 τὰς
1046 693 1179 775 δυνάμεις
1201 691 1349 776 ἐνέργειαι.

346 794 447 859 Αίτίαν
469 797 501 858 δέ
516 796 640 878 ἡγητέον
662 796 710 859 καὶ
732 800 783 859 τοῦ
798 795 857 858 ἀπὸ
874 795 924 879 μὲν
940 799 997 857 τῶν
1021 801 1121 879 φυτῶν
1137 794 1334 878 ἀφαιρούμενα
1356 818 1418 858 τινα
1435 796 1508 880 μέρη

233 903 316 981 stip
337 921 369 960 τε
391 900 440 961 καὶ
462 899 644 962 τελειοῦσθαι
666 899 815 971 δύνασθαι,
839 897 942 982 μηκέτι
964 898 996 960 δέ
1016 898 1064 960 καὶ
1086 903 1143 960 τιῖνν
1160 894 1255 981 ζῴων,
1279 896 1322 960 ὅτι
1343 902 1433 961 ταῦτα
1457 900 1508 981 μὲν
1524 917 1549 958 νο

262 1002 314 1084 τὴν
337 1001 495 1085 θρεπτικὴν
518 999 608 1085 μόνην
631 1002 728 1086 ψυχὴν
751 999 870 1085 ἔχοντα,
898 1000 959 1084 ἣτις
981 998 1057 1062 ἐστὶν
1080 998 1110 1061 ἐν
1133 1001 1216 1062 παντὶ
1239 1004 1280 1085 tq]
1305 1004 1433 1085 σώματι,
1461 1004 1508 1066 καὶ

261 1104 308 1165 διὰ
332 1107 417 1166 τοῦτο
440 1100 508 1165 ὄντα
530 1103 713 1188 ἁπλούστεραί
738 1127 770 1166 τε
792 1104 840 1167 καὶ
867 1101 901 1166 οὐ
924 1101 1046 1184 δεόμενα
1068 1101 1212 1164 τοσούτων
1235 1102 1379 1186 δργοίνων,
1406 1103 1450 1167 ὅτι
1473 1104 1507 1168 ἂν

263 1205 364 1288 μόριον
387 1204 483 1268 αὐτῶν
506 1206 665 1289 ἀφαιρεθὲν
689 1207 802 1290 δυνηθῇ
830 1207 882 1290 τὴν
905 1205 935 1268 ἐν
957 1204 1040 1289 αδτιγῖ
1063 1203 1181 1285 δύναμιν
1205 1205 1361 1289 θρεπτικὴν
1384 1212 1508 1290 τηρῆσαι

260 1305 299 1368 δι’
320 1306 455 1390 εὐπορίαν
476 1312 595 1390 τροφῆς,
617 1307 743 1380 σώζεταί
764 1309 864 1370 τεκαὶ
888 1306 987 1389 ὅμοιον
1008 1311 1051 1390 τῷ
1076 1305 1136 1390 ὅλῳ
1159 1306 1273 1388 γίνεται.
1308 1305 1375 1371 καθ’
1396 1310 1432 1392 ἣν
1454 1309 1507 1392 γὰρ

218 1425 247 1469 νυ
260 1411 381 1492 δύναμιν
404 1410 515 1494 ἐνεργεῖ
538 1411 586 1473 καὶ
613 1409 649 1472 τὰ
671 1409 729 1473 ἀπὸ
757 1409 921 1494 σπέρματος
945 1413 1124 1492 γεννώμενοι,
1152 1409 1226 1472 κατὰ
1253 1410 1357 1493 ταύτην
1384 1411 1505 1494 ἐνεργεῖν
1521 1429 1548 1469 ευ

259 1515 309 1578 καὶ
330 1513 421 1576 ταῦτα
442 1513 491 1575 nini
512 1536 553 1588 τε,
576 1511 664 1594 οὔσης
687 1512 785 1581 αὐτοῖς
807 1498 837 1575 ἐν
857 1512 947 1595 ταύτῃ
971 1514 1018 1574 καὶ
1040 1518 1097 1604 τῆς,
1112 1511 1302 1596 τελειότητος·
1327 1513 1374 1576 ἐπί
1396 1515 1428 1577 δέ
1451 1520 1507 1578 τῶν

261 1616 350 1700 ζῴων
373 1614 430 1700 οὐχ
445 1616 554 1698 ὁμοίως
575 1615 605 1677 ἐν
620 1616 704 1677 παντὶ
726 1613 807 1699 αὐτῷ
832 1615 1078 1699 παρεσπαρμέναι,
1102 1615 1145 1677 διδ
1162 1615 1230 1678 οὐδὲ
1251 1615 1281 1678 ἐν
1304 1622 1345 1703 τῷ
1369 1618 1506 1702 ἀφαιρου-

219 1794 222 1799 ,
260 1719 341 1803 με’νῳ
369 1717 459 1803 μέρει.
504 1716 538 1779 οὐ
564 1718 619 1802 γὰρ
646 1718 823 1801 δμοιομερὴς
850 1718 869 1800 ἡ
897 1719 988 1779 τῶνδε
1014 1718 1111 1801 ψυχή,
1138 1719 1236 1801 ὥσπερ
1263 1742 1282 1801 η
1311 1723 1368 1780 τῶν
1396 1726 1507 1805 φυτῶν,

260 1819 330 1884 οὔτε
352 1820 470 1902 δύναμίς
493 1818 568 1883 ἐστιν
591 1819 621 1881 ἐν
643 1819 741 1887 αὐτοῖς
763 1818 879 1882 ἐκείνων
901 1818 989 1899 τινος,
1013 1821 1112 1904 ὥσπερ
1136 1821 1165 1883 ἐν
1188 1824 1248 1889 τοῖς
1270 1821 1440 1905 σπέρμασιν,
1464 1825 1507 1905 τῷ

218 1926 313 2007 νυτὴν
335 1923 431 2008 ἀρχὴν
455 1922 490 1985 τὰ
513 1920 587 2006 μέρη
610 1922 699 1984 ταῦτα
722 1922 796 2004 μηδὲ
818 1921 934 1985 δεκτικὰ
949 1922 1074 1986 ’ἐκείνων
1096 1922 1193 1986 αὐτῶν
1215 1922 1289 1986 εἶναί
1302 1946 1387 1993 τινος,
1409 1921 1507 1986 ἔπειτα

223 2024 230 2033 ’
260 2027 295 2091 δὲ
319 2027 368 2089 καὶ
391 2026 443 2108 τὴν
465 2025 574 2109 τροφὴ-ν
602 2024 676 2087 αὐτὰ
699 2024 774 2108 μηδὲ
803 2026 844 2092 ὡς
873 2022 975 2109 ἔτυχεν
998 2025 1139 2089 δύνασθαι
1167 2027 1335 2112 λαμβοίνειν,
1363 2025 1437 2088 ἀλλὰ
1459 2026 1506 2088 διαί

260 2151 344 2192 τινων
367 2125 578 2212 ἀφωρισμένων
603 2127 741 2209 δργοίνων,
765 2126 784 2188 ἃ
804 2125 861 2212 οὐχ
884 2126 944 2190 οἷον
966 2128 997 2190 τέ
1017 2127 1077 2192 ἐστι
1099 2134 1159 2197 τοῖς
1182 2130 1222 2212 μὴ
1238 2129 1296 2191 οῖπδ
1313 2134 1549 2213 σπερματικῇςκε

259 2233 356 2317 ἀρχῆς
379 2229 597 2311 συνισταμένοις
618 2229 837 2312 προσγενέσθαι,
860 2233 901 2298 ὡς
923 2229 972 2299 τὰς
996 2231 1074 2314 ῥίζας
1095 2236 1155 2300 τοῖς
1177 2237 1285 2316 φυτοῖς.
1328 2231 1432 2295 ἐκεῖναι
1457 2232 1507 2315 μὲν

205 2491 217 2542 l
247 2490 327 2560 ἀργοῖς
345 2475 396 2541 σοι.
507 2489 522 2540 ti
551 2492 610 2555 pust
627 2487 718 2564 ἔχοντα
736 2488 821 2540 addit:
841 2489 887 2541 wie
906 2489 1028 2540 erliutert
1047 2488 1150 2540 worden
1268 2490 1283 2542 6
1311 2486 1387 2558 ἐστὶν]
1406 2491 1461 2543 sich
1481 2491 1562 2545 findet
1591 2534 1595 2543 .

202 2593 258 2628 rar.
278 2576 335 2628 lect
356 2575 496 2628 rerbreitet
514 2577 548 2627 ist
671 2575 738 2627 6-7
765 2576 808 2627 καὶ
826 2573 866 2627 διὰ
884 2574 1120 2642 τοῦτο-δεόμενα]
1145 2575 1222 2628 daher
1242 2577 1297 2629 weil
1322 2578 1360 2630 sie
1378 2576 1509 2631 einfeeher
1527 2580 1562 2632 ist

201 2664 258 2716 und
278 2664 351 2715 nicht
370 2663 473 2727 beders,
496 2663 580 2715 addit:
605 2663 652 2715 nie
676 2663 723 2715 dns
742 2662 821 2716 Thier
944 2661 1012 2713 7-9
1041 2659 1079 2714 ὅτι
1097 2660 1274 2732 ἂν-γίνεται]
1299 2664 1406 2717 welcher
1425 2665 1481 2717 Teil
1504 2666 1561 2719 der-

202 2752 294 2804 eeiben
312 2751 378 2804 auch
399 2751 572 2819 abgesondert
589 2751 706 2815 worden,
730 2764 758 2802 so
778 2765 882 2819 rermng
905 2767 932 2803 er
950 2749 991 2801 die
1014 2749 1145 2802 nithrende
1166 2748 1252 2815 Krnft,
1275 2751 1317 2803 die
1337 2735 1369 2803 in*
1384 2752 1437 2803 ihm
1457 2753 1505 2815 ist,
1529 2769 1561 2804 zu

203 2839 355 2903 bewahren,
379 2854 454 2890 n'enn
473 2854 500 2888 er
523 2836 565 2888 die
583 2837 709 2906 Nahrung
731 2836 831 2906 gesund
854 2837 908 2888 und
931 2841 979 2905 μοι
997 2837 1090 2889 findet:
1119 2854 1146 2889 er
1164 2837 1261 2905 gleicht
1283 2837 1339 2889 also
1363 2838 1408 2890 der
1426 2839 1561 2905 totaliter,

203 2943 256 2979 ron
274 2927 318 2979 der
335 2943 362 2979 er
381 2924 555 2992 nbgesondert
573 2924 675 2976 worden
782 2922 865 2975 9-11
887 2920 950 2979 καθ’
971 2923 1212 2994 ἢν-τελιιότητος]
1232 2925 1318 2977 Ιλιιιεέι
1336 2925 1378 2977 die
1396 2926 1472 2978 Krait
1489 2930 1560 2979 uim·

203 3014 265 3077 lien,
285 3013 404 3065 rredurch
424 3013 471 3064 das
490 3011 573 3076 wirkt,
590 3027 643 3063 uns
661 3027 708 3063 aus
727 3012 784 3064 dein
802 3009 897 3063 Samen
916 3018 1021 3079 erzeugt
1039 3011 1109 3074 wird‚
1128 3012 1231 3064 kinnen
1251 3011 1315 3063 auch
1332 3012 1393 3079 jene
1412 3013 1485 3065 Teile
1503 3015 1561 3066 uir·

202 3103 265 3163 ken,
284 3102 317 3152 dn
335 3103 374 3153 sie
394 3098 537 3168 gleiehfnlls
555 3100 585 3152 in
603 3099 688 3151 dieser
707 3097 783 3150 Kreft
801 3097 843 3150 die
862 3098 1029 3166 vellendung
1049 3100 1165 3152 besitzen
1279 3099 1380 3151 11-18
1406 3100 1447 3153 ἐπὶ
1465 3099 1491 3152 δέ
1509 3107 1561 3152 τῶν

203 3188 312 3258 -ρίζας
329 3193 383 3244 τοῖς
400 3188 497 3256 φυτοῖς]
516 3187 590 3240 Beim
609 3186 703 3238 Thiere
721 3186 757 3237 ist
774 3186 836 3237 aber
853 3184 900 3237 dns
918 3186 1083 3254 unmdglich,
1104 3187 1160 3239 weil
1181 3188 1209 3238 in
1227 3186 1279 3239 ihm
1298 3186 1409 3240 furwahr
1427 3188 1500 3240 nicht
1518 3189 1561 3241 die

202 3415 234 3485 2,
249 3412 358 3482 ἐνεργέία
377 3429 393 3464 ε
498 3413 515 3464 4
545 3409 600 3475 ,διὰ
618 3410 643 3463 τί
660 3409 709 3464 ἀπὸ
728 3410 774 3479 μέν
792 3416 844 3462 τῶν
863 3417 949 3480 φυτῶν
968 3410 1137 3481 ἀφαιροθμενα
1156 3413 1219 3482 μέρη
1239 3413 1270 3483 ζῇ
1288 3413 1331 3464 καλ
1348 3410 1493 3473 τελειοῦται,
1511 3410 1560 3464 ἀπὸ

201 3501 229 3553 δὲ
249 3506 300 3552 τῶν
319 3498 394 3569 ζῴων
413 3498 522 3552 οὒκέτι.“
560 3499 641 3550 αἰτίαν
660 3496 686 3550 δέ
705 3499 753 3562 Va,
771 3500 822 3551 nisi
843 3499 912 3566 quod
931 3515 947 3551 ιι
964 3500 995 3551 τὰ
1015 3499 1077 3568 μέρη
1173 3500 1188 3550 d
1208 3499 1299 3572 ἔχοντα
1318 3497 1440 3551 δέδεικται
1457 3499 1561 3567 legebat

202 3590 289 3642 Arabs
383 3587 399 3638 7
418 3586 455 3639 ἐτι
474 3588 509 3638 V:
527 3587 576 3659 ἄρα
595 3603 610 3638 ιι
704 3584 719 3637 9
739 3585 771 3638 cf.
790 3585 863 3651 324:
882 3585 945 3638 ἀλλὰ
964 3586 1014 3656 μἠν
1033 3587 1099 3638 κατὰ
1117 3585 1220 3656 πρώτην
1238 3587 1285 3655 τὴν
1303 3586 1440 3657 θρεπτικὴν
1459 3584 1560 3654 δΰναμιν

202 3678 297 3747 ἐνεργεῖ
313 3677 394 3727 πάντα
411 3675 443 3726 τὰ
461 3673 510 3726 ἀπὸ
528 3680 581 3727 τῶν
599 3662 722 3747 ἐμψΰχωθ
741 3673 870 3744 σπέρματα
985 3674 1086 3726 11-Ιό
1114 3673 1153 3725 ἐπὶ
1171 3672 1197 3724 δέ
1215 3680 1268 3725 τῶν
1287 3671 1466 3743 ζῴων-εἷναί
1484 3672 1559 3741 τινος]

202 3780 283 3832 ευριπ
300 3763 502 3833 παρεσπαρμένον
520 3777 613 3814 manus
632 3762 808 3814 recentissima
827 3761 896 3830 μέρει
914 3761 1019 3828 scripsit
1038 3761 1059 3811 V
1079 3761 1135 3827 (12)
1223 3760 1294 3830 aurp]
1313 3778 1328 3813 a
1346 3760 1403 3826 (15)
1497 3760 1560 3813 haec

204 3867 298 3904 manca
317 3867 373 3903 esse
386 3854 412 3902 et
424 3854 540 3918 apertum
560 3854 599 3902 est
617 3853 643 3901 et
656 3847 790 3901 confirmat
808 3848 987 3915 interpretatio
1001 3848 1130 3901 hebraica.
1158 3864 1235 3916 quam
1254 3851 1359 3899 secutus
1372 3853 1455 3899 totum
1474 3847 1558 3900 lecum
1580 3837 1586 3848 '

203 3941 241 3991 ita
260 3939 312 3990 iere
331 3939 466 3990 restituere
485 3941 595 3989 cenatus
614 3953 679 3989 sum.
707 3935 747 3987 ἐπὶ
765 3933 791 3986 δέ
809 3941 861 3987 τῶν
874 3933 948 4005 ζῴων
967 3933 1027 4006 (οὐχ
1045 3934 1083 3986 nid
1101 3953 1128 3986 τε
1146 3934 1192 4002 (se.
1211 3934 1325 4005 τὰμέρη
1344 3937 1422 3986 ταῦτα
1436 3935 1559 4004 ἐνεργεῖν),

203 4024 243 4077 δτι
264 4024 294 4077 οὐ
318 4025 394 4093 μόνον
417 4025 433 4093 ἠ
456 4024 593 4096 θρεπτική,
618 4022 681 4076 ἀλλὰ
703 4024 746 4075 καὶ
768 4021 842 4075 ἄλλαι
863 4021 942 4095 ψυχαί
963 4022 1023 4074 είσιν
1045 4022 1071 4074 ἐν
1093 4025 1131 4091 τῷ
1155 4020 1225 4091 ζῴῳ)
1248 4019 1295 4091 οὺχ
1319 4020 1414 4088 ὁμοίως
1437 4022 1463 4072 ἐν
1486 4022 1577 4073 παντί
1670 4028 1675 4039 “

202 4113 273 4182 αὐτῷ
292 4112 496 4182 παρεσπαρμέναι
514 4110 561 4179 (διὸ
580 4111 636 4164 οὐδέ
655 4112 737 4181 ἐντῷ
756 4110 930 4182 ἀφαιρουμένῳ
949 4110 1030 4180 μέρει·
1059 4108 1087 4160 nd
1106 4111 1152 4180 γὰρ
1171 4108 1321 4179 δμοιομιρὴς
1343 4109 1359 4178 ἡ
1381 4109 1461 4161 τῶνδε
1479 4109 1558 4179 ψυχή,

203 4200 287 4271 ὥσπερ
307 4200 389 4269 ἡτῶν
401 4199 500 4268 φυτῶν)
520 4197 589 4252 otei
607 4197 710 4268 δι’νναμίς
728 4197 792 4250 ἐστιν
811 4196 933 4255 ἐνάδτοῖς
945 4197 1048 4248 ἐκείνων
1060 4195 1135 4262 τινός,
1153 4195 1236 4266 ὥσπερ
1249 4197 1276 4249 ἐν
1294 4203 1346 4254 τοῖς
1358 4198 1502 4266 σπέρμασιν,
1520 4200 1559 4265 τῷ

203 4290 252 4357 τἠν
269 4288 352 4360 ἀρχὴν
370 4288 403 4339 τὰ
421 4287 484 4356 μέρη
504 4291 582 4339 ταῖκτα
600 4286 663 4356 μηδὲ
681 4284 785 4337 δεκτικὰ
803 4283 907 4337 ἐκείνων
926 4283 1010 4336 αὐτῶν
1029 4283 1091 4336 εἶναί
1108 4303 1173 4343 τινος
1287 4285 1320 4336 ud
1343 4283 1379 4336 διὸ
1398 4282 1455 4336 οὐδὲ
1477 4285 1503 4335 ἐν
1521 4286 1559 4353 rui

203 4375 382 4447 ἀφαιρουμένῳ
401 4376 471 4445 μέρει
490 4373 612 4442 suppleas
631 4371 725 4441 ὁμοίως
743 4371 769 4422 ἐν
788 4373 861 4424 παντὶ
879 4370 948 4442 αὐτῷ
966 4372 1168 4443 παρεσπαρμένοι
1186 4372 1245 4425 εἰσὶν
1263 4373 1289 4424 αἱ
1306 4372 1393 4441 φυγαί.
1421 4369 1458 4424 ὅτι
1476 4388 1559 4440 usque

203 4463 237 4515 ad
254 4469 343 4532 φυτῶν
365 4462 475 4529 primam
494 4463 635 4524 rationem,
662 4475 708 4511 eur
727 4459 845 4512 desectae
867 4459 1018 4511 animalium
1044 4464 1128 4528 partes
1146 4475 1222 4528 agere
1246 4464 1391 4528 nequeant,
1414 4461 1558 4513 continent.

204 4550 236 4602 de
254 4549 351 4618 quibus
369 4549 494 4603 disserere
512 4548 597 4617 pergit
616 4547 701 4600 verbis
724 4545 886 4598 οδδέ-είναί
903 4564 982 4609 τινος,
1006 4563 1072 4614 qnae
1096 4547 1133 4599 sie
1156 4547 1306 4616 intelleges:
1338 4565 1427 4612 „neque
1443 4547 1559 4610 spondae

206 4639 266 4687 inm
284 4640 309 4687 in
328 4638 364 4687 eie
383 4638 527 4704 (partibus)
545 4653 612 4693 τινος
627 4633 731 4687 ἐκείνων
750 4635 783 4697 (ί.
797 4655 817 4684 e.
838 4635 910 4685 ullius
928 4633 1021 4684 illorum
1040 4634 1206 4700 ααίνιαίίυνι),
1223 4635 1292 4704 quali
1302 4634 1427 4700 facultate
1441 4634 1559 4703 praedita

206 4735 259 4774 ναιιι
276 4725 393 4775 seminn“.
431 4724 505 4776 cuius
527 4725 564 4776 rei
588 4729 676 4776 eaesi
701 4737 780 4775 causa
805 4722 885 4786 „quod
904 4721 949 4769 dne
969 4733 1054 4785 purten
1070 4722 1137 4771 nihil
1159 4722 1251 4773 omnino
1274 4739 1353 4771 eorum
1375 4722 1483 4789 recipere
1498 4739 1558 4789 pos-

207 4825 267 4873 wnr,
286 4829 348 4877 qnae
367 4811 417 4862 dtis
434 4812 495 4877 ipsis
514 4810 628 4878 (ἐκείνων
646 4809 732 4863 αὐτῶν
751 4825 787 4862 sc.
806 4809 962 4875 animaliter)
978 4811 1080 4877 propriu
1099 4811 1177 4858 eund.
1206 4805 1264 4861 οὔτε
1282 4809 1380 4861 mutavi
1399 4809 1427 4860 in
1446 4806 1511 4872 οίιδέ,
1529 4813 1558 4860 ut

210 4897 296 4951 nm
319 4897 433 4964 153129,
452 4899 504 4952 nisi
523 4899 605 4950 meris
623 4895 681 4950 οὔτε
701 4896 778 4966 μόνον
796 4896 812 4965 ἡ
832 4894 963 4966 θρεπτική,
983 4906 1007 4947 .’.
1026 4892 1083 4947 οὔτε
1101 4894 1285 4964 δυναμίςέστιν
