3540 5610
589 294 670 354 ΠΕΡΙ
690 293 850 352 ΚΡΑΣΕΩΣ
869 295 930 353 ΚΑΙ
950 296 1127 355 ΑΥΕΗΣΕΩΣ
1148 301 1213 353 1-2
1515 302 1577 368 215

271 468 367 550 μένων
390 467 421 531 έν
443 473 480 552 τῇ
504 469 652 554 διαιρέσει,
685 469 746 533 ἀλλ’
774 471 981 554 άναλυομένων
1014 472 1056 541 εἰς
1088 471 1125 533 τὰ
1158 478 1288 558 στοιχεῖα
1315 472 1435 543 καὶτὰς
1458 471 1524 536 άτό-
1538 490 1565 532 ευ

272 593 355 655 μους,
378 570 472 640 ἐξιόν
495 572 616 636 ἕκαστον
638 572 734 637 αὐτῶν
757 575 942 657 συγκείμενόν
965 599 1027 643 πως
1050 575 1082 636 τὸ
1110 576 1161 656 μὲν
1177 574 1252 643 οίνος
1268 572 1315 657 ἦν,
1338 576 1371 637 τό
1386 575 1419 637 δὲ
1434 574 1523 659 ύδωρ,

269 674 302 736 τδ
324 674 357 737 δὲ
379 673 455 756 μέλι,
481 676 514 737 τδ
537 675 570 738 δὲ
592 673 663 738 ἄλλο
685 699 721 748 τι,
755 673 856 738 ἔπειτα
878 680 947 760 ποιᾷ
969 676 1079 739 τούτων
1101 683 1159 739 τῶν
1182 678 1337 758 σωμάτων,
1372 676 1401 744 ἐξ
1424 677 1465 738 ὧν
1488 676 1524 760 ἦν

269 777 305 839 τὰ
328 778 484 861 κιρνάμενα
507 779 578 862 πρός
600 776 724 860 άλληλα,
759 777 895 841 συνθέσει
926 781 1090 860 γεννώντων
1119 781 1150 842 τδ
1174 778 1348 860 κεκραμένον
1373 778 1376 859 i
1402 783 1499 861 σῶμα,
1523 787 1576 843 592

234 898 249 946 5
268 878 511 962 συμμιγνυμένων
533 878 616 964 (οὐχ)
639 879 742 949 ύδατός
763 903 794 942 τε
817 881 865 942 καὶ
887 877 979 955 οἴνου,
1014 881 1089 944 ἀλλὰ
1111 884 1169 943 τῶν
1197 882 1359 965 ύδρυποιῶν
1393 880 1522 964 ἀτόμων,

269 989 311 1055 όνς
332 984 367 1048 ἂν
389 984 466 1049 είποι
488 1009 540 1062 τις,
564 991 627 1055 ταῖς
647 986 812 1060 οίνοποιοῖς,
846 987 945 1069 φθορᾷ
961 1009 993 1049 τε
1015 988 1063 1050 καὶ
1095 988 1205 1068 γενέσει
1234 992 1320 1049 τινῶν
1347 989 1399 1072 τὴν
1422 990 1522 1069 κρᾶσιν

272 1088 403 1169 γίνεσθαι
431 1088 538 1170 λέγων·
572 1086 619 1173 (ir)
640 1089 695 1173 γὰρ
718 1090 759 1157 εἰς
780 1089 815 1151 τόι
839 1090 1127 1172 στοιχεῖα·ἀνάλυσις
1150 1091 1273 1154 ἑκάστου
1295 1091 1344 1153 καὶ
1365 1092 1384 1171 ἡ
1408 1091 1521 1152 ἐκτῶν

269 1190 421 1274 στοιχείων
437 1189 573 1259 σύνθεσις
594 1190 691 1254 αὐτῶν
714 1191 759 1273 (τό
783 1191 834 1272 μὲν
857 1188 988 1273 γένεσις),
1010 1192 1042 1253 τδ
1066 1192 1098 1254 δὲ
1117 1194 1224 1276 φθορά.
1262 1192 1370 1255 τούτων
1394 1192 1446 1275 μὲν
1470 1189 1520 1254 σύν
1548 1207 1562 1248 ε

269 1289 336 1355 οὔτε
358 1294 385 1355 σί
407 1293 459 1375 τὴν
482 1292 643 1376 παράθεσιν
677 1293 844 1376 αἰτιώμενοι
867 1298 918 1375 τῆς
940 1293 1073 1375 κράσεως
1097 1293 1164 1356 οὔθ’
1192 1297 1218 1356 οἱ
1242 1297 1294 1377 τὴν
1321 1295 1362 1363 είς
1389 1294 1425 1357 τό
1447 1314 1521 1356 στοι·

221 1413 253 1460 ιο
271 1399 340 1479 χεῑα
362 1394 497 1458 ἀνάλυσιν
521 1395 573 1477 τὴν
595 1396 660 1478 περὶ
684 1396 736 1478 τὴς
758 1396 891 1478 κράσεως
906 1397 1035 1467 σώζουσι
1057 1395 1210 1480 πρόληψιν,
1234 1394 1312 1479 εἴγε
1335 1399 1354 1480 η
1378 1397 1430 1480 μὲν
1452 1399 1520 1479 κρᾶ-

269 1517 313 1564 σις
334 1495 407 1559 εἶναι
429 1498 511 1559 δοκεῖ
531 1496 561 1559 ἐν
585 1497 689 1560 ένιύσει
709 1500 768 1559 τῶν
791 1496 987 1580 κεκραμένων,
1011 1500 1052 1566 ὡς
1074 1499 1164 1580 μηδὲν
1188 1500 1286 1580 μόριον
1309 1503 1360 1561 τοῦ
1375 1500 1521 1582 κράματος

267 1597 387 1681 ἄμικτον
409 1598 484 1662 εἶναί
504 1622 580 1668 τινος
601 1603 660 1662 τῶν
682 1600 838 1682 σωμάτων,
862 1600 891 1668 ἐξ
914 1600 955 1661 ὧν
978 1600 1011 1661 τδ
1035 1600 1220 1683 κεκραμένον,
1243 1598 1310 1663 οὔτε
1333 1601 1365 1663 δὲ
1386 1603 1406 1682 ἡ
1430 1602 1520 1683 παρά·
1535 1617 1562 1658 ιυ

269 1701 350 1770 θεσις
372 1701 483 1777 ένωσις,
507 1700 575 1764 οὔτε
597 1703 617 1784 ἡ
640 1701 739 1785 φθορά
760 1725 792 1764 τε
814 1703 861 1765 καὶ
884 1702 1125 1787 άναστοιχείωσις
1148 1703 1222 1785 μῖὲίς
1243 1703 1317 1767 ἐστι·
1341 1704 1430 1787 ἡγὰρ
1448 1703 1520 1786 μῖξις

269 1803 445 1886 σωζομένων
466 1803 603 1886 γενέσθαι
625 1805 714 1867 δοκεῖ.
752 1804 787 1866 οὐ
809 1804 864 1886 γὰρ
886 1802 959 1866 αὐτὰ
983 1804 1146 1887 μιγνύουσιν
1169 1806 1195 1868 oi
1218 1809 1319 1868 τοῦτον
1342 1806 1391 1868 τόν
1414 1805 1519 1890 τρόπον

216 1925 247 1973 15
264 1908 318 1990 τὴν
352 1910 452 1990 κρᾶσιν
480 1906 611 1986 γίνεσθαι
644 1906 786 1988 λέγοντες,
820 1902 879 1968 ἀλλ’
907 1905 937 1974 έΕ
960 1906 1000 1967 ὧν
1027 1906 1088 1969 ἐστι
1114 1910 1204 1968 ταῦτα
1225 1906 1322 1969 ἐκεῖνα
1346 1907 1518 1990 μιγνύουσιν.

266 2008 293 2070 εί
313 2008 346 2071 δὲ
368 2008 400 2071 ἐκ
422 2011 482 2070 τῶν
504 2006 600 2070 αὐτῶν
636 2008 789 2092 στοιχείων
824 2007 884 2070 οἶόν
907 2030 939 2069 τε
961 2008 1009 2070 καὶ
1044 2009 1122 2092 ύδωρ
1149 2011 1196 2072 καὶ
1225 2008 1302 2071 οἶνον
1324 2009 1459 2090 γενέσθαι
1482 2013 1561 2093 τῇισ

268 2115 337 2193 ποιᾷ
360 2109 494 2173 συνθέσει
517 2132 549 2172 τε
572 2110 620 2172 καί
642 2114 806 2194 περιπλοκῇ
841 2115 893 2193 τῆς
914 2114 972 2173 τῶν
995 2109 1151 2192 γινομένων
1186 2111 1216 2179 ἐξ
1248 2110 1345 2173 αὐτῶν
1378 2113 1519 2196 διαφορᾶς

265 2211 455 2295 γεννωμένης,
478 2209 541 2275 οὐδ’
563 2213 640 2280 όλως
663 2210 697 2274 ἂν
719 2209 761 2274 έτι
784 2217 883 2294 κρᾶσις
905 2212 1015 2275 τούτων
1031 2214 1136 2294 γίνοιτο
1159 2218 1201 2297 τῷ
1218 2217 1256 2294 τῇ
1279 2213 1519 2298 ἀναστοιχειιύσει

266 2315 440 2399 φθείρεσθαι
463 2318 563 2384 ταῦτα,
587 2311 653 2378 καθ’
682 2314 742 2398 ἃΐη
766 2319 867 2398 κρᾶσις
891 2320 949 2377 τῶν
972 2314 1151 2398 κιρναμένων
1179 2315 1293 2397 γίνεται.
1336 2317 1443 2397 γίνεται
1466 2318 1517 2398 μὲν

212 2437 248 2484 20
266 2417 321 2500 γὰρ
342 2419 362 2500 ἡ
385 2421 486 2500 κρᾶσις
520 2414 723 2500 διαΙφερόντων
750 2420 834 2478 τινῶν
857 2416 931 2480 κατὰ
959 2416 1108 2500 ποιότητα,
1142 2417 1298 2501 ἀναιρεῖται
1326 2419 1358 2480 δὲ
1380 2420 1400 2502 ἡ
1424 2421 1496 2483 κατὰ
1520 2430 1572 2486 593

266 2522 351 2582 τοῦτο
384 2519 509 2603 διαφορὰ
542 2524 602 2588 τοῖς
629 2516 746 2602 ἔχουσιν
775 2518 866 2602 αὐτὴν
895 2519 925 2581 ἐν
948 2523 984 2601 τῇ
1009 2524 1066 2581 τῶν
1089 2519 1185 2581 αὐτῶν
1212 2524 1281 2603 ποιᾷ
1309 2521 1445 2584 συνθέσει
1467 2528 1519 2606 τῆς

266 2620 433 2690 συνθέσεως
455 2621 552 2685 αὐτῶν
569 2621 779 2705 ἀναιρεθείσης.
814 2618 957 2701 ῒθίσως
971 2622 1004 2683 δὲ
1026 2622 1074 2684 καὶ
1096 2626 1156 2690 τοῖς
1179 2620 1209 2689 ἐξ
1232 2621 1376 2685 ἐπιπέδων
1398 2629 1519 2705 γεννῶσι

265 2724 301 2787 τὰ
324 2727 448 2806 στόματα
470 2725 489 2807 ἡ
513 2728 613 2807 κρᾶσις
635 2724 742 2805 γίνεται
769 2723 843 2786 κατὰ
877 2723 1116 2808 άναστοιχείωσίν
1150 2747 1221 2787 τινα.
1266 2725 1292 2786 εἰ
1326 2726 1378 2806 μὲν
1405 2724 1455 2789 οόν
1483 2727 1519 2811 ἦν
1546 2747 1560 2788 r

266 2823 377 2911 ἔχουσά
399 2850 425 2889 τι
447 2828 502 2910 ἥδε
525 2828 544 2909 ἡ
568 2828 633 2910 περὶ
655 2830 714 2889 τῶν
736 2826 838 2909 ἀρχῶν
861 2825 930 2895 δόξα
952 2822 1081 2906 εύλυγον,
1111 2824 1180 2893 ἴσως
1203 2825 1250 2887 ἐπὶ
1273 2825 1360 2888 πλέον
1384 2825 1444 2890 ἔδει
1467 2831 1518 2912 τὴν

210 2948 244 2998 25
263 2928 389 2998 ἐξέτασιν
422 2928 570 2992 ποιεῖσθαι
602 2933 655 3011 τῆς
688 2933 788 2991 τυύτον
822 2929 871 2990 τδν
894 2925 1000 3011 τρόπον
1035 2927 1164 3008 γίνεσθαι
1190 2927 1348 3011 λεγομένης
1376 2933 1517 3013 κράσεως,

265 3031 459 3116 έλεγχομένης
481 3031 514 3094 δὲ
537 3030 648 3114 ἐκείνης
671 3032 801 3114 περιττὸν
824 3031 857 3091 τό
882 3033 977 3112 ζητεῖν
1000 3027 1053 3104 ἔτι,
1085 3030 1111 3092 εἰ
1134 3030 1207 3092 κατὰ
1235 3031 1396 3114 παράθεσιν
1420 3039 1517 3117 μερῶν

263 3134 283 3216 ἦ
306 3134 378 3216 μῖξιν
401 3133 520 3216 ἀτόμων
555 3133 573 3215 ἢ
597 3132 741 3195 ἐπιπέδων
766 3157 784 3216 η
808 3132 925 3215 ἀμερῶν
948 3154 1032 3195 τινων
1055 3133 1201 3214 σωμάτων
1235 3134 1254 3214 ἡ
1278 3136 1379 3215 κρᾶσις
1401 3135 1517 3216 γίνεται.

263 3237 308 3298 διδ
330 3237 395 3319 περὶ
418 3236 471 3315 μὲν
494 3241 546 3318 τῆς
568 3238 627 3297 τῶν
649 3234 793 3303 τοιαύταις
827 3235 934 3319 ἀρχαῖς
956 3234 1117 3318 χρωμένων
1142 3235 1299 3317 διαφωνίας
1321 3259 1352 3298 τε
1375 3238 1447 3321 πρὸς
1469 3239 1558 3300 eii-1⁰

262 3339 367 3421 λήλους
400 3339 449 3402 καὶ
482 3336 567 3420 δόξης
599 3337 664 3420 περὶ
692 3337 824 3418 κράσεως
852 3336 935 3399 οὐδὲν
964 3339 1011 3399 δεῖ
1036 3337 1243 3420 requireretis
1266 3337 1360 3418 λόγον.
1406 3338 1516 3423 οὐγὰρ

212 3460 245 3508 30
262 3440 484 3524 ἐπίδειξις-ἡμῖν
508 3439 634 3520 ἱστορίας
656 3440 704 3502 καὶ
727 3442 837 3520 πολλῆς
858 3443 996 3522 γνώσεως
1018 3441 1050 3501 τδ
1073 3439 1272 3522 προκείμενον,
1302 3437 1362 3503 ἀλλ’
1390 3440 1516 3510 ἐξέτασίς

262 3542 362 3606 τεκαὶ
386 3543 505 3626 ζήτησις
526 3545 588 3615 τοῦ,
612 3546 675 3609 πῶς
698 3539 732 3603 άν
755 3565 796 3610 τις
818 3540 911 3624 λέγων
932 3541 1063 3624 γίνεσθαι
1086 3541 1136 3610 τὰς
1160 3543 1277 3624 κράσεις
1291 3548 1350 3605 τῶν
1367 3546 1511 3624 σωμάτων

261 3648 425 3731 συμφώνως
460 3642 539 3726 λέγοι
571 3648 634 3712 ταῖς
667 3647 732 3728 περὶ
759 3642 854 3708 αὐτῶν
885 3644 1042 3727 αἰσθήσεσί
1063 3667 1094 3706 τε
1116 3644 1165 3706 καὶ
1187 3649 1296 3712 κοιναῖς
1322 3645 1513 3729 προσληψεσι.
1529 3663 1555 3705 ιε

209 3914 220 3965 1
240 3912 287 3976 τίς]
304 3911 326 3964 εί
343 3930 371 3963 ετ
390 3910 451 3968 ίςίδ
539 3907 556 3960 3
575 3906 659 3960 ίπειτα
679 3907 739 3977 ποιᾷ
756 3907 862 3971 Usener,
881 3909 915 3970 cs.
929 3906 1055 3975 Epicurea
1071 3924 1097 3970 p.
1110 3907 1220 3970 207‚13:
1239 3905 1279 3957 ἐπὶ
1298 3907 1329 3958 τό
1347 3908 1406 3960 ποιά
1424 3909 1484 3961 libri

206 4001 320 4067 ίσωμα
345 3998 397 4063 (ού)
418 3996 502 4050 ideier
584 3994 827 4062 ύσυμμιγνυμένων
846 3992 916 4065 <ούχ>
935 3993 1032 4046 Usener
1138 4011 1165 4045 τε
1184 4009 1204 4045 s.
1218 4010 1242 4045 ν.
1262 3999 1285 4044 Α
1392 3993 1516 4067 6φθορᾴ
1538 4016 1566 4051 τε

207 4086 316 4141 Usener:
344 4082 450 4154 φθοραῖς
474 4083 534 4136 libri
625 4080 763 4150 Ίηυόιί.
785 4081 882 4134 Usener
970 4080 1085 4138 ἀνάλυσις
1104 4080 1214 4133 Usener:
1233 4078 1363 4139 ἀναλύσεις
1382 4082 1441 4135 libri
1535 4086 1565 4155 η]

205 4173 270 4226 ἐστιν
292 4172 375 4226 Ideler
480 4167 552 4221 8τὸ
577 4169 623 4236 μὲν
647 4167 739 4236 γένεσις
763 4167 820 4219 add.
842 4168 938 4220 Usener
1044 4168 1074 4219 τὸ
1093 4168 1142 4219 del.
1164 4167 1244 4219 ideier
1351 4167 1435 4239 φθορά
1454 4171 1563 4225 Usener:

206 4256 295 4330 φθιῖρα
315 4260 414 4311 Aona:
443 4254 542 4326 φθεῖραι
560 4258 619 4307 BP:
647 4252 787 4326 φθεῖραςδ
894 4252 987 4306 θούθ’
1005 4255 1027 4306 ei
1047 4255 1140 4306 Ideler:
1160 4253 1228 4306 οὗτοι
1247 4254 1306 4306 libri
1400 4257 1430 4308 10
1448 4257 1564 4312 ἀνάλυσιν

204 4347 298 4400 ΙόεΙοττ
317 4346 365 4398 ἀνά
382 4345 443 4397 libri
515 4341 594 4411 είγε]
614 4341 661 4394 είτε
675 4345 716 4395 Re
790 4343 817 4393 ll
839 4343 986 4410 κράμματος
1006 4344 1044 4393 na
1137 4341 1167 4392 12
1187 4341 1212 4393 δὲ
1232 4342 1336 4409 scripsi:
1361 4342 1392 4412 δὴ
1411 4344 1469 4396 libri

207 4433 239 4488 13
256 4433 345 4491 ίνωσις
363 4452 379 4484 ιι
472 4430 535 4494 ίστι]
554 4429 591 4481 ἔτι
609 4433 675 4483 Ana
785 4429 815 4481 15
842 4429 926 4480 ίκεῖνα
945 4443 994 4479 onr.
1014 4428 1096 4480 Ideler
1204 4427 1235 4479 16
1255 4444 1293 4496 pr.
1313 4430 1357 4481 καὶ
1377 4445 1428 4481 em.
1447 4432 1530 4485 Ideler

205 4521 237 4573 17
260 4521 356 4574 ποιόυ
427 4518 558 4588 διαφορᾶς]
585 4515 723 4587 διαφθορᾶς
746 4520 785 4569 Re
893 4515 924 4567 18
946 4518 1114 4585 γεννωμένης]
1139 4517 1273 4585 γενομένης
1296 4516 1379 4568 Ideier
1474 4520 1505 4570 19
1525 4537 1563 4588 pr,

204 4609 297 4677 γίνεται
320 4611 415 4660 οια.Β
506 4604 539 4657 22
567 4603 673 4672 δίσως]
692 4604 787 4672 δμοίως
806 4603 877 4655 Diels
896 4606 972 4657 bene:
1003 4604 1062 4659 ίσως
1080 4603 1163 4656 ldeier
1252 4602 1285 4656 26
1309 4603 1416 4673 ἐκείνης]
1435 4623 1467 4674 ης
1486 4609 1564 4673 periit

203 4696 232 4748 in
248 4699 273 4748 A
380 4693 414 4747 28
432 4694 498 4762 περὶ]
516 4692 685 4763 παρόΒΟΡδ
793 4691 837 4759 μὲν
856 4689 900 4742 ούν
919 4696 966 4760 τῆς
984 4695 1022 4744 Rs
1129 4691 1162 4743 29
1185 4691 1295 4744 fortasse
1313 4689 1387 4760 δόξης
1405 4696 1472 4761 (τῆς)

204 4780 335 4852 μηκύνειν]
360 4778 499 4849 μηνύεινε
604 4777 659 4842 τόν]
679 4778 708 4829 τό
728 4781 775 4830 ΑΒ
866 4777 900 4829 30
917 4776 1012 4844 πολλῆς
1028 4781 1100 4831 sna:
1120 4776 1221 4829 πολλῶν
1235 4781 1327 4830 ΑΒΟΡ
1418 4779 1448 4830 31
1470 4779 1563 4848 λέγων]

202 4869 279 4940 λέγειν
299 4873 339 4924 na
450 4866 559 4939 κράσεις]
584 4882 633 4927 σιις
660 4867 767 4918 evanuit
791 4867 866 4918 inA
976 4865 1009 4918 32
1029 4873 1123 4923 κοιναῖς
1142 4881 1191 4917 om.
1211 4869 1251 4921 Ra
