3540 5610
201 296 242 336 XII
743 313 749 327 ¹
781 292 978 347 PRAEFATIO

288 465 438 533 Continet
460 474 568 533 autern
582 467 769 532 Mantissa
791 465 926 552 primum
949 465 1089 531 minores
1112 465 1398 533 commentationes
1419 462 1463 530 ab
1485 461 1556 548 ipso

201 586 386 651 Alexandro
406 586 449 651 ad
471 586 565 651 finem
588 586 760 671 perductas
783 592 877 651 etex
900 591 992 669 parte
1014 585 1047 649 ni
1068 584 1164 650 fallor
1186 584 1301 669 editas,
1324 583 1414 650 cuius
1429 583 1558 667 generis

202 705 233 771 in
257 705 487 784 Quaestionum
511 705 618 770 1-111
641 710 769 790 praeter
791 706 904 790 111,12
928 705 1110 790 exemplum
1132 723 1196 769 non
1219 702 1362 770 obvenit:
1385 702 1427 768 de
1447 701 1559 767 anima

201 826 344 891 mutilam
369 824 632 908 101,1-106,17‚
655 824 695 889 de
718 832 824 891 mente
848 824 1133 908 106,19-11334,
1155 823 1196 888 de
1211 822 1282 888 visu
1298 821 1474 889 secundum
1488 821 1559 886 Ari·

202 944 656 1027 stotelem141,30-147,25,
692 944 733 1010 de
760 944 868 1009 colore
891 942 1176 1028 147,27-150,18‚
1209 942 1257 1009 de
1278 942 1380 1027 primo
1407 940 1557 1006 familiari

204 1062 486 1146 15030-13337,
510 1062 618 1146 specie
640 1084 706 1129 non
721 1063 849 1130 differre
864 1063 957 1128 virile
979 1067 1011 1126 et
1030 1059 1185 1127 muliebre
1209 1060 1494 1146 168,22-169,32‚
1516 1059 1558 1128 de

201 1183 305 1249 libera
319 1184 486 1248 voluntate
503 1184 824 1269 169‚34-172,1oet
841 1180 1124 1266 tram-moes,
1141 1180 1182 1246 de
1199 1198 1276 1245 casu
1292 1181 1556 1266 1363-17933,

201 1302 243 1368 de
265 1301 331 1367 fato
351 1302 635 1387 179‚25-186,31.
680 1303 766 1388 quod
789 1308 934 1389 superest
953 1300 1245 1387 (11336-14138
1270 1300 1557 1387 rosae-luam)

202 1429 359 1507 occupant
373 1422 452 1488 satis
468 1422 639 1506 singularis
653 1421 780 1506 generis
800 1421 1059 1506 hypomnemata.
1104 1421 1348 1487 collectanea
1369 1421 1457 1487 enim
1472 1427 1557 1506 sunt,

201 1541 234 1607 in
259 1541 374 1625 quibus
400 1543 493 1607 utin
520 1542 767 1608 armamentario
794 1540 966 1608 maximam
992 1547 1253 1624 argumentorum
1279 1540 1405 1625 copiam
1432 1559 1558 1607 coacer-

201 1660 291 1726 vavit
313 1668 435 1744 auctor,
457 1660 572 1744 quibus
594 1661 637 1726 ad
660 1660 865 1727 defendenda
888 1663 1046 1745 quaedam
1070 1661 1190 1746 placita
1216 1668 1359 1727 uteretur
1387 1659 1558 1727 occasione

202 1778 322 1846 oblata.
367 1779 520 1862 dogmata
543 1780 626 1846 enim
649 1781 764 1864 quibus
786 1781 964 1848 inserviunt
986 1782 1067 1848 haee
1089 1781 1234 1847 subsidia
1257 1780 1411 1866 pleraque
1437 1779 1484 1846 ita
1505 1799 1558 1846 ex·

202 1917 315 1983 pressa
337 1904 421 1982 sunt,
445 1906 480 1963 ut
501 1907 613 1982 aperte
635 1900 892 1968 adversariorum
915 1900 996 1967 ratio
1012 1900 1123 1966 habita
1144 1900 1194 1966 sit.
1239 1899 1390 1981 ot118,5
1412 1897 1459 1962 ὅτι
1480 1899 1557 1963 πλεί-

202 2043 251 2087 ους
273 2020 302 2081 αἱ
325 2024 378 2102 τῆς
400 2025 498 2104 ψυχῆς
520 2022 653 2103 δυνάμεις
675 2023 732 2084 καὶ
754 2021 793 2086 od
817 2023 876 2105 μία
901 2021 1013 2103 11931
1038 2020 1081 2084 ὅτι
1104 2021 1166 2086 οὐκ
1187 2021 1224 2084 ἐν
1241 2017 1423 2103 ὑποκειμένῳ
1438 2020 1458 2102 ἡ
1474 2021 1555 2104 ψυχή

204 2137 319 2220 12236
340 2137 384 2200 ὅτι
406 2140 437 2200 αἱ
460 2139 611 2225 ποιότητες
633 2140 667 2204 οὐ
683 2144 808 2224 σώματα
833 2141 925 2224 125,5
947 2143 1030 2226 πρὸς
1052 2141 1134 2211 τοὺς
1157 2142 1246 2226 μηδὲν
1269 2144 1327 2203 τῶν
1342 2140 1486 2223 τεττάρων
1502 2160 1557 2204 σω·

203 2259 303 2340 μάτων
330 2257 349 2320 ἃ
371 2263 503 2343 στοιχεῖα
531 2259 652 2343 λε’·ρορεν
682 2259 744 2325 κατ’
773 2262 846 2325 ἰδίαν
869 2262 1046 2346 ὑφίστασθαι
1071 2261 1207 2343 λέγοντας
1231 2259 1347 2342 lauti
1371 2260 1457 2342 πρδς
1479 2257 1558 2328 τοὺς

201 2374 238 2438 δι’
267 2376 387 2440 ἀκτίνων
410 2377 544 2459 λέγοντας
565 2380 695 2461 γίνεσθαι
721 2381 754 2443 τὸ
782 2382 851 2464 ὁρᾶν
887 2381 1002 2463 130,14
1028 2382 1113 2466 πρὸς
1138 2380 1218 2448 τοὺς
1244 2379 1292 2443 διά
1317 2383 1370 2462 τῆς
1395 2381 1447 2441 τοῦ
1473 2377 1558 2462 ἀέρος

203 2497 399 2564 συνεντάσεως
426 2498 459 2560 τὸ
487 2498 557 2581 ὁρᾶν
584 2504 736 2569 ποιοῦντας
770 2500 885 2582 13439
908 2502 995 2584 πρδς
1017 2502 1097 2570 τοὺς
1123 2500 1170 2564 διὰ
1197 2505 1250 2584 τῆς
1278 2502 1335 2562 τῶν
1357 2498 1488 2562 εἰδώλων
1510 2497 1558 2582 ἐρ-

204 2618 344 2683 πτώσεως
366 2617 398 2678 τὸ
422 2618 491 2701 ὁρᾶν
514 2617 649 2701 λέγοντας
670 2619 800 2701 γίνεσθαι
834 2621 949 2704 13639
971 2623 1062 2706 πρὸς
1082 2620 1161 2689 τοὺς
1183 2619 1231 2683 διά
1252 2623 1305 2703 τῆς
1327 2618 1485 2702 ἀπορροίας
1506 2622 1558 2702 τῆς

204 2734 254 2799 ἀπ’
275 2736 383 2820 ἀμφοῖν
406 2738 438 2800 τὸ
462 2739 531 2821 ὀροῖν
554 2738 688 2820 λέγοντας
713 2740 804 2823 1383
827 2740 871 2805 ὅτι
894 2743 940 2825 μὴ
963 2742 1103 2824 σῶμα-τὸ
1119 2747 1182 2826 φῶς
1206 2739 1320 2823 13939
1343 2739 1386 2802 δτι
1402 2743 1489 2823 σῶμα
1509 2738 1559 2803 διὰ

205 2858 339 2939 σώματος
359 2857 530 2920 ἀδύνατον
553 2858 661 2940 διήκειν
679 2859 792 2942 15935
815 2859 859 2924 δτι
881 2860 943 2925 οὐκ
965 2861 1109 2945 αὐτάρκης
1130 2860 1254 2944 ἡάρετὴ
1277 2859 1349 2943 πρὸς
1363 2858 1557 2942 εὐδαιμονίαν.

289 2978 431 3042 Permira
461 2984 569 3042 autem
603 2984 652 3043 est
678 2984 711 3042 et
744 2998 875 3061 prorsus
901 2979 1073 3062 singularis
1094 2983 1354 3061 argumentorum
1376 2977 1559 3062 constipata

204 3096 382 3162 multitudo.
428 3098 472 3162 ita
495 3119 524 3181 p.
543 3097 815 3181 113‚26-116,37
840 3098 1005 3163 continent
1027 3098 1169 3165 eiusdem
1193 3097 1356 3184 praecepti
1380 3095 1492 3179 viginti
1513 3094 1558 3161 di-

204 3235 316 3280 versas
339 3215 637 3301 demonstrationes,
661 3239 692 3301 p.
710 3219 962 3301 1186-11930
983 3216 1132 3301 sedecim,
1160 3217 1461 3301 p.122,17-125,4
1483 3215 1560 3280 duo-

204 3333 369 3415 deviginti,
392 3356 422 3418 p.
441 3335 714 3422 12635-12736
736 3345 868 3421 septem.
903 3345 1010 3403 cetera
1032 3337 1102 3420 ipse
1124 3336 1312 3419 perlustres:
1334 3335 1419 3402 idem
1440 3334 1559 3420 ubique

205 3453 371 3519 consilium
396 3474 580 3537 cognosces.
614 3464 649 3522 ut
671 3457 906 3522 demonstretur
929 3457 973 3521 ὅτι
995 3459 1036 3541 μὴ
1059 3455 1204 3540 αὐτάρκης
1225 3456 1349 3540 ἡάρετὴ
1372 3457 1444 3542 πρὸς
1466 3455 1559 3521 edbur-

206 3575 317 3656 μονίαν,
338 3574 484 3638 inunum
508 3583 620 3641 coacta
636 3583 710 3641 sunt
724 3576 763 3641 37
787 3583 985 3659 argumenta.
1023 3575 1115 3640 vides
1138 3575 1189 3641 bie
1204 3575 1388 3659 pheretrum
1411 3581 1560 3660 paratam

205 3712 286 3776 esse,
309 3712 392 3775 quae
414 3695 567 3777 pugnanti
588 3695 657 3761 sine
673 3716 763 3763 mora
785 3695 966 3781 suppeditet
989 3695 1132 3780 sagittas.
1172 3694 1289 3760 deinde
1311 3694 1373 3760 hoe
1394 3695 1560 3780 peculiare

205 3819 254 3877 est
270 3810 319 3876 bis
331 3813 547 3893 collectaneis,
563 3815 648 3898 quod
663 3815 765 3880 minor
778 3834 853 3898 pars
868 3822 1128 3897 argumentorum
1143 3813 1304 3898 copiosius
1319 3814 1484 3899 explicata
1499 3822 1558 3881 est

205 3953 267 3996 nou
292 3941 358 3996 tam
380 3940 569 4016 argumenta
592 3944 675 4017 sunt,
699 3954 793 4017 quam
817 3934 943 4018 indicia,
972 3933 1086 4017 quibus
1108 3933 1194 3998 ducti
1217 3933 1313 4001 facile
1333 3940 1558 4017 argumentum

204 4053 416 4118 inveniamus.
472 4054 545 4119 hinc
572 4054 652 4117 mira
681 4054 739 4119 illa
766 4054 917 4136 brevitas,
951 4073 1015 4137 qua
1038 4052 1148 4137 paucis
1171 4052 1316 4118 versibus
1342 4073 1442 4138 saepe
1466 4055 1559 4138 plura

205 4171 471 4255 comprimuntur3
508 4171 547 4237 of.
574 4174 752 4256 ltus-14
777 4175 812 4257 (3
834 4178 1036 4256 argumenta)
1068 4172 1267 4255 118,19-23
1289 4173 1335 4255 (4)
1359 4173 1476 4257 11838
1499 4173 1557 4258 (2),

204 4299 373 4375 praeterea
397 4292 597 4375 nepe-20
621 4293 818 4376 trent-23
844 4293 1051 4378 13539-32.
1087 4291 1190 4357 forma
1210 4311 1346 4375 quoque,
1369 4311 1434 4375 qua
1448 4291 1556 4377 utitur,

204 4412 326 4477 indicat
347 4411 486 4475 noluisse
502 4420 664 4477 auctorem
688 4413 746 4477 bas
769 4413 877 4498 copias
899 4413 941 4477 ud
965 4412 1138 4495 legentium
1161 4431 1253 4477 usum
1276 4410 1431 4495 expolire.
1475 4411 1557 4477 solet

204 4530 289 4596 enim
317 4529 498 4596 sexcenties
524 4529 641 4595 iterata
664 4532 821 4613 particula
843 4530 885 4594 ἔτι
918 4551 958 4597 ea
984 4550 1163 4613 conserere,
1198 4529 1248 4594 cui
1281 4549 1412 4614 perraro
1447 4531 1557 4616 (131,8

206 4650 334 4733 118‚10)
358 4648 458 4712 ἔπειτα
481 4649 689 4715 substituitur.
735 4652 787 4715 ubi
810 4650 1038 4732 interrogando
1061 4655 1312 4733 argumentatur,
1334 4654 1398 4719 πῶς
1421 4657 1453 4716 et
1468 4650 1559 4714 διὰτί

204 4768 348 4852 singulas
371 4769 582 4835 refutationes
604 4769 767 4835 inducunt.
812 4769 865 4856 (cf.
891 4771 1003 4853 135,‘21
1017 4770 1079 4852 sq.)

290 4888 350 4953 Vin
373 4896 580 4972 expectamus
601 4889 634 4952 in
657 4896 723 4954 tarn
757 4888 885 4954 concisa
917 4888 1077 4954 scribendi
1105 4887 1265 4955 brevitate
1297 4889 1484 4975 scriptorem
1516 4887 1557 4954 de
