3540 5610
626 301 755 359 ΗΘΙΚΩΝ
777 300 1165 359 ssPOBAHMA'1'9N25-26
1512 307 1567 369 15]

271 478 332 540 δῶν
355 478 470 564 εύρέσει
491 502 523 541 τε
544 478 591 541 καὶ
607 482 712 560 γνώσει
734 476 807 541 ούσα
830 478 1009 562 δεωρητικῆ,
1033 475 1093 539 ἀλλ’
1115 476 1147 538 ού
1172 444 1324 560 πρακτιιίή.
1359 475 1441 538 οὐδέν
1463 474 1518 558 γὰρ

270 586 329 642 τῶν
352 581 382 643 ἐν
404 581 514 649 τούτοις
537 581 658 663 ἀληθῶν
680 582 722 648 εἰς
744 581 843 664 πρᾶξίν
868 603 929 642 τινα
950 581 1002 662 τὴν
1026 579 1172 662 ἀναφορὰν
1196 577 1276 663 ἔχει,
1305 579 1347 641 διύ
1371 577 1446 640 ἐστιν
1469 577 1517 639 αύ-

270 687 329 752 τοῖς
353 683 435 752 τέλος
457 685 476 766 ἡ
500 689 602 764 γνῶσις
626 686 683 744 τῶν
711 682 741 744 ἐν
764 687 823 752 τοῖς
846 683 946 751 ἀιδίοις
969 683 1105 764 ἀληθῶν,
1133 683 1179 743 καὶ
1203 679 1277 744 ἔστιν
1301 680 1331 742 ἐν
1353 681 1463 748 τούτοις
1485 681 1516 741 τδ
1532 698 1558 738 ιιι

272 777 323 867 μὲν
346 783 380 847 εὖ
402 786 501 848 τεκαὶ
524 785 634 864 ἀγαδὸν
657 784 704 847 καὶ
721 784 841 869 ἀληθές,
864 786 969 869 ψεῦδος
992 785 1024 846 δὲ
1047 784 1078 846 τδ
1102 783 1131 845 ἐν
1155 783 1252 851 αὐτοῖς
1275 782 1373 857 κακύν,
1397 785 1431 867 ἡν
1454 786 1518 867 ἀρε-

237 889 323 971 5τὴν
351 889 511 973 ἐπιστήμην
539 891 682 970 καλοῦμεν
710 884 797 950 οὖσαν
830 887 887 956 ἕξιν
916 888 1128 969 άποδεικτικὴν.
1173 888 1220 950 καὶ
1247 887 1309 948 ἐπεὶ
1332 888 1351 968 ἡ
1375 886 1518 956 ἀπόδειξις

269 992 318 1054 διά
340 1014 423 1053 τινων
446 993 570 1073 πρώτων
597 994 647 1052 τού
671 990 855 1072 δεικνυμένου
883 991 929 1051 καὶ
960 990 1074 1052 οἰκείων
1102 990 1150 1051 κοιλ
1173 990 1293 1072 ἀληθῶν
1323 989 1369 1051 καὶ
1392 989 1444 1052 οὐκ
1466 984 1513 1049 ἐπ’
1533 1005 1559 1046 ιο

267 1092 385 1178 ἄπειρον
407 1093 437 1155 ἐν
460 1092 560 1160 αὐτοῖς
581 1094 613 1156 τδ
636 1097 765 1176 πρῶτον,
789 1091 848 1154 ἀλλ’
877 1090 952 1155 ἔστιν
974 1117 1000 1156 τι
1023 1094 1070 1155 καὶ
1094 1092 1198 1176 κυρίως
1220 1093 1251 1155 ἐν
1273 1091 1370 1159 αὐτοῖς
1393 1096 1517 1174 πρῶτον,

268 1197 287 1278 ἡ
315 1200 367 1258 τοῦ
394 1196 486 1264 ούτως
513 1198 629 1279 πρώτου
656 1197 761 1276 γνῶσίς
787 1218 817 1258 τε
850 1196 897 1257 καλ
925 1195 1036 1278 εὕρεσις
1062 1199 1128 1262 νοῦς
1155 1198 1299 1267 καλεῖται,
1326 1195 1412 1276 σοφία
1439 1194 1471 1257 δὲ
1498 1195 1516 1277 ἡ

267 1296 358 1380 ἄμφω
385 1295 498 1383 ἔχουσα
521 1300 573 1380 τήν
599 1321 630 1360 τε
659 1302 717 1360 τῶν
746 1298 847 1381 ἀρχῶν
875 1297 986 1380 εὕρεσιν
1014 1300 1061 1360 καὶ
1088 1299 1139 1380 τῆν
1171 1299 1217 1360 διὰ
1244 1302 1301 1360 τῶν
1329 1299 1431 1381 ἀρχῶν
1459 1302 1516 1358 τῶν

222 1420 249 1466 ιο
269 1397 332 1481 μετ’
360 1399 448 1469 αὐτὰς
470 1400 582 1483 εύρεσίν
605 1402 706 1463 τεκαὶ
729 1399 812 1469 δεῖξιν
839 1397 924 1481 (ὥστ’
951 1400 1009 1463 εἶεν
1033 1400 1067 1463 ἂν
1094 1401 1179 1463 πάλιν
1202 1402 1231 1463 αί
1255 1401 1433 1483 διανοητικαὶ
1455 1399 1516 1482 ἀρε·
1530 1416 1558 1457 κο

264 1504 324 1577 ταί,
352 1501 435 1566 ούσαι
458 1507 510 1565 τοῦ
536 1501 570 1565 εύ
596 1506 647 1566 τοῦ
674 1502 704 1564 ἐν
728 1507 789 1571 ταῖς
815 1502 1036 1588 προειρημέναις
1063 1502 1216 1585 ἐνεργείαις
1242 1503 1388 1585 εύρετικαί
1415 1505 1515 1565 τεκαὶ

265 1606 429 1690 ζητητικαί,
457 1607 490 1668 τδ
513 1607 691 1689 κυριώτατον
714 1610 767 1689 τῆς
792 1606 833 1674 εἰς
856 1606 1038 1688 εὐδαιμονίαν
1061 1605 1224 1674 συντελείας
1248 1603 1369 1690 ἔχουσαι
1391 1608 1434 1689 τῷ
1458 1610 1515 1667 τῶν

263 1711 449 1792 κυριωτάτων
473 1709 623 1790 δυνάμεων
651 1714 703 1792 τῆς
728 1712 845 1793 λογικῆς
868 1714 966 1795 ψυχῆς
993 1708 1043 1777 τὰς
1066 1708 1207 1793 ἐνεργείας
1238 1710 1271 1770 τδ
1294 1707 1330 1771 ἐύ
1354 1709 1433 1793 παρὰ
1455 1708 1515 1770 τού-
1530 1725 1557 1767 κο

263 1835 320 1873 των
349 1812 452 1897 ἔχειν),
484 1812 537 1895 τῆν
565 1812 616 1895 μέν
644 1813 739 1897 ἀρχὴν
767 1813 954 1896 λαμβάνουσα
982 1814 1039 1875 ἀπὸ
1067 1817 1119 1896 τῆς
1146 1812 1186 1879 εἰς
1211 1811 1393 1894 εὐδαιμονίαν
1421 1834 1515 1876 συντε-

217 1935 244 1982 15
261 1916 350 1990 λείας,
373 1916 406 1977 τὸ
429 1916 461 1977 δὲ
484 1913 557 1977 εἶναι
580 1913 691 2000 ἔχουσα
714 1916 744 1978 ἐν
767 1920 829 1984 ταῖς
850 1914 918 1979 καθ’
943 1915 1089 1999 έκαγτέραν
1113 1915 1229 1997 λογικὴν
1253 1916 1371 1998 δύναμιν
1394 1921 1493 2000 ψυχῆς
1514 1924 1567 1980 290

263 2018 426 2101 ἐνεργείαις,
450 2021 500 2080 τοῦ
524 2014 556 2080 εὖ
579 2021 629 2080 τού
653 2018 683 2080 ἐν
706 2018 822 2087 ταύταις
844 2017 917 2082 ούσα
938 2019 1072 2103 εύρετικὴ
1096 2042 1127 2081 τε
1150 2019 1198 2081 καὶ
1222 2019 1418 2103 ἀποδεικτική.

261 2283 376 2348 XXVI.
406 2278 476 2348 Ὅτι
499 2284 538 2348 οὐ
561 2285 597 2347 τδ
618 2285 724 2349 καλδν
746 2287 951 2369 τῆςὴδυνῆς
974 2288 1078 2369 χάριν
1102 2284 1255 2368 αἱρετόν,
1278 2285 1347 2348 ἀλλ’
1369 2288 1513 2371 ἡὴδονὴ
1541 2302 1555 2344 τ

789 2391 848 2450 τοῦ
871 2391 992 2450 καλού.
1386 2421 1389 2429 ·

347 2556 435 2641 (Ὁτι)
451 2558 484 2622 οὐ
501 2559 533 2621 τδ
556 2560 644 2621 καλὸν
666 2564 718 2642 τῆς
739 2560 847 2642 ἡδονῆς
868 2561 954 2645 χάριν
977 2558 1100 2643 αἱρετόν,
1125 2559 1186 2622 ἀλλ’
1213 2559 1259 2646 <γ>
1281 2563 1371 2646 ἡδονὴ
1394 2567 1444 2625 τοῦ
1467 2585 1514 2626 κα·

214 2681 245 2728 20
263 2667 326 2740 λοῦ,
350 2664 436 2747 δῆλον
460 2664 493 2726 ἐκ
517 2666 581 2735 τού,
605 2663 631 2724 ελ
653 2660 689 2745 ἡν
712 2668 762 2745 τῆς
785 2664 894 2744 ἡδονῆς
916 2665 1000 2748 χάριν
1024 2663 1136 2746 αίρετδν
1160 2664 1193 2726 τὸ
1216 2664 1313 2739 καλύν,
1337 2671 1377 2734 ὡς
1399 2666 1512 2750 ἐκείνης

261 2767 313 2848 μὲν
336 2765 425 2850 ούσης
448 2765 547 2833 τέλους
570 2788 601 2828 τε
625 2769 672 2828 καὶ
699 2764 735 2828 δι’
764 2766 853 2848 αύτῆν
880 2766 1011 2849 αἱρετοῦ,
1040 2769 1080 2835 ὡς
1104 2772 1252 2850 ποιητικοῦ
1276 2769 1308 2830 δέ
1330 2773 1382 2851 τῆς
1405 2771 1511 2854 ἡδονῆς
1526 2785 1552 2827 ιο

260 2873 311 2931 τού
334 2872 424 2931 καλοῦ
446 2870 479 2932 τδ
503 2869 616 2953 αἱρετὸν
639 2866 772 2953 ἔχοντος,
801 2869 908 2950 ὁμοίως
930 2872 974 2953 τιγῖ
997 2872 1077 2952 καλῷ
1107 2872 1139 2931 τδ
1162 2871 1284 2954 αἰσχρὸν
1307 2873 1420 2954 αἱρετὸν
1442 2874 1512 2954 γίνε-

260 2972 340 3045 σδαι,
362 2971 425 3034 ἐπεὶ
448 2972 496 3034 καὶ
519 2973 773 3054 τούτοποιητικδν
796 2973 911 3055 ἡδονῆς.
946 2972 989 3040 οἷς
1012 2973 1064 3055 γὰρ
1088 2974 1120 3035 τὸ
1143 2974 1255 3055 αἱρετὸν
1278 2976 1319 3042 ὡς
1342 2981 1509 3058 ποιητικοῖς,

259 3075 369 3144 τούτοις
399 3077 430 3138 τὸ
461 3077 609 3158 γινόμενον
639 3074 687 3138 ὑπ’
715 3074 811 3139 αὐτῶν
844 3081 896 3158 τῆς
922 3076 1063 3160 αἱρέσεως
1092 3077 1204 3160 μέτρον.
1254 3079 1272 3160 ῆ
1304 3078 1359 3162 γὰρ
1389 3079 1423 3142 οὐ
1449 3081 1509 3164 χρῆ

212 3197 240 3246 25
259 3178 350 3258 λέγειν
372 3178 505 3260 γίνεσθαί
523 3201 601 3247 τινας
629 3180 677 3242 καὶ
704 3177 751 3241 ἐπ’
779 3179 915 3263 αἰσχραῖς
941 3178 1075 3263 πράξεσιν
1106 3181 1226 3261 ἡδονάς,
1255 3180 1314 3243 ἀλλ’
1342 3182 1389 3243 ἐπὶ
1411 3182 1551 3265 μύναιςιτ

259 3285 321 3350 ταῖς
342 3284 453 3357 καλαῖς,
476 3282 495 3364 ῆ
519 3282 545 3343 εἰ
568 3285 610 3368 μῆ
632 3285 717 3344 τοῦτο
739 3282 859 3363 ἀληθές,
887 3282 1001 3365 αἱρετὸν
1024 3279 1104 3344 ἔσται
1128 3283 1176 3344 καὶ
1199 3284 1231 3344 τὸ
1255 3284 1378 3368 αἰσχρὸν
1401 3286 1510 3368 ὁμοίως

260 3389 302 3469 τιγῖ
327 3387 418 3469 καλῷ,
441 3383 467 3446 εί
489 3385 508 3466 ἡ
532 3385 667 3468 γινομένη
692 3384 741 3448 ὑπ’
769 3383 864 3447 αὐτῶν
887 3386 977 3467 ἡδονὴ
1001 3390 1052 3468 τῆς
1075 3385 1216 3469 αἱρέσεως
1238 3386 1333 3448 αὐτῶν
1357 3388 1440 3450 αἰτία.
1484 3390 1510 3451 εἰ

259 3490 396 3550 δὲταῦτα
418 3487 536 3559 ἄτοπον,
564 3488 717 3571 προξενούν
741 3489 809 3569 ἡμῖν
833 3491 928 3550 πᾶσαν
951 3488 1051 3571 πρᾶξιν
1074 3488 1197 3571 αἰσχρὰν
1221 3490 1261 3556 ὡς
1284 3487 1367 3551 οὐδὲν
1391 3488 1508 3554 ἔλαττον
1523 3507 1560 3548 κν

258 3595 311 3673 τῆς
333 3594 424 3675 καλῆς
446 3591 559 3674 αἱρετὸν
587 3615 606 3674 η
629 3592 676 3654 καὶ
700 3595 824 3675 μᾶλλον,
852 3592 878 3653 εί
905 3595 1014 3675 μᾶλλον
1038 3591 1111 3673 αύτη
1139 3591 1188 3653 καλ
1215 3592 1326 3654 πλείοσι
1349 3615 1508 3677 παρασκευ-

210 3712 239 3760 30
257 3695 320 3766 α’ζει
343 3693 392 3762 τὰς
414 3695 535 3776 ἡδονάς,
563 3693 626 3757 οὐδ’
654 3693 689 3757 ἂν
712 3696 744 3758 τὸ
768 3694 855 3758 καλδν
883 3693 929 3777 εἴη
953 3694 1000 3757 διὰ
1024 3694 1074 3775 τῆν
1103 3696 1209 3778 ἡδονὴν
1237 3696 1350 3776 αἱρετὸν
1374 3700 1414 3766 ὡς
1437 3697 1508 3760 ἐκεί-

257 3820 308 3881 νης
329 3794 486 3878 ποιητικόν.
532 3797 557 3858 εἰ
580 3797 613 3858 δὲ
633 3799 679 3859 δεῖ
705 3797 757 3879 μέν
784 3796 856 3860 εἶναι
882 3797 901 3879 ῆ
930 3796 976 3858 διὰ
1000 3798 1003 3871 Ι
1028 3797 1080 3878 τὴν
1108 3798 1214 3880 ἡδονὴν
1242 3798 1274 3860 τδ
1303 3800 1389 3861 καλὸν
1417 3803 1492 3884 αἶρε·
1514 3810 1560 3865 291

257 3902 304 3963 τδν
333 3900 351 3982 ῆ
379 3899 427 3962 διὰ
453 3901 485 3962 τὸ
516 3901 603 3962 καλὸν
631 3900 683 3983 τῆν
710 3900 832 3983 ῆδονὴν,
860 3901 900 3983 μῆ
924 3898 985 3963 ἔστι
1012 3901 1045 3961 δὲ
1071 3900 1103 3962 τὸ
1128 3901 1215 3962 καλὸν
1242 3899 1290 3963 διὰ
1317 3903 1368 3984 τῆν
1391 3904 1508 3987 ἡδονὴν,

255 4001 302 4084 εἴη
325 4001 359 4065 ἂν
381 4004 400 4085 ἡ
424 4002 514 4085 ἡδονὴ
539 4004 571 4065 τὸ
592 4003 704 4085 αἱρετὸν
728 4003 806 4087 παρὰ
827 4006 877 4065 τού
902 4006 991 4066 καλοῦ
1014 4004 1211 4087 λαμβάνουσα.
1248 4002 1359 4088 οὐγὰρ
1383 4007 1419 4089 δὴ
1443 4007 1506 4070 ταύ-

206 4291 279 4343 4καὶ
297 4289 392 4361 ἀληδίς
409 4292 503 4343 VB¹L:
532 4291 574 4343 καὶ
593 4287 685 4360 άληδές
703 4290 732 4342 τὸ
751 4294 807 4342 Ma:
839 4288 938 4359 ἀληθές,
961 4290 989 4342 τὸ
1010 4289 1096 4342 vict?
1116 4293 1172 4358 Sp.:
1201 4291 1230 4343 τὸ
1249 4289 1342 4360 ἀληθὲς
1360 4293 1389 4344 τὸ
1408 4292 1443 4345 13⁹

206 4377 318 4431 ὅδιον
416 4379 759 4444 712]nov1(c0rr.v2¹)
859 4379 889 4430 14
910 4379 948 4446 εἴη
968 4379 996 4430 ἂν
1016 4379 1189 4449 ούνὴἀρετῆ
1210 4381 1268 4432 add.
1288 4386 1348 4432 ante
1367 4381 1413 4451 τὴν
1433 4382 1559 4436 s²ss2aen

207 4465 366 4534 144,34sqq.
458 4466 488 4518 19
507 4466 545 4518 δτι
564 4466 621 4518 add.
635 4477 695 4518 ante
715 4465 866 4518 obBVict.
882 4469 925 4532 Sp.
1025 4467 1357 4536 fiadd.BSFaSp.supra
1428 4470 1483 4538 τοῦ]
1503 4471 1558 4522 τού-

204 4554 325 4605 τουλλίτι.
409 4549 442 4606 20
460 4551 544 4624 χάριν]
562 4556 610 4624 χάρ
624 4555 652 4605 in
671 4554 744 4604 lit.v
834 4553 867 4603 22
886 4551 965 4604 καλοῦ
983 4532 1034 4618 rof!
1054 4556 1091 4606 sic
1112 4559 1133 4605 V
1229 4556 1262 4607 ‘24
1286 4557 1376 4626 μέτρον
1396 4561 1433 4621 (ον
1456 4559 1484 4608 in
1508 4559 1558 4624 lit.)

204 4640 350 4694 Bs²v10m
366 4643 410 4706 Sp.
424 4655 513 4707 supra:
533 4640 631 4709 μέτριον
642 4641 737 4692 vs¹Fa
825 4642 874 4712 χρὴ
893 4640 950 4692 add.
964 4639 1069 4693 v⁹s²²Ba
1082 4645 1125 4708 Sp.
1140 4659 1231 4710 supra:
1251 4659 1299 4694 om.
1312 4644 1399 4695 v¹FS¹
1489 4644 1521 4695 27
1541 4646 1556 4714 ἡ

204 4728 256 4780 tia
347 4728 501 4799 αἱμισεωσλί
591 4728 720 4796 29ῆκαλ
739 4725 834 4794 μᾶλλον
854 4743 902 4778 om.
920 4728 985 4779 vict.
999 4731 1042 4795 Sp.
1132 4730 1164 4799 εἰ]
1184 4731 1345 4782 εἰκαὶλῚοῐ.
1366 4735 1410 4797 Sp.
1493 4731 1556 4802 αὕτη

202 4817 306 4884 scripsi:
330 4833 393 4884 αντη
414 4819 446 4866 V:
470 4813 534 4883 αύτῆ
553 4818 598 4881 Sp.
617 4816 648 4867 cf.
666 4815 721 4879 145,
735 4815 765 4866 10
854 4816 895 4867 29.
915 4816 949 4868 30
968 4818 1149 4884 παρασκευάζει
1167 4821 1225 4884 Sp.:
1245 4820 1427 4887 παρασκευάζει
1446 4819 1505 4872 libri
1525 4820 1556 4872 es.

202 4917 278 4970 supra
368 4903 402 4955 30
421 4897 476 4954 οὐδ’
497 4901 537 4968 ἂν]
556 4901 627 4954 οὐδὲν
645 4922 661 4954 a
748 4901 852 4973 ἡδονῆν]
872 4921 916 4974 ονη
937 4905 965 4955 in
983 4904 1021 4955 li't.
1044 4909 1065 4954 V
1155 4903 1186 4957 31
1208 4905 1268 4957 εἶναι
1287 4905 1330 4956 καὶ
1348 4905 1364 4973 ἡ
1385 4907 1452 4959 vict.
