3540 5610
203 343 245 407 70
676 338 877 395 ALEXANDRI
901 340 944 393 DE
967 341 1075 394 ANlllh
1129 368 1134 375 ·

255 520 344 578 ταῦτα
366 517 470 598 γίνεται
493 520 534 600 τῷ
551 515 696 597 γεγονέναι
718 513 779 578 τινὰ
802 513 897 576 αὐτῶν
919 513 1065 596 αἴσθησιν.
1102 514 1246 577 ὥστεκαὶ
1267 519 1356 577 ταῦτα
1379 519 1419 585 ὡς
1441 515 1500 578 ἀπό

235 610 308 699 Ιτης
330 617 392 680 κατ’
421 618 562 701 ἐνέργειαν
585 608 751 701 αἰσθήσεως
778 616 912 700 γινόμενα
935 621 1013 678 κινεῖ.
1050 616 1103 678 ’διό
1125 617 1173 678 καὶ
1195 616 1241 701 εἴη
1264 617 1299 679 ἂν
1321 623 1374 699 τῆς
1395 641 1499 702 φαντα·

256 719 319 788 σίας
344 717 347 802 l
372 719 456 801 λόγος
479 721 587 804 κίνησις
616 721 673 783 heth
698 726 751 804 τῆς
777 718 841 783 κατ’
869 719 1012 803 ἐνέργειαν
1039 719 1216 801 αἰσθήσεως.
1259 721 1293 782 τό
1313 721 1368 805 γὰρ
1391 720 1556 807 λέγεινμυοι

253 821 381 886 τύπωσιν
403 823 433 884 ἐν
456 824 638 908 ἡγεμονικῷ,
661 823 691 884 ἐν
714 827 756 907 τῷ
779 822 1034 904 ἐγκαταλείμματι,
1058 820 1111 884 οἰνκ
1133 821 1163 883 ἐν
1185 825 1224 904 τῇ
1239 823 1311 904 τιερὶ
1333 823 1404 885 αύτδ
1426 824 1501 907 ἐνερ·

228 926 320 1006 σ’γείᾳ
342 925 395 1008 τὴν
418 926 577 1010 φαντασίαν
600 923 758 1007 τιθεμένων
781 924 866 987 ἐστίν.
899 927 919 1008 ί,
944 925 994 1008 μὲν
1017 922 1066 987 υύν
1089 924 1154 1007 περὶ
1177 923 1209 985 τὸ
1231 924 1446 1008 ἐγκατάλειμμα
1468 927 1501 989 τὸ

226 1093 228 1098 ,
255 1028 314 1090 ἀπὸ
336 1033 386 1091 τοῦ
410 1026 478 1090 καθ’
499 1027 570 1090 αύτδ
593 1028 735 1110 αἰσθητοῦ
751 1025 916 1110 σωζόμενον
938 1027 1072 1111 γινομένη
1094 1027 1222 1111 ἐνέργειά
1244 1049 1275 1089 τε
1294 1027 1342 1089 καὶ
1361 1014 1502 1111 φαντασία

256 1131 364 1213 όμυίως
387 1132 419 1193 τό
442 1130 552 1215 ἀληθές
573 1154 605 1194 τε
626 1132 674 1193 καὶ
695 1131 728 1194 ’τὸ
752 1128 934 1213 ψεῦδοςὲξει
960 1135 997 1213 τη
1022 1130 1158 1213 αἰσθήσει
1180 1125 1273 1221 ἐφἸᾗ
1298 1130 1413 1213 γίνεται.
1457 1132 1501 1193 διδ

244 1225 286 1294 ·αί
309 1226 440 1297 πλείσται
461 1239 519 1296 τῶν
541 1234 679 1296 τοιούτων
705 1233 754 1295 καὶ
776 1232 841 1318 περί
869 1230 905 1293 τὰ
930 1235 1047 1294 τοιαῦτα
1069 1239 1234 1321 φαντασιῶν
1257 1234 1391 1316 ἀληθείς,
1418 1230 1448 1296 hl
1471 1236 1504 1297 δὲ
1529 1251 1544 1292 ο

257 1336 322 1420 περὶ
344 1337 390 1398 τότ’
403 1337 654 1420 ἐγκαταλείμματα
677 1336 735 1399 ἀπὸ
756 1340 814 1397 τῶν
837 1338 940 1396 καινῶν
968 1357 999 1396 τε
1021 1334 1171 1417 αἰσθητῶν
1194 1336 1242 1399 καί
1264 1336 1337 1398 κατὰ
1359 1339 1502 1423 συμβεβη-

136 1469 140 1478 ·
217 1428 242 1496 ια’
256 1439 306 1507 κός
329 1439 402 1502 πολὺ
425 1440 459 1502 τδ
481 1441 585 1523 ψεῦδος
607 1437 724 1524 ἔχουσιν
752 1443 794 1522 τῷ
823 1439 871 1500 καὶ
893 1438 944 1505 τὰς
969 1437 1121 1521 αἰσθήσεις
1148 1439 1353 1522 διαψεύδεσθαι
1379 1441 1503 1523 περὶτὰ

256 1545 384 1619 τοιαῦτα,
406 1538 452 1625 ἐφ’
473 1541 517 1610 αἶς
540 1544 570 1604 αἱ
585 1525 898 1626 γινόμεναιφαντασίαι
912 1538 1032 1608 εἰκότως
1053 1541 1101 1603 καὶ
1117 1540 1200 1603 αὐταὶ
1223 1541 1255 1603 τὸ
1271 1544 1376 1624 ψεῦδος
1398 1539 1502 1626 ἔχουσι

256 1643 339 1706 πολύ.
374 1645 403 1706 αἱ
426 1644 459 1707 δὲ
472 1642 618 1727 γινόμεναι
642 1645 693 1727 μὲν
717 1644 775 1707 ἀπό
797 1648 854 1706 τῶν
874 1642 1159 1726 ἐγκαταλειμμοίτων,
1184 1644 1224 1726 μὴ
1241 1644 1335 1726 πάντη
1358 1644 1390 1707 δὲ
1412 1650 1503 1717 σωζο-
1575 1646 1581 1655 “

257 1747 362 1830 μένων,
385 1746 459 1809 ἀλλὰ
481 1751 534 1830 τῆς
553 1747 711 1831 φαντασίας
732 1744 1010 1831 προσανατυτούσκς
1029 1743 1113 1813 αύτοί,
1136 1745 1209 1808 πολὺ
1233 1747 1265 1824 τὸ
1289 1748 1394 1831 ψεῦδος
1416 1746 1501 1832 ἔχου·

256 1870 309 1912 σιν.
355 1849 479 1932 καὶγὰρ
502 1849 532 1911 ἐν
553 1854 613 1918 τοῖς
639 1847 707 1912 καθ’
735 1849 809 1912 αὑτὰ
834 1849 985 1932 αἰσθητοῖς
1012 1847 1134 1929 γίνονται
1160 1851 1277 1932 ψευδεῖς
1302 1851 1332 1911 αἱ
1357 1850 1504 1934 γινόμεναι

177 2002 181 2007 .
217 1967 242 2012 ιο
256 1957 355 2015 τοῦτον
378 1953 426 2015 τόν
449 1951 554 2036 τρόπον
577 1957 619 2036 τῷ
642 1953 694 2035 τὴν
714 1952 907 2036 φανταστικὴν
930 1951 1051 2031 δύναμινΙ
1069 1952 1210 2014 κινεῖσθαι
1234 1952 1289 2014 ύπδ
1312 1958 1370 2014 τῶν
1386 1953 1503 2035 ἔγκατα·
1518 1972 1545 2012 le

256 2055 421 2138 λειμμάτων
444 2057 492 2118 καὶ
514 2059 556 2124 ὡς
578 2056 635 2117 ἀπὸ
658 2054 807 2138 παρόντων
836 2058 894 2116 τῶν
917 2053 951 2116 ού
974 2052 1123 2137 παρόντων
1150 2056 1197 2117 καὶ
1220 2053 1277 2139 οὐχ
1304 2058 1345 2124 ὡς
1367 2056 1425 2119 ἀπό
1448 2081 1503 2121 τοι·

257 2158 349 2220 ούτων
373 2159 461 2220 ύποῐά
483 2157 570 2233 ἐστιν,
593 2157 653 2220 οἷαί
673 2157 743 2220 εἰσιν
765 2157 801 2219 αί
818 2174 849 2218 τε
871 2161 928 2217 τῶν
944 2157 1134 2239 κοιμωμένων
1157 2158 1203 2219 καὶ
1220 2155 1286 2220 όσαι
1308 2157 1440 2239 γίνονται,
1463 2163 1503 2228 ὡς

256 2260 348 2339 εἶτον,
371 2259 444 2323 κατὰ
467 2259 707 2344 ἀναζωγράφησίν
730 2281 792 2321 τινα
815 2259 844 2321 ἐν
860 2259 966 2328 αὐτοῖς.
1006 2263 1133 2322 τοιαῦται
1156 2262 1203 2322 καὶ
1225 2261 1254 2323 αἱ
1277 2265 1334 2323 τῶν
1358 2284 1504 2345 παρακοτ·

255 2361 371 2425 τόντων.
417 2362 496 2446 ἀρχὴ
520 2362 572 2446 μὲν
600 2361 653 2445 γὰρ
680 2363 729 2424 καὶ
752 2361 867 2431 ταύταις
894 2363 951 2425 ἀπό
978 2384 1053 2430 τινος
1079 2362 1343 2445 ἐγκαταλείμματος
1370 2364 1428 2426 ἀπὸ
1449 2370 1503 2448 τῆς
1550 2436 1554 2444 Ι

214 2481 241 2524 νυ
255 2462 317 2528 κατ’
346 2448 678 2548 ἐνέργειαναίσθησεως
700 2465 869 2547 γενομένου·
905 2470 956 2548 τῆς
978 2465 1010 2526 δὲ
1032 2466 1097 2548 περὶ
1120 2466 1171 2549 τὴν
1194 2464 1336 2549 ἐνέργειαν
1363 2468 1414 2550 τὴν
1437 2469 1504 2551 περὶ

255 2568 325 2631 αύτδ
348 2567 499 2651 γινομένης
520 2568 689 2650 διαμαρτίας
709 2568 787 2630 αἰτία
809 2568 828 2650 ἢ
852 2567 930 2650 παρὰ
957 2568 989 2629 τό
1012 2572 1115 2651 σχῆμα
1137 2568 1157 2651 ἦ
1180 2568 1258 2652 παρὰ
1280 2569 1313 2631 τὸ
1337 2569 1461 2652 μέγεθος
1483 2571 1546 2654 ῆιο
1614 2612 1621 2623 .

255 2671 333 2755 παρὰ
355 2671 387 2734 τὸ
410 2677 519 2755 χρῶμα
541 2669 638 2752 ἤτινα
660 2669 751 2752 ἄλλην
773 2669 921 2754 ποιότητα,
946 2695 964 2752 η
985 2670 1036 2752 τὴν
1060 2671 1169 2754 κίνησιν
1192 2695 1211 2754 η
1233 2672 1280 2734 τδν
1303 2671 1401 2748 τόπον,
1423 2697 1443 2755 η
1467 2676 1500 2737 τὸ

255 2774 383 2856 πλῆθος,
414 2798 433 2857 η
456 2773 508 2856 τὴν
531 2773 673 2836 σύνθεσιν.
719 2773 833 2856 ἀληθὴς
856 2773 908 2856 μὲν
935 2770 984 2835 οὖν
1006 2773 1149 2856 φαντασία
1176 2775 1195 2857 ἡ
1219 2775 1284 2857 περὶ
1310 2778 1438 2837 τοιοῦτον
1459 2776 1503 2859 ἐγ-

255 2877 437 2960 καταθειμμα
458 2877 628 2960 ἐνεργούσα,
657 2877 672 2939 δ
696 2877 753 2939 ἀπὸ
778 2874 858 2945 ὄντος
884 2900 915 2938 τε
937 2875 1050 2958 γέγονεν
1077 2877 1126 2938 καὶ
1148 2878 1248 2940 ότοῖον
1276 2877 1370 2941 ἐκεῖνο
1392 2879 1440 2942 καὶ
1461 2881 1503 2948 ὡς

213 2994 241 3039 25
254 2976 318 3063 ἔχει
339 2977 473 3062 γινομένη
501 2979 565 3062 περὶ
594 2977 680 3054 αὐτό,
707 2979 815 3062 ψευδὴς
836 2979 869 3042 δὲ
894 2979 914 3060 ἥ
940 3002 970 3040 τε
993 2980 1056 3062 περὶ
1079 2976 1114 3041 τὰ
1136 2979 1195 3042 ἀπὸ
1219 2979 1259 3063 μὴ
1283 2977 1377 3056 ὄντος,
1404 2970 1503 3045 ὁποῖαι

203 3172 213 3222 l
245 3168 311 3222 ὥστε
329 3169 373 3221 καὶ
390 3165 595 3235 ταύτα..κινεῐ]
614 3167 728 3219 dedurch
747 3167 848 3220 werden
867 3166 938 3219 dicse
957 3167 1041 3235 llingc
1059 3166 1185 3219 ehenlalls
1204 3167 1323 3237 hewegl,
1421 3169 1500 3222 3--5
1528 3171 1558 3224 τὸ

156 3254 159 3261 ’
200 3255 367 3327 γὰρ-ἐστίν]
387 3256 455 3308 θευο
475 3256 520 3307 ‹ler
538 3255 701 3323 Ausspruch‚
720 3254 780 3307 dass
798 3257 836 3307 eie
854 3256 912 3308 eine
932 3254 999 3323 Spur
1017 3256 1053 3307 im
1071 3255 1157 3307 Lciter
1175 3257 1222 3319 isl,
1241 3256 1336 3308 welche
1354 3273 1395 3308 em
1416 3256 1558 3311 Ueberreel
1589 3272 1598 3289 ·

202 3343 386 3412 [etattfindet]‚
413 3345 447 3395 ist
470 3342 515 3394 der
538 3343 688 3410 husspruch
712 3343 877 3411 dcsjenigen‚
906 3342 950 3395 der
974 3342 1016 3395 die
1042 3342 1182 3396 Phantasie
1212 3344 1286 3395 nic-ht
1307 3344 1336 3395 in
1360 3345 1401 3396 die
1424 3345 1559 3415 Wirhung

201 3432 241 3498 (in
259 3432 331 3498 ectu)
349 3447 389 3483 am
409 3431 562 3484 Ueherreslc
579 3435 645 3482 selzt
751 3432 766 3481 6
794 3427 1021 3499 ἀπὸ-αἰσθητοῦ]
1040 3446 1090 3483 von
1110 3431 1166 3483 dem
1186 3431 1455 3500 Wehrgencmmenen
1474 3433 1559 3487 selbst

201 3519 270 3570 7-8
288 3517 515 3587 διὸ-φαντασιῶν]
535 3518 614 3569 daher
632 3518 666 3569 ist
685 3517 729 3570 der
748 3518 846 3584 grhssle
865 3517 921 3570 Teil
940 3518 1024 3575 dieser
1036 3518 1212 3586 Vorstellung‚
1232 3519 1326 3573 welche
1344 3517 1433 3572 diesen
1450 3520 1559 3574 Verlaul

201 3607 295 3658 nimmt
408 3604 477 3656 8-9
505 3605 531 3657 αἱ
542 3603 790 3674 Ιδὲ-συμβεβηκός]
816 3605 865 3657 Die
884 3603 1052 3671 l'eretellung
1070 3605 1210 3672 hingegen‚
1229 3604 1324 3658 welche
1343 3607 1370 3659 ln
1389 3606 1440 3659 den
1460 3608 1556 3661 Reslen

201 3695 251 3757 ist,
274 3693 369 3745 welche
388 3708 438 3744 νου
458 3693 507 3745 den
526 3692 799 3761 gemeinschaftlichen
817 3691 1034 3759 Sinneeohjekten
1054 3691 1130 3759 herig
1148 3691 1264 3756 hleiben‚
1287 3693 1341 3744 und
1361 3694 1455 3747 welche
1474 3696 1557 3748 durch

202 3780 288 3833 Zufell
308 3777 468 3848 [entslehcn]
592 3777 693 3830 12-13
721 3778 746 3830 αἱ
765 3777 947 3851 δὲ-ἔχουσιν]
971 3778 1035 3830 Wes
1054 3779 1095 3831 die
1113 3779 1281 3847 Vorstellung
1300 3781 1441 3847 anhetrhlt,
1460 3782 1556 3837 wclche

202 3883 249 3920 aus
268 3867 318 3919 den
338 3867 433 3919 Reslen
453 3865 575 3929 entelehl‚
593 3881 622 3917 so
642 3866 702 3918 sind
720 3865 780 3932 (sic)
801 3866 871 3918 dicse
888 3866 963 3918 nicht
982 3881 1032 3918 von
1051 3866 1119 3919 allen
1138 3865 1227 3919 Seiten
1246 3871 1363 3935 geschot,
1381 3870 1493 3921 sendern
1514 3871 1556 3924 dle

201 3954 377 4021 Vorslellung‚
396 3952 533 4022 [welchel]
552 3954 611 4005 eine
631 3953 814 4022 hinzugefhgle
832 3953 1001 4021 Einwirhung
1020 3956 1047 4006 in
1066 3955 1138 4006 ihren
1158 3954 1259 4021 Spuren
1278 3955 1331 4019 hat,
1348 3955 1383 4008 ist
1401 3956 1539 4023 lhgenheft

204 4041 305 4093 17-18
324 4042 367 4093 καὶ
386 4038 502 4093 ὅσαι-ἐν
521 4040 616 4109 αὺτοῖς]
636 4041 688 4093 und
708 4042 750 4093 die
767 4040 917 4105 Phentesie,
935 4040 1029 4093 welche
1048 4041 1094 4092 aul
1110 4041 1167 4094 dem
1186 4042 1269 4109 Wege
1287 4041 1332 4093 der
1350 4043 1503 4112 Abhilclung
1519 4045 1556 4112 (ί)

202 4127 381 4196 [elettfindet],
400 4129 447 4181 wie
467 4129 506 4180 ich
526 4129 554 4180 in
573 4129 660 4197 llezug
678 4128 732 4180 aul
749 4128 837 4208 dieee
855 4128 950 4179 Reste
969 4132 1059 4195 gesagt
1078 4128 1143 4181 hehe
1262 4128 1293 4180 18
1319 4134 1556 4204 τοιαῦται-ταρα-

202 4215 361 4285 κοττόντων]
389 4217 483 4269 Dicsen
505 4215 614 4268 Vellaul
634 4217 727 4267 nimmt
745 4215 787 4267 die
809 4214 976 4297 Vorstelluhg
999 4215 1043 4266 der
1061 4215 1157 4282 Dinge,
1183 4231 1234 4268 ven
1257 4217 1341 4270 denen
1359 4234 1407 4270 cus
1429 4235 1490 4272 man
1510 4237 1556 4277 zur

178 4304 344 4379 'Velimmg
366 4302 542 4370 (Sophismus)
565 4303 691 4372 ebwcicht
815 4301 918 4354 23-25
945 4301 962 4371 ἡ
985 4302 1139 4374 περὶ-περὶ
1162 4302 1235 4371 αὐτό]
1260 4305 1295 4356 ist
1318 4305 1373 4365 elie,
1396 4306 1490 4359 welche
1513 4324 1555 4359 am

201 4392 280 4443 Reste
301 4391 420 4459 vorgehl,
444 4389 552 4442 welchcr
575 4404 626 4440 νου
649 4390 938 4464 einemeerhendenen
960 4390 1045 4457 Dinge
1072 4389 1148 4458 hhrig
1171 4391 1307 4458 gehliehen
1330 4390 1384 4443 und
1407 4394 1435 4445 in
1453 4394 1493 4445 ihr
1512 4395 1555 4459 ist,
1622 4412 1629 4423 ·

201 4476 287 4529 indem
306 4479 379 4530 erin
398 4479 495 4531 seinem
515 4478 632 4544 selbigen
651 4477 784 4530 Zuslcnde
802 4477 940 4546 gehliebcn
958 4479 992 4529 iel
1077 4476 1202 4559 ‘lh—lh}
1225 4477 1488 4550 ὁποῖαι-γινόμεναι]
1508 4484 1556 4535 wie

202 4564 257 4627 dee,
276 4580 327 4615 was
346 4565 430 4618 devcn
449 4567 485 4618 im
503 4564 604 4619 Schlelc
623 4562 800 4632 [vorlomml],
819 4580 870 4616 was
888 4565 1003 4637 enteleht

202 4738 218 4788 2
245 4736 381 4806 φανσίαςιι
501 4738 517 4789 4
545 4737 671 4805 τύπτωσιν
690 4740 716 4792 ἐν
734 4738 878 4808 ύγεμονικιγῖ
897 4755 912 4790 a
1029 4740 1045 4789 δ
1073 4739 1121 4792 ἀπὸ
1140 4741 1245 4809 scripsi:
1265 4739 1313 4811 ύτδ
1332 4742 1372 4795 Va
1489 4741 1553 4795 καθ’

202 4822 312 4876 αθτούα
391 4825 427 4892 ,11
449 4843 520 4876 αυται
539 4826 562 4876 l'
654 4824 684 4877 12
703 4825 739 4895 μὴ
758 4826 839 4895 πάντη
858 4824 884 4877 δὲ
902 4826 938 4877 V:
957 4825 1020 4896 μηδὲ
1038 4826 1102 4897 ace]
1121 4826 1181 4880 δὲυ
1272 4828 1303 4878 16
1323 4826 1359 4886 ὡς
1377 4845 1456 4897 supra
1473 4829 1521 4883 lin.
1531 4831 1555 4887 V

195 4910 230 4975 Β]
254 4910 319 4963 αἴτια
339 4912 377 4964 l'a
1499 4904 1503 4913 ¹
1629 4898 1638 4917 ⁰
