3540 5610
696 263 899 329 hhhxhwhhl
922 275 966 329 DE
990 275 1101 330 ANlllA
1538 278 1577 344 87

277 447 309 509 τδ
331 449 408 531 τῷδε
432 446 503 509 εἶναι
523 451 592 519 νοεῖ,
615 451 656 517 ὡς
678 448 854 534 προείρηται.
892 446 987 533 οὐκέτι
1010 449 1042 513 δὲ
1064 449 1172 530 ὁμοίως
1193 452 1213 534 ἡ
1234 449 1297 514 κατ’
1319 450 1461 535 ἐνέργειαν
1486 448 1528 511 αἴ·

277 549 380 631 σθησις
400 549 492 633 αὑτῆς
513 549 708 615 αἰσθάνεσθαι
728 550 851 634 λέγεται,
873 552 965 614 καίτοι
987 553 1034 615 καλ
1056 551 1130 636 αῦτη
1154 553 1190 616 τά
1209 552 1272 636 εἴδη
1294 557 1352 615 τιῦν
1375 552 1525 635 αἰσθητῶν
1607 623 1610 627 ,

277 652 481 737 λαμβάνουσα,
508 651 551 715 ότι
573 652 739 742 αἰσθάνεται
766 654 818 736 μέν
845 654 886 717 ὧν
912 654 1081 717 αἰσθάνεται
1108 657 1149 722 ὡς
1175 652 1266 718 όντων
1292 655 1322 718 ἐν
1351 655 1406 738 ῦλη
1429 655 1527 737 (τοῦδε

278 754 331 838 γὰρ
352 755 372 835 ἡ
395 753 557 839 αἴσθησις),
579 753 613 818 οῦ
636 755 740 838 γίνεται
761 757 794 819 δὲ
812 755 887 840 αὐτὴ
909 761 952 841 τῷ
976 757 1110 841 αἰσθητῷ
1132 758 1152 841 ἡ
1171 757 1256 841 αὐτή,
1279 756 1323 820 ότι
1345 757 1384 840 μὴ
1409 760 1449 825 ὡς
1471 756 1527 841 ῦλη

245 856 311 919 στδ
333 855 409 927 εἶδος
430 857 580 942 λαμβάνει.
627 858 750 943 καὶγὰρ
773 857 809 921 τὰ
830 855 917 921 ἔνυλα
938 857 1003 942 εἴδη
1026 859 1074 922 καί
1095 859 1223 943 αἰσθητὰ
1250 858 1347 929 άλλως
1369 859 1421 940 μὲν
1444 862 1463 939 ἡ
1485 857 1527 922 α’ί-

277 960 391 1045 σθησις,
414 959 510 1030 ἄλλως
533 960 566 1024 δὲ
587 960 685 1030 όνοῦς
707 961 804 1044 κρίνει.
839 958 900 1024 ἔστι
923 961 1047 1045 μὲνγὰρ
1070 961 1198 1025 ἐπὶτῶν
1221 962 1357 1025 τοιούτων
1380 962 1429 1024 καὶ
1451 961 1528 1031 όλως

275 1064 325 1126 ἐπὶ
349 1068 408 1126 τῶν
435 1061 583 1127 συνθέτων
610 1062 641 1132 ἐξ
663 1064 733 1145 ῦλης
759 1085 791 1125 τε
817 1064 865 1126 καὶ
892 1062 986 1133 efficere
1008 1063 1080 1127 άλλυ
1107 1066 1140 1128 τδ
1167 1063 1234 1128 τόδε
1255 1087 1295 1139 τι,
1322 1063 1371 1127 καὶ
1396 1063 1468 1129 ἄλλο
1490 1064 1523 1127 τδ
1540 1081 1567 1123 25

274 1167 354 1250 τῷδε
375 1164 458 1229 εἶναι.
502 1165 536 1228 οῦ
559 1164 613 1249 γὰρ
635 1165 739 1230 ταύτόν
762 1166 823 1229 ἐστι
845 1166 955 1250 χαλκός
977 1167 1025 1229 καί
1047 1167 1079 1229 τὸ
1102 1166 1174 1230 εἶναι
1196 1169 1316 1251 χαλκῷ·
1340 1168 1452 1251 χαλκός
1474 1168 1526 1249 μὲν

272 1269 330 1351 γὰρ
355 1269 388 1331 τδ
411 1267 642 1353 συναμφότερον,
673 1270 706 1332 τδ
733 1269 765 1333 δὲ
788 1272 892 1354 χαλκῷ
915 1267 988 1332 εἶναι
1015 1268 1049 1332 οῦ
1078 1269 1153 1333 κατὰ
1177 1271 1210 1332 τδ
1233 1269 1450 1354 συναμφότερον
1473 1269 1526 1348 ἔτι,

227 1388 259 1432 1⁰
274 1371 352 1435 ἀλλὰ
374 1371 447 1434 κατὰ
470 1370 503 1433 τδ
525 1368 601 1440 εἶδός
623 1394 654 1434 τε
676 1371 724 1434 καὶ
746 1372 795 1434 τδν
814 1370 909 1454 λόγον,
932 1371 964 1440 ὃς
985 1371 1015 1433 ἐν
1038 1376 1075 1453 τῇ
1097 1371 1272 1455 ὑποκειμένῃ
1296 1372 1353 1455 ῦλη
1375 1371 1526 1456 γενόμενος

274 1475 411 1558 ἐποίησεν
434 1473 544 1558 χαλκόν
566 1473 667 1558 αὐτόν.
705 1471 795 1557 οῦσης
817 1473 853 1557 δὴ
877 1473 981 1544 ἐντοῖς
1002 1474 1154 1557 αἰσθητοῖς
1175 1476 1281 1560 ταύτης
1301 1479 1354 1559 τῆς
1376 1478 1524 1561 διαφορᾶς,

270 1581 291 1661 ἡ
319 1578 370 1661 μὲν
392 1576 529 1660 αἴσθησις
549 1579 601 1638 τοῦ
623 1575 841 1661 συναμφοτέρου
864 1576 925 1639 ἐστὶ
948 1578 1059 1660 κριτική
1082 1576 1148 1659 (τοῦ
1170 1577 1224 1662 γὰρ
1239 1576 1333 1647 εἴδους
1355 1582 1396 1649 ὡς
1417 1579 1447 1641 ἐν
1469 1579 1524 1662 ῦλη

271 1679 355 1750 ὄντος
380 1680 434 1762 τὴν
461 1677 608 1762 ἀντίληψιν
635 1681 771 1742 ποιεῖται·
805 1679 849 1742 διδ
872 1679 921 1742 καί
947 1682 1003 1742 πᾶν
1028 1680 1062 1741 τδ
1084 1680 1224 1764 αίσθητδν
1254 1680 1321 1744 τόδε
1346 1682 1375 1745 τί
1394 1682 1455 1745 ἐστι
1476 1683 1524 1745 καὶ

271 1781 342 1846 καθ’
370 1782 505 1856 ἕκαστον,
535 1781 567 1844 τδ
589 1781 643 1865 γὰρ
667 1779 880 1865 συναμφότερον
905 1781 1062 1863 τοιοῦτον),
1092 1783 1109 1845 ό
1131 1783 1165 1846 δὲ
1191 1787 1257 1853 νοῦς
1284 1789 1335 1847 τοῦ
1358 1783 1454 1853 εἴδους
1475 1787 1523 1849 καὶ
1537 1801 1565 1843 νο

225 1901 256 1945 15
271 1891 325 1949 τοῦ
347 1885 434 1967 λόγου
456 1880 523 1947 καθ’
552 1882 584 1947 όν
607 1883 668 1948 ἐστι
689 1882 756 1947 τόδε
778 1907 804 1946 τι
825 1881 1004 1969 θεωρητικός
1026 1884 1096 1947 ἐστι.
1134 1885 1177 1949 διδ
1200 1885 1234 1948 οῦ
1257 1887 1351 1962 τοῦδε,
1373 1887 1448 1950 ἀλλὰ
1470 1911 1524 1951 τοι·

269 1991 355 2063 οὔδε,
385 1988 434 2050 καὶ
462 1985 495 2049 οῦ
523 1990 575 2048 τοῦ
600 1985 784 2063 καθέκαστα,
815 1986 890 2049 ἀλλὰ
917 1990 967 2049 τοῦ
994 1985 1134 2050 καθόλου.
1183 1988 1256 2050 κατὰ
1282 1988 1336 2072 γάρ
1365 1991 1412 2052 τδν
1440 1989 1523 2073 λόγον

237 2122 247 2139 ·
270 2094 365 2155 πάντα
388 2091 424 2154 τὰ
446 2091 566 2175 ὁμοειδῆ
590 2089 728 2172 ἀλλήλοις
749 2088 820 2152 εἰσίν
841 2089 960 2172 ὁμοειδῆ
983 2091 1031 2153 τὸν
1054 2089 1140 2153 αῦτδν
1163 2088 1241 2166 ὄντα,
1264 2089 1298 2154 οὔ
1321 2092 1396 2155 ἐστιν
1419 2093 1436 2155 ό
1458 2098 1523 2162 νοῦς

270 2192 466 2278 θεωρητικός·
502 2188 548 2276 ἐφ’
577 2192 618 2255 ὧν
640 2191 694 2274 μὲν
721 2188 771 2254 οὖν
798 2190 869 2255 ἄλλο
896 2191 957 2254 ἐστὶ
979 2192 1012 2255 τδ
1038 2191 1105 2256 τόδε
1132 2193 1181 2257 καὶ
1207 2194 1239 2256 τδ
1261 2195 1339 2279 τηῖδε
1361 2193 1447 2271 εἶναι,
1475 2194 1523 2258 ἐπὶ

270 2297 381 2360 τούτων
405 2294 480 2378 ἄλλη
503 2284 555 2375 βὲν
577 2294 597 2376 ἡ
619 2293 762 2376 γνωστικὴ
787 2292 905 2374 δόναμις
927 2295 1012 2357 τοῦδε
1032 2295 1066 2378 (ἡ
1089 2295 1143 2380 γὰρ
1166 2294 1325 2379 αἴσθησις),
1350 2295 1426 2380 ἄλλη
1448 2297 1521 2380 δὲὴ

224 2415 255 2461 m
269 2405 321 2475 τοῦ
345 2400 423 2484 τῷδε
445 2397 518 2460 εἶναι
539 2396 570 2479 (ό
592 2395 646 2479 γὰρ
668 2395 758 2477 νοῦς),
782 2394 829 2480 ἐφ’
850 2397 891 2459 ὧν
914 2396 946 2459 δὲ
965 2395 1069 2460 ταῦτδν
1091 2398 1124 2460 τδ
1143 2397 1209 2461 τόδε
1232 2400 1335 2479 καδτδ
1350 2401 1427 2484 τηῦδε
1449 2398 1521 2462 εἶναι

267 2504 368 2586 (τοῦτο
390 2500 424 2564 δέ
446 2499 521 2564 ἐστιν
544 2498 592 2561 ἐπὶ
618 2502 676 2561 τῶν
697 2498 784 2561 εἰδῶν
807 2503 864 2561 τῶν
891 2499 982 2583 χωρὶς
1005 2499 1103 2583 ῦλης),
1133 2500 1242 2564 τούτων
1264 2505 1331 2571 νοῦς
1353 2500 1438 2586 μόνος
1460 2503 1562 2565 ἑστίαι

269 2584 460 2689 θεωρητικός.
497 2601 580 2665 οὐδὲν
602 2600 656 2686 γὰρ
678 2600 895 2665 τῶντοιούτων
917 2601 1057 2686 αἰσθητδν
1079 2599 1131 2666 ἔτι.
1169 2607 1225 2667 πᾶν
1247 2603 1303 2688 γὰρ
1324 2606 1357 2667 τδ
1379 2605 1519 2689 αἰσθητὸν

268 2706 369 2771 ἔνυλόν
391 2729 424 2769 τε
445 2705 493 2769 καὶ
516 2703 664 2767 σῦνθετον.

351 2808 398 2873 Τὰ
420 2808 472 2891 μὲν
495 2804 545 2870 οῦν
568 2809 625 2869 τῦιν
648 2806 795 2871 συνθέτων
821 2808 854 2871 τδ
877 2808 906 2871 τί
930 2804 966 2891 ἦν
993 2806 1069 2871 εἶναί
1092 2832 1124 2871 τε
1147 2810 1195 2872 καὶ
1222 2809 1259 2872 τό
1280 2808 1389 2874 τοότων
1415 2809 1479 2893 εἴδη
1502 2812 1518 2875 ό

225 2929 254 2974 ε5
267 2916 334 2982 νοῦς
355 2912 437 2997 αῦτῷ
459 2909 549 2994 νοητὰ
571 2913 648 2972 ποιεῖ
669 2910 804 2994 χωρίζων
826 2909 901 2973 αὐτὰ
922 2916 980 2974 τῶν
1003 2911 1054 2974 σῦν
1077 2912 1120 2981 οἷς
1141 2911 1240 2981 αὐτοῖς
1261 2914 1294 2975 τδ
1316 2912 1398 2976 εἶναι.
1438 2913 1464 2976 εἰ
1486 2912 1519 2976 δέ

265 3017 330 3078 τινά
351 3014 428 3078 ἐστιν
450 3012 530 3097 εἴδη,
558 3015 598 3080 ὡς
621 3011 657 3074 τὰ
678 3010 747 3074 καθ’
774 3012 863 3088 αὑτά,
890 3014 982 3098 χωρὶς
1005 3013 1075 3098 ῦλης
1097 3038 1127 3077 τε
1150 3015 1198 3077 καλ
1221 3015 1410 3099 ὑποκειμένου
1433 3015 1518 3089 τινός,
1532 3033 1559 3076 ιο

266 3123 358 3181 ταῦτα
381 3118 489 3201 κυρίως
510 3116 571 3180 ἐστὶ
593 3115 692 3198 νοητά,
715 3114 745 3177 ἐν
768 3119 806 3196 τῇ
827 3115 919 3200 οἰκεία
941 3115 1025 3201 φόσει
1040 3117 1072 3178 τδ
1088 3115 1160 3179 εἶναι
1182 3121 1299 3181 τοιαῦτα
1313 3115 1430 3203 ἔχοντα,
1452 3117 1513 3181 ἀλλ’

265 3220 301 3284 οῦ
329 3219 408 3305 παρὰ
429 3224 482 3303 τῆς
507 3222 559 3282 τοῦ
583 3222 716 3286 νοοῦντος
744 3215 820 3281 αὐτὰ
845 3218 984 3303 βοηθείας
1009 3219 1201 3304 λαμβάνοντα.
1246 3220 1282 3283 τὰ
1304 3221 1337 3283 δὲ
1361 3224 1400 3304 τῇ
1421 3221 1517 3285 αότῶν

266 3324 352 3409 φύσει
375 3322 465 3407 νοητὰ
486 3319 548 3386 κατ’
570 3320 713 3404 ἐνέργειαν
735 3323 835 3405 νοητά,
858 3321 977 3403 δυνάμει
996 3322 1049 3406 γὰρ
1072 3321 1162 3405 νοητὰ
1183 3322 1219 3384 τὰ
1233 3320 1328 3386 ἔνυλα
1362 3324 1438 3386 ἀλλὰ
1459 3326 1517 3409 μὴν

212 3550 223 3600 l
255 3545 316 3599 κατ’
338 3548 460 3617 ἐνέργειαν
477 3560 527 3598 cm.
634 3542 650 3594 2
679 3540 786 3614 λέγεται]
805 3558 867 3595 man
885 3543 956 3595 kann
974 3559 1055 3612 sagon
1160 3544 1177 3597 5
1204 3543 1234 3598 τὸ
1253 3543 1327 3614 εἶδος]
1347 3546 1389 3598 die
1407 3545 1517 3598 l'ormen

209 3637 226 3689 9
255 3634 334 3703 κατὰ]
352 3649 443 3702 wegen
566 3631 600 3683 24
627 3631 660 3682 τὰ
678 3629 866 3699 μίν-τούτων
884 3630 948 3701 εἴδη]
972 3633 1019 3685 Die
1044 3632 1194 3695 Qualithten
1217 3633 1262 3685 ‹lcr
1286 3638 1569 3701 zusammengeselzlcn

209 3724 297 3791 Dinge
315 3721 371 3775 und
389 3722 444 3774 ihrc
462 3722 573 3774 Formen
678 3717 711 3769 26
730 3716 877 3794 hcsschrd]
896 3716 990 3771 welche
1009 3718 1050 3771 ίῦι
1068 3719 1123 3771 sich
1142 3721 1266 3773 bestehen
1368 3719 1471 3773 27-‘28
1489 3727 1569 3774 ταῦτα

208 3807 417 3880 -λαμβάνοντα]
437 3824 466 3861 ου
484 3807 544 3860 sind
561 3807 633 3859 diese
651 3804 732 3858 cllcin
748 3805 784 3856 im
804 3805 908 3857 wahren
920 3806 1002 3859 sinuo
1019 3806 1175 3874 intelligible
1193 3807 1262 3860 ihrer
1279 3807 1362 3859 Natur
1380 3808 1456 3872 nach,
1473 3808 1568 3864 welche

206 3901 248 3951 cie
265 3897 417 3966 specificirt,
434 3896 511 3948 nicht
525 3893 641 3947 inscfcrn
660 3894 698 3945 sic
717 3893 771 3945 dics
791 3892 846 3945 sich
865 3892 996 3960 ancignen
1014 3894 1095 3947 durch
1114 3895 1172 3947 eine
1186 3894 1271 3959 Ηιῑλίο,
1290 3895 1384 3947 welche
1403 3896 1440 3947 sic
1459 3897 1569 3963 hcgrellt

206 3986 373 4054 (intelligent
390 3983 488 4049 mechl)
594 3979 627 4033 29
646 3979 737 4051 νοητά]
756 3980 784 4032 in
802 3980 847 4033 der
865 3979 937 4033 Seelc
955 3981 1081 4049 begrillen
1187 3980 1315 4046 29-88‚1
1335 3980 1399 4033 ἀλλὰ
1417 3981 1568 4054 μην-ἐνέρ-

204 4091 278 4143 γειαν
295 4070 344 4141 νῷ]
364 4073 393 4124 in
411 4071 469 4123 dem
489 4067 694 4122 Intellccluellcn
712 4069 741 4121 in
759 4071 820 4120 actu
837 4069 873 4120 ist
891 4067 937 4120 das
950 4067 1095 4136 Begriffene
1112 4069 1167 4121 und
1186 4068 1355 4137 Begreifcnde
1375 4070 1418 4122 cin
1436 4070 1490 4122 und
1509 4070 1567 4123 das·

205 4161 281 4214 selbo
300 4160 372 4227 Ding

207 4368 282 4435 λτηῑ
300 4363 357 4417 τόδε
375 4364 437 4417 εἶναι
454 4363 495 4416 Ka
601 4362 637 4423 ὡς
654 4362 722 4433 κτλ]
741 4363 800 4431 83,7
909 4363 1022 4435 θαῦτῆς
1039 4365 1080 4418 Kc
1186 4364 1264 4418 όκαλ
1281 4366 1314 4417 τὰ
1331 4362 1440 4435 αἰσθητὰ
1457 4366 1499 4418 Ka

202 4506 219 4559 ’ί
240 4504 324 4564 εῐδους
341 4504 418 4563 ἄλλος
434 4505 477 4557 Ka
576 4503 593 4556 8
611 4507 649 4575 τῷ
667 4503 729 4557 εἶναι
746 4504 771 4558 Κ
873 4502 903 4556 ll
923 4452 950 4557 ll
968 4506 993 4558 K
1095 4504 1127 4559 15
1146 4503 1203 4557 οῦδὲ
1221 4503 1293 4557 τοῦδε
1311 4505 1353 4558 Ka
1455 4505 1485 4557 17
1505 4504 1565 4575 δμο-

202 4592 259 4662 arr,
279 4609 298 4644 a
402 4592 437 4645 20
454 4590 498 4644 καὶ
516 4594 554 4661 τῷ
572 4591 638 4662 τῷδε
656 4593 698 4645 Ka
794 4591 825 4645 21
846 4591 923 4662 μόνον
942 4593 983 4645 Ka
1080 4592 1113 4645 24
1135 4593 1205 4664 „ceph
1222 4597 1268 4645 τοῦ
1286 4591 1345 4645 κατ’
1366 4594 1488 4663 ἐνέργειαν
1506 4611 1564 4664 νοη-

201 4685 252 4732 τοῦ
269 4680 316 4732 καλ
332 4683 377 4732 νοῦ
396 4679 441 4731 καλ
457 4683 503 4731 τοῦ
520 4676 598 4731 ἀῦλου
615 4678 719 4739 είδους“.
754 4680 786 4732 τὰ
804 4680 849 4748 μὲν
867 4680 908 4732 Va
993 4681 1025 4732 τὰ
1043 4680 1088 4748 μὲν
1106 4678 1149 4733 οῦν
1168 4678 1235 4748 κτλ]
1255 4681 1288 4734 cl.
1306 4697 1332 4749 p.
1342 4681 1385 4747 4‚4
1469 4680 1502 4733 25
1521 4680 1564 4733 αῦ-

200 4770 243 4837 τιρ·
261 4767 369 4836 scripsi:
388 4766 458 4837 σίνιιρ
476 4767 513 4820 V:
531 4765 616 4820 αῦτῶν
634 4767 676 4820 Kc
781 4765 816 4820 ‘28
842 4770 879 4837 τῷ
898 4770 1014 4828 νοοῦντος
1031 4768 1071 4820 Ka
1179 4766 1264 4821 αὐτῶν
1281 4769 1347 4822 VKc
1451 4768 1484 4820 δῦ
1513 4768 1563 4838 μὴν

200 4860 241 4927 τῷ
260 4855 303 4908 Kc
