3540 5610
204 308 265 372 112
523 306 727 360 ALEXANDMI
749 306 794 358 θλ)
817 306 928 359 ANIMA
950 305 1042 359 LIBRI
1063 304 1236 359 MAN'I'ISSA

256 479 357 543 τούτου
380 480 427 542 καὶ
450 479 552 542 τούτου
574 480 732 563 ποιήματα,
755 480 775 542 ἃ
794 483 870 542 ποιεῖ
890 477 924 541 ού
948 479 1052 541 παθὼν
1074 480 1123 542 καὶ
1143 477 1295 562 γενόμενος
1317 478 1372 542 ὑπύ
1389 501 1464 546 τινος
1486 477 1502 538 6

256 583 372 664 δυνάμει
398 579 449 665 (ἦν
472 581 525 663 γὰρ
550 586 616 650 νοῦς
638 583 686 644 καὶ
708 583 763 665 πρὸ
794 585 844 643 τοῦ
867 581 1017 664 ἐνεργεῖν),
1047 583 1121 644 ἀλλὰ
1143 581 1279 664 αὐξηθεὶς
1305 581 1353 642 καὶ
1380 579 1503 642 τελειού-

256 708 349 768 μενος.
394 684 559 752 τελειωθεὶς
586 685 617 746 δέ
644 686 679 746 τά
706 708 736 746 τε
762 684 847 768 φύσει
875 684 964 765 νοητὰ
990 688 1051 746 νοεῖ
1076 684 1124 746 καλ
1153 683 1188 745 τὰ
1215 682 1288 745 κατὰ
1314 684 1365 766 τὴν
1395 682 1503 744 οἰκείαν

255 786 397 872 ἐνέργειαν
413 788 468 850 καὶ
490 785 605 871 τέχνην.
648 785 719 850 ίδιον
740 786 794 869 γὰρ
817 789 867 848 τοῦ
890 789 940 847 νοῦ
962 787 995 847 τδ
1018 785 1176 868 ποιητικόν,
1198 787 1246 849 καὶ
1267 787 1300 848 τδ
1323 789 1397 848 νοεῖν
1419 784 1501 867 αύτῷ

226 891 378 972 σένεργεῖν
401 891 477 953 ἐστιν
499 889 533 953 ού
549 891 682 974 πάσχειν.
717 889 894 974 βουλόμενος
916 889 948 970 δὲ
963 890 1011 951 τὸν
1033 893 1099 951 νοῦν
1123 890 1267 951 ἀθάνατον
1290 888 1431 951 δεικνύναι
1453 888 1502 949 καὶ

254 995 368 1078 φεύγειν
390 993 441 1062 τὰς
464 993 584 1076 ἀπορίας
606 993 640 1061 ἃς
655 991 837 1075 ἐπιφέρουσιν
859 997 903 1076 τῷ
927 990 1053 1075 θύραθεν
1077 996 1119 1076 νῷ
1144 992 1270 1074 ἀνάγκην
1294 989 1390 1076 ἔχοντι
1413 990 1500 1054 τύπον

203 1153 206 1158 ,
257 1098 415 1175 ἀλλάττειν,
440 1096 473 1159 οῦ
490 1095 641 1178 δυναμένῳ
664 1094 706 1164 δέ,
729 1092 802 1176 εῖγέ
825 1094 899 1158 ἐστιν
923 1096 1088 1178 ἀσώματος,
1110 1092 1177 1158 οὔτε
1200 1094 1229 1157 ἐν
1244 1093 1327 1178 τύπιρ
1349 1093 1421 1156 εἶναι
1436 1091 1502 1155 οὔτε
1516 1110 1546 1152 ευ

257 1200 434 1284 μεταβαίνειν
463 1200 511 1262 καὶ
538 1198 642 1261 ἄλλοτε
668 1197 697 1259 ἐν
725 1196 806 1282 ἄλλῳ
833 1197 975 1279 γίνεσθαι,
1003 1197 1067 1259 κατ’
1095 1196 1167 1260 ἰδίαν
1193 1197 1319 1259 ἐπίνοιαν
1342 1194 1422 1278 ἔλεγε
1449 1221 1503 1260 τοι·

255 1307 328 1365 αῦτα
351 1303 415 1385 περὶ
438 1306 489 1364 τοῦ
516 1305 566 1363 νοῦ
589 1301 619 1362 ἐν
642 1300 724 1362 παντὶ
752 1300 824 1362 εἶναι
850 1304 891 1383 τῷ
917 1299 1015 1384 θνητῷ
1040 1299 1197 1383 λεγομένου
1226 1302 1348 1382 σώματι.
1393 1301 1441 1363 καὶ
1464 1302 1501 1384 δη

215 1421 241 1464 10
255 1401 381 1487 ἔφασκεν
403 1405 451 1467 τὸν
473 1408 540 1466 νοῦν
562 1404 610 1466 καὶ
637 1403 667 1465 ἐν
693 1406 732 1484 τῇ
761 1403 816 1485 ύλη
846 1405 885 1471 ὥς
913 1402 1013 1465 ούσίαν
1040 1402 1070 1464 ἐν
1097 1400 1182 1485 ούσίογ
1209 1404 1257 1465 καὶ
1280 1402 1407 1486 ἐνεργείᾳ
1429 1402 1502 1466 εἶναι

257 1509 301 1570 ἀεὶ
324 1507 493 1590 ἐνεργοῦντα
519 1506 570 1574 τὰς
596 1506 684 1568 άύτοῦ
712 1505 862 1589 ἐνεργείας.
908 1503 975 1568 ὅταν
1005 1505 1056 1588 μὲν
1083 1502 1133 1566 οῦν
1160 1505 1193 1567 ἐκ
1219 1508 1270 1567 τοῦ
1293 1507 1428 1588 σώματος
1451 1511 1501 1569 τοῦ

255 1610 412 1694 κραθέντος
434 1612 490 1692 πῦρ
513 1607 628 1691 γένηται
655 1607 675 1689 ί,
696 1631 723 1669 τι
749 1612 876 1670 τοιοῦτον
904 1607 938 1670 ἐκ
960 1612 1012 1689 τῆς
1035 1605 1153 1690 μίξεως,
1181 1610 1221 1675 ὡς
1242 1607 1290 1669 καὶ
1306 1598 1433 1690 ’ὄργανον
1457 1609 1503 1671 δύ·

255 1713 361 1775 νασθαι
387 1716 430 1797 τηῖ
458 1714 500 1795 νιγῖ
527 1712 621 1794 τούτῳ
648 1716 826 1795 παρασχεῖν,
858 1708 890 1778 ὃς
916 1710 993 1772 ἐστιν
1020 1709 1122 1794 ἐντῷ
1152 1709 1268 1792 μίγματι
1293 1709 1388 1794 τούτῳ
1415 1710 1501 1793 (διότι

255 1816 332 1878 ἐστὶν
360 1815 391 1877 ἐν
413 1815 497 1877 παντὶ
525 1816 652 1894 σώματι,
680 1821 767 1894 σῶμα
793 1814 825 1876 δέ
851 1813 899 1874 καλ
922 1812 1035 1894 τοῦτο),
1061 1816 1146 1874 τοῦτο
1173 1816 1205 1873 τῦ
1235 1810 1354 1896 ὄργανον
1384 1814 1501 1894 δυνάμει
1517 1830 1544 1872 ⁴5

214 1935 241 1979 15
254 1923 319 1986 νοῦς
349 1917 462 1999 λέγεται
488 1915 650 2000 ἐπιτήδειός
676 1939 718 1984 τις
745 1915 863 1999 δύναμις
884 1915 932 1977 ἐπὶ
959 1918 996 1997 τῇ
1024 1916 1122 1996 τοιᾷδε
1148 1916 1248 1998 κράσει
1275 1920 1333 1977 τῶν
1358 1918 1503 1998 σωμάτων

255 2019 389 2102 γινομένη
411 2019 482 2101 πρὸς
504 2019 536 2080 τὸ
552 2017 690 2086 δέξασθαι
711 2020 760 2081 τὸν
776 2018 904 2102 ἐνεργείᾳ
925 2021 1001 2080 νοῦν.
1035 2016 1104 2079 ὅταν
1127 2018 1163 2100 δὴ
1180 2018 1282 2080 τούτου
1306 2023 1356 2081 τοῦ
1379 2019 1502 2103 ὀργάνου

255 2123 388 2207 λάβηται,
410 2120 476 2184 τύτε
497 2122 545 2184 καὶ
568 2123 608 2189 ὡς
631 2119 666 2184 δι’
689 2122 810 2205 ὀργάνου
832 2121 881 2183 καὶ
905 2123 944 2188 ὡς
959 2121 1025 2204 περὶ
1048 2120 1118 2204 ύλην
1140 2122 1188 2183 καὶ
1212 2124 1252 2189 ὡς
1273 2120 1309 2183 δι’
1330 2121 1400 2204 ύλης
1422 2122 1503 2206 ἐνήρ·

254 2246 358 2307 γησεν,
384 2225 432 2287 καὶ
459 2222 525 2286 τύτε
550 2223 697 2307 λεγύμεθα
723 2228 797 2287 νοεῖν
829 2225 923 2307 ἡμεῖς.
972 2224 988 2285 6
1015 2223 1069 2306 γὰρ
1100 2222 1240 2307 ἡμέτερος
1272 2227 1338 2293 νοῦς
1364 2224 1503 2295 σύνθετός

255 2329 330 2391 ἐστιν
359 2325 393 2389 ἔκ
415 2350 447 2389 τε
472 2331 525 2408 τῆς
546 2328 711 2410 δυνάμεως,
738 2329 801 2410 ἥτις
828 2324 947 2410 ῦργανύν
970 2325 1030 2388 ἐστι
1051 2329 1103 2388 τοῦ
1131 2325 1211 2389 θείου
1234 2330 1299 2402 νοῦ,
1327 2326 1358 2389 ὃν
1382 2329 1503 2411 δυνάμει

214 2446 242 2490 υυ
255 2434 321 2493 νοῦν
345 2430 360 2492 6
381 2426 584 2513 Ἀριστοτέλης
606 2431 698 2500 καλεῖ,
721 2431 769 2492 καὶ
792 2434 844 2512 τῆς
866 2428 975 2491 ἐκείνου
990 2427 1141 2512 ἐνεργείας.
1179 2430 1220 2491 ὧν
1236 2429 1362 2512 θατέρου
1387 2432 1426 2513 μὴ
1451 2455 1503 2492 πα-

255 2532 353 2617 ρόντος
375 2532 515 2594 ἀδύνατον
532 2533 610 2615 ἡμᾶς
632 2537 716 2595 νοεῖν.
754 2532 826 2595 εὐθὺ
850 2530 975 2614 μὲνγὰρ
998 2554 1034 2613 ιη
1053 2534 1156 2614 πρώτη
1179 2530 1328 2616 κατοῖβολγ”Ι
1353 2537 1403 2595 τοῦ
1419 2532 1503 2616 σπέρ·

256 2633 345 2717 ματύς
368 2635 442 2698 ἐστιν
471 2635 486 2697 6
509 2634 637 2718 ἐνεργείᾳ
664 2638 729 2702 νοῦς
755 2634 803 2696 διὰ
825 2636 938 2696 πάντων
965 2655 997 2714 γε
1025 2637 1207 2717 κεχωρηκὼς
1232 2635 1280 2696 καὶ
1303 2636 1343 2697 ὢν
1366 2636 1503 2720 ἐνεργείᾳ,
1516 2653 1545 2694 σο

257 2741 298 2807 ὡς
319 2738 368 2800 καὶ
391 2737 420 2799 ἐν
436 2735 519 2820 άλλη)
540 2737 594 2798 τινλ
616 2738 730 2820 σώματι
753 2742 810 2798 τῶν
833 2736 990 2820 τυχύντων.
1027 2736 1142 2799 ἐπειδὰν
1165 2737 1197 2799 δὲ
1220 2738 1267 2799 καὶ
1290 2738 1336 2800 διὰ
1359 2743 1411 2821 τῆς
1432 2741 1502 2821 ἡμε-

255 2841 338 2925 τέρας
361 2840 513 2923 δυνάμεως
532 2838 685 2923 ἐνεργήση,
709 2839 773 2902 τότε
789 2839 929 2922 ἡμέτερος
951 2843 1017 2908 νοῦς
1039 2837 1122 2907 οὖτος
1145 2840 1258 2921 λέγεται
1280 2842 1328 2903 καλ
1351 2841 1437 2924 ἡμεῖς
1458 2866 1502 2904 νο-

214 2961 242 3005 25
255 2948 359 3024 οῦμεν.
383 2943 481 3025 ὥσπερ
504 2941 593 3010 εἴτις
615 2944 747 3026 τεχνίτην
771 2943 904 3025 ἐννοήσαι
925 2941 990 3003 τοτὲ
1013 2941 1064 3022 μέν
1087 2941 1156 3004 ἄνευ
1184 2943 1312 3026 ὀργάνων
1333 2943 1503 3027 ἐνεργοῦντα

254 3047 328 3110 κατὰ
350 3046 402 3128 τὴν
424 3045 545 3129 τέχνην,
571 3045 637 3106 τοτὲ
659 3045 691 3107 δὲ
712 3046 760 3107 καὶ
784 3041 845 3128 μετ’
873 3045 1016 3128 ὀργάνων,
1043 3043 1092 3106 ὅτε
1114 3047 1161 3107 καὶ
1184 3047 1203 3128 η
1227 3045 1299 3108 κατὰ
1322 3047 1373 3129 τὴν
1396 3046 1502 3131 τέχνην

255 3148 383 3231 ἐνέργεια
405 3146 486 3231 αύτῷ
510 3147 575 3230 περὶ
596 3148 649 3229 τὴν
672 3148 742 3231 ύλην
764 3148 880 3227 γίνεται.
918 3146 966 3208 τδν
989 3145 1076 3208 αῦτδν
1099 3145 1273 3231 τρόπονκαὶ
1296 3150 1312 3212 δ
1335 3149 1415 3217 θεῖος
1437 3153 1503 3216 νοῦς

254 3252 299 3314 άελ
324 3251 375 3333 μὲν
397 3249 509 3333 ἐνεργεῖ
532 3248 591 3329 (διδ
614 3249 663 3311 καί
685 3247 761 3311 ἔστιν
784 3249 939 3333 ἐνεργείᾳ),
969 3247 973 3334 λ
1005 3251 1052 3312 καὶ
1075 3247 1111 3313 δι’
1141 3251 1263 3334 ὀργάνου
1285 3251 1333 3327 δέ,
1361 3251 1428 3314 ὅταν
1451 3253 1486 3315 ἐκ
1506 3266 1559 3312 Ηυι

254 3359 305 3437 τῆς
328 3352 505 3436 συγκρίσεως
526 3356 585 3413 τῶν
605 3352 748 3434 σωμάτων
771 3352 819 3413 καὶ
841 3356 893 3434 τῆς
910 3351 1062 3436 εὐκρασίας
1083 3352 1198 3435 γένηται
1221 3351 1340 3436 ὄργανον
1362 3360 1500 3419 τοιοῦτον.

214 3472 241 3517 ³0
254 3457 355 3539 ύλικὴν
376 3456 430 3537 γὰρ
450 3453 508 3536 ἤδη
531 3454 592 3516 τινὰ
614 3454 680 3517 τότε
702 3453 844 3536 ἐνέργειαν
867 3440 977 3539 ἐνεργεῖ
998 3454 1137 3518 καὶέστιν
1160 3454 1244 3524 οὗτος
1265 3457 1405 3541 ἡμέτερος
1427 3463 1502 3526 νοῦς.

255 3560 303 3623 καλ
329 3557 486 3650 ἐκκρίνεται
516 3558 567 3640 δή,
600 3554 687 3639 ὅνπερ
714 3555 817 3639 τρόπον
849 3558 897 3620 καλ
928 3558 1105 3642 εἰσκρίνεται.
1155 3558 1189 3620 ού
1217 3559 1270 3643 γὰρ
1298 3560 1430 3646 άλλαχοῦ
1462 3561 1503 3623 ὢν

255 3660 428 3746 μεταβαίνει,
452 3659 527 3723 ἀλλὰ
546 3662 589 3742 τῷ
606 3664 755 3743 πανταχοῦ
777 3657 849 3722 εἶναι
873 3659 951 3743 μένει
971 3662 1018 3723 καὶ
1042 3661 1128 3744 ἐντῷ
1152 3661 1185 3723 ἐκ
1200 3666 1252 3745 τῆς
1275 3662 1431 3746 ἐκκρίσεως
1446 3665 1505 3725 δια·
1531 3680 1546 3721 τ

204 3924 216 3974 l
236 3919 326 3973 τούτου
344 3918 388 3970 καλ
407 3918 483 3969 VKa:
502 3921 591 3969 τοῦτον
611 3919 653 3969 καὶ
672 3918 695 3968 M
794 3917 921 3986 ποιήματα
943 3919 1001 3969 VM:
1020 3917 1116 3988 ποίημά
1134 3937 1170 3975 τις
1190 3919 1225 3970 K:
1245 3920 1412 3989 ποιήματιςα
1510 3941 1558 3973 πα-

202 4008 257 4061 θὼν
277 4008 312 4058 V:
330 4004 420 4058 παθῶν
438 4020 502 4057 συντ.
520 4006 549 4057 in
568 4002 657 4057 παθὼν
676 4006 712 4056 M:
731 4006 821 4056 παθῶν
840 4006 881 4056 Ka
979 4004 1028 4057 ῦπύ
1046 4024 1110 4063 τινος
1129 4008 1172 4058 καὶ
1189 4007 1361 4075 γενύμενοςλί
1466 4010 1559 4067 *ἐνοῦς

202 4097 240 4148 M:
258 4099 317 4148 νοῦν
335 4093 399 4145 vlia
505 4090 684 4150 3ττλειωθεὶς
703 4093 780 4144 MKa:
799 4090 932 4150 τελεωθείς
950 4093 972 4143 V
1078 4095 1110 4145 τὰ
1128 4097 1160 4163 τῖγ
1179 4093 1292 4162 φύστιλΙ
1398 4096 1444 4165 τὴν
1463 4099 1557 4149 om.M

202 4184 219 4235 4
237 4187 282 4235 τοῦ
300 4184 344 4233 νοῦ
361 4181 423 4233 VM:
441 4183 485 4231 νοῦ
504 4180 545 4232 Ka
649 4187 714 4231 νοεῖν
732 4180 806 4231 VKM
825 4197 865 4233 ex.
887 4180 966 4232 Victa
985 4187 1037 4233 νοεῖ
1054 4197 1069 4232 ιι
1174 4182 1190 4234 6
1210 4184 1254 4240 τὰς
1273 4183 1453 4255 ἐπιφερομένας
1471 4187 1496 4237 M

202 4271 343 4340 ἀνάγκηλί
447 4272 506 4335 post
524 4267 608 4338 ἔχοντι
626 4267 759 4336 paululum
778 4283 878 4319 erasum
898 4269 920 4318 λ’
1026 4268 1085 4320 Ἰδέ
1105 4270 1141 4320 M:
1160 4287 1188 4337 γι
1207 4271 1271 4321 vKa
1370 4272 1484 4324 8ταῦτα
1502 4273 1558 4345 περὶ

202 4359 288 4409 νυύΜ
376 4355 545 4426 θλεγομένυυ
562 4357 667 4423 scripsi:
686 4354 812 4424 λεγομένῳ
832 4356 922 4408 VKMa
1013 4357 1041 4407 ll
1062 4354 1139 4408 αῦτού
1160 4358 1192 4408 V:
1213 4356 1289 4409 αὐτοῦ
1309 4360 1375 4411 MKa
1467 4360 1497 4412 12
1516 4359 1558 4412 δύ-

202 4442 302 4513 νασθαι]
321 4445 354 4496 σί.
374 4444 429 4497 lnd.
533 4444 563 4495 13
582 4443 689 4495 fortasse
707 4446 781 4494 τοῦτο
885 4444 915 4495 14
934 4444 1006 4495 παντὶ
1024 4445 1194 4512 γενομένωλλ
1297 4448 1397 4500 λῖν-16
1417 4447 1457 4499 ἐπὶ
1477 4464 1559 4516 usque

203 4533 369 4602 εδγινομένη
388 4547 438 4585 om.
457 4533 524 4584 MKa
631 4531 660 4581 l?
684 4529 741 4581 τότε
762 4530 927 4582 mim-661
1033 4531 1065 4584 δι’
1088 4549 1137 4584 om.
1157 4535 1179 4584 M
1291 4534 1321 4583 19
1343 4535 1557 4605 ἥτιςευτῖρείιῆ

202 4638 239 4679 τις
259 4620 348 4673 VKMa
453 4619 492 4689 δν]
511 4620 620 4672 sortasse
638 4617 669 4686 ἣν
775 4619 809 4669 20
830 4623 874 4670 νοῦ
892 4618 964 4671 καλεῖ
981 4618 994 4671 6
1014 4621 1173 4690 ἁριστστέλης
1191 4623 1214 4672 M
1312 4622 1345 4673 22
1363 4625 1557 4695 κεχωρικῶςλλ

203 4706 237 4760 23
259 4707 299 4760 διὰ
317 4708 392 4760 vna:
412 4707 426 4760 6
444 4709 476 4760 τὰ
493 4709 518 4759 M
624 4706 658 4759 25
680 4706 792 4775 ἐννοῆσαι
810 4708 901 4758 λ’λῙΚυ
1006 4709 1039 4760 :63
1063 4709 1119 4759 τότε
1137 4711 1159 4760 M
1267 4710 1298 4760 *27
1319 4711 1410 4780 ἐνέργει
1427 4712 1452 4762 M

203 4794 250 4867 τὴν
268 4792 331 4867 ύλην
349 4796 386 4847 M:
404 4799 437 4866 τῇ
455 4793 503 4866 ὕλη
522 4794 588 4847 VKa
605 4793 707 4846 cf.1nd.
777 4793 881 4847 27—28
899 4794 970 4866 αῦτιγῖ
988 4797 1043 4868 περὶ
1060 4799 1093 4870 τῇ
1112 4795 1240 4868 ὕλη-καὶ
1258 4798 1323 4851 ἔστιν
1337 4799 1445 4871 ἐνεργείᾳ
1464 4800 1506 4852 bis
1518 4799 1559 4853 Ka

205 4881 421 4938 301612011161
528 4882 561 4935 32
580 4880 728 4952 διαινομίνιρ
747 4882 770 4934 M
