3540 5610
601 298 611 317 ⁰
682 283 883 336 ALEXANDRI
908 285 951 336 llll
976 283 1083 337 An'lhh
1519 283 1558 347 41

262 454 360 543 αὑτά),
381 459 419 520 τὰ
441 457 473 520 δέ
495 438 557 520 τινα
579 463 639 519 τῶν
660 455 727 520 καθ’
754 457 828 520 αὑτὰ
850 458 998 541 αἰσθητῶν
1023 459 1083 521 ἐστι
1104 460 1195 522 κοινοί.
1240 458 1302 523 ἔστι
1327 461 1359 523 δὲ
1381 461 1508 528 τοιαῦτα,

263 559 317 621 ὅσα
343 560 377 622 τδ
406 560 457 642 μὲν
479 561 670 644 γνωρίζεσθαι
692 559 728 622 δι’
756 560 923 644 αἰσθήσεως
945 557 1023 645 ἔχει,
1052 561 1167 631 πλείους
1197 562 1293 645 μέντοι
1320 563 1390 626 εἰσίν
1413 561 1509 625 αὐτῶν

263 653 415 745 αἰσθήσεις
437 664 571 726 διάκονοι.
607 661 674 746 μεθ’
702 664 743 725 ῶν
764 662 819 746 γὰρ
841 664 873 726 τδ
894 664 1004 746 ἑκάστη
1026 663 1163 748 αἰσθήσει
1185 665 1256 728 ἴδιον
1279 666 1420 748 αἰσθητὸν
1443 665 1509 726 ὑπο-

262 764 372 839 πίπτει,
401 764 474 848 μετὰ
495 764 604 827 τούτων
630 766 679 828 καί
701 766 737 828 τὰ
758 765 934 850 αἰσθητήρια
957 766 1008 848 τὴν
1030 765 1078 828 hri
1100 767 1158 850 τήν
1174 766 1309 852 αἴσθησιν
1332 767 1428 830 αὐτῶν
1451 789 1510 827 ποι-

235 872 333 929 οεῖται
356 868 492 930 διάδοσιν.
526 870 646 930 τοιαῦτα
668 867 700 931 δέ
719 867 779 931 ἐστι
800 868 919 951 κίνησις,
942 868 1058 951 ἠρεμία,
1081 868 1216 953 ἀριθμός,
1239 876 1352 956 σχῆμα,
1376 869 1508 953 μέγεθος.

265 968 339 1032 κατὰ
360 970 547 1054 συμβεβηκὸςΙ
569 970 602 1032 δὲ
616 969 743 1053 αἰσθητὰ
765 975 808 1056 τῷ
824 971 1038 1057 συμβεβηκέναι
1059 995 1085 1034 τι
1105 970 1203 1042 αὐτοῖς
1224 973 1364 1056 αἰσθητῶν
1383 971 1510 1054 αἰσθητὰ
1523 986 1550 1027 οἳ

262 1072 312 1134 καὶ
333 1072 408 1134 αδτδι
430 1075 584 1155 καλοῦμεν,
608 1071 669 1135 οἷον
692 1071 776 1142 εἴτις
797 1075 846 1136 τὸν
868 1073 961 1158 ἀφρὸν
983 1073 1123 1156 αἰσθητὸν
1145 1072 1218 1136 εἰναι
1237 1073 1326 1156 λέγοι,
1349 1073 1419 1136 διότι
1441 1096 1509 1155 συμ-

264 1174 386 1258 βέβηκεν
409 1175 490 1258 αὐτῷ
513 1178 608 1259 λευκῷ
632 1173 718 1245 εἰναι,
746 1179 830 1238 τοῦτο
857 1176 890 1238 δὲ
911 1174 1061 1259 αἰσθητόν.
1106 1177 1143 1239 τὰ
1166 1177 1217 1257 μὲν
1239 1175 1288 1255 οὖν
1316 1178 1408 1245 οὕτως
1430 1175 1508 1258 λεγό-

261 1300 335 1359 μενα
362 1277 490 1360 αἰσθητὰ
516 1275 585 1340 οὐδὲ
607 1277 734 1362 αἰσθητὰ
761 1279 813 1361 τὴν
840 1278 950 1363 ἀρχήν,
979 1278 1022 1340 ὅτι
1047 1279 1121 1362 μηδὲ
1147 1281 1256 1364 πάσχει
1283 1280 1350 1362 τιή
1374 1278 1509 1361 αἴσθησις

222 1397 248 1439 ιο
262 1382 313 1444 ὑπ’
339 1380 437 1442 αὐτῶν
463 1375 485 1465 ή
514 1383 640 1443 τοιαῦτα.
685 1385 743 1443 τῶν
771 1380 804 1443 δὲ
830 1378 898 1445 καθ’
927 1380 1000 1444 αὑτὰ
1026 1381 1176 1464 αἰσθητῶν
1203 1383 1267 1466 περὶ
1294 1382 1345 1463 μὲν
1371 1382 1407 1444 τὰ
1430 1380 1510 1445 κοινὰ

260 1483 412 1569 συμβαίνει
435 1483 487 1552 τὰς
507 1483 659 1567 αἰσθήσεις
681 1482 864 1560 ἀπατᾶσθαι,
892 1486 933 1551 ῶς
955 1483 996 1565 μὴ
1020 1484 1157 1568 πάσχειν,
1187 1487 1227 1553 ῶς
1249 1483 1313 1570 ἔχει
1342 1484 1377 1546 τὰ
1400 1483 1510 1546 ὑποκεί-

260 1609 342 1669 μενα.
380 1585 455 1670 αὕτη
477 1584 532 1668 γὰρ
547 1585 716 1668 αἰσθήσεως
738 1587 889 1670 διαμαρτία
911 1588 944 1649 τδ
960 1586 1008 1648 διά
1029 1609 1091 1649 τινα
1106 1587 1271 1671 περίστασιν
1295 1587 1411 1650 α’λλοῖον
1433 1586 1508 1668 αὐτῇ

260 1689 390 1771 γίνεσθαι
416 1689 449 1751 τὸ
477 1687 571 1756 πάθος
598 1688 647 1769 καί
675 1689 716 1771 μὴ
740 1686 839 1772 ὅμοιον
866 1692 908 1772 τῷ
933 1685 992 1771 ,ἀφ’
1021 1687 1055 1751 οὖ
1082 1689 1196 1771 γίνεται.
1240 1690 1305 1772 περὶ
1331 1690 1363 1753 δὲ
1390 1689 1425 1753 τὰ
1453 1687 1511 1752 ’ίδια
1524 1706 1552 1748 4ο

258 1791 388 1874 αἰσθητὰ
414 1790 593 1874 ἀληθεύουσι
622 1791 761 1874 μαλιστα,
796 1789 863 1853 ὅταν
893 1788 993 1859 αὐταῖς
1020 1793 1202 1876 φυλάσσηται
1228 1796 1333 1864 ταῦτα,
1369 1788 1435 1875 μεθ’
1469 1793 1509 1854 ῶν

221 1911 247 1954 15
261 1896 331 1959 εἰσιν
354 1893 450 1957 αὐτῶν
466 1893 674 1976 ἀντιληπτικαί.
712 1894 753 1955 ὧν
777 1897 890 1978 πρῶτον
914 1893 966 1973 μὲν
989 1891 1023 1955 ἂν
1046 1874 1099 1977 εἰηΙ
1115 1894 1147 1956 τδ
1164 1894 1297 1976 ὑγιαίνειν
1319 1917 1351 1956 τε
1365 1896 1413 1957 καὶ
1435 1895 1510 1958 κατὰ

258 1999 344 2082 φύσιν
367 1995 445 2081 ἔχειν
467 1993 504 2058 τὰ
518 1995 705 2080 αἰσθητήρια,
729 1995 861 2079 δεύτερον
884 1995 917 2058 δὲ
938 1996 957 2078 ἡ
977 1995 1058 2065 θέσις
1080 2001 1131 2059 τοῦ
1153 1997 1296 2080 αἰσθητοῦ
1318 1996 1367 2080 (οὐ
1382 1997 1436 2080 γὰρ
1459 2000 1510 2059 τοῦ

261 2100 383 2165 ὄπισθεν
398 2097 532 2182 κειμένου
555 2100 574 2181 η
591 2096 655 2182 ὄψις
670 2098 885 2182 ἀντιληπτική),
908 2098 999 2182 τρίτον
1022 2100 1107 2181 ήτοδ
1129 2101 1324 2182 διαστήματος
1339 2099 1482 2182 σομμετρί
1501 2145 1509 2160 .

258 2203 293 2266 οδ
316 2202 370 2288 ηδιρ
393 2203 452 2264 σἰπδ
476 2202 581 2273 παντὸς
608 2203 802 2285 διαστήματος
829 2207 888 2270 τοῖς
910 2200 1108 2293 αἰσθητηρίοις
1135 2203 1153 2285 ή
1177 2206 1235 2265 τῶν
1262 2202 1413 2285 αἰσθητῶν
1436 2201 1509 2264 ἀντί-

256 2311 344 2391 ληψις
365 2306 482 2388 γίνεται.
517 2305 565 2367 καί
580 2303 628 2366 ὲπί
651 2304 761 2373 τούτοις
783 2306 827 2368 δεῖ
848 2304 880 2366 τδ
903 2301 1018 2387 μεταξύ,
1041 2302 1078 2367 δι’
1099 2304 1133 2368 οὔ
1156 2306 1249 2388 ήτῶν
1271 2304 1420 2387 αἰσθητῶν
1437 2304 1510 2368 ἀντί-

215 2428 245 2472 ου
259 2414 360 2494 ληψις,
389 2407 560 2491 ἐπιτηδείως
586 2402 666 2490 ἔχειν
692 2406 764 2491 πρὸς
789 2407 821 2469 τδ
847 2411 906 2476 τοῖς
933 2406 1130 2492 αἰσθητηρίοις
1156 2407 1352 2471 διακονεῖσθαι
1379 2406 1428 2489 (οδ
1455 2407 1509 2491 γὰρ
1524 2423 1551 2465 es

205 2637 215 2687 l
246 2635 280 2686 τὰ
297 2629 456 2699 δί-κοινά]
484 2630 578 2698 Einige
600 2629 797 2699 Sinnesobjecte
820 2630 878 2682 sind
903 2631 983 2684 ihrem
1008 2631 1103 2684 Wesen
1129 2632 1194 2683 nnch
1219 2630 1456 2698 gemeinschaftlich

201 2721 275 2775 3-5
298 2717 357 2789 μεθ’
380 2716 572 2786 διν-διάδοσιν]
591 2717 646 2769 und
665 2733 731 2769 τινος
749 2734 802 2769 was
821 2716 862 2769 die
881 2718 966 2786 Dinge
984 2718 1125 2783 nnbetrifft,
1143 2720 1186 2771 bei
1206 2719 1319 2771 welchen
1339 2720 1386 2771 das
1404 2721 1488 2772 eincm
1507 2721 1563 2773 cin·

201 2811 296 2864 zelnen
315 2808 361 2860 der
377 2807 459 2860 Sinne
478 2804 628 2873 specifische
647 2803 828 2872 Sinnesobject
846 2805 903 2858 dein
922 2805 1004 2858 Sinne
1024 2806 1177 2874 unterliegt‚
1195 2807 1243 2858 1nit
1261 2806 1351 2858 diesen
1371 2804 1500 2875 [bingen]
1519 2823 1563 2875 ge·

201 2899 301 2966 langen
319 2897 366 2947 wir
384 2910 429 2946 zur
448 2893 662 2960 Wehrnehmung
676 2893 752 2961 J'ener
769 2892 861 2959 (durch
877 2892 970 2962 jeriel)
1076 2893 1144 2946 6-7
1164 2894 1230 2945 κατὰ
1248 2892 1563 2965 συμβεβηκὸς-αἰσθητὸν

201 2985 265 3038 εἰναι
276 2980 356 3051 λέγοι]
376 2982 440 3034 Wns
452 2997 512 3043 rnen
525 2980 724 3048 Sinuesohjelrte
741 2995 787 3047 per
799 2979 920 3033 accidens
932 2990 1023 3044 neunt,
1042 2980 1098 3033 das
1117 2982 1189 3033 sind
1209 2980 1258 3034 die
1271 2982 1386 3049 llinge‚
1405 2982 1455 3034 die
1474 2982 1564 3034 nicht

201 3072 284 3125 nach
303 3070 371 3122 dem
391 3070 503 3122 Wesen
522 3069 608 3121 ihrer
625 3068 725 3120 Netur
743 3067 990 3136 Sinnescbjecte
1009 3066 1094 3131 sind,
1115 3070 1177 3121 eber
1195 3070 1229 3121 da
1247 3071 1284 3122 sie
1303 3069 1409 3136 ziiiellig
1427 3069 1492 3121 crint
1509 3068 1562 3120 und

200 3159 314 3214 erreicht
332 3159 376 3210 ein
399 3156 511 3209 sinnlich
530 3155 751 3207 wehmehmbares
771 3155 853 3223 lling‚
877 3168 906 3205 se
924 3169 1030 3206 neuneu
1051 3156 1098 3207 wir
1115 3157 1181 3208 euch
1204 3159 1242 3210 sie
1260 3156 1472 3224 Sinnesebjelrie‚
1497 3173 1519 3208 z.
1532 3155 1564 3208 B.

201 3249 265 3300 dass
282 3244 395 3299 Jemend
413 3260 465 3296 von
484 3243 540 3295 dem
560 3241 836 3294 Nechdenkenden
855 3241 1058 3311 (Einsichtigen)
1078 3249 1145 3312 sagi,
1163 3261 1190 3297 er
1208 3245 1243 3303 ist
1260 3245 1304 3297 ein
1322 3243 1506 3310 Sinnesehjelct

161 3378 168 3389 .
203 3334 238 3388 10
265 3332 295 3405 ή]
318 3331 434 3386 insefern
560 3328 660 3381 11-15
689 3327 725 3387 ῶς
743 3328 778 3398 μή
797 3328 1132 3402 πάσχειν-ἀντιληπτικαί]
1156 3347 1184 3384 so
1203 3332 1263 3384 (less
1286 3333 1324 3384 sie
1347 3332 1419 3383 nicht
1439 3331 1561 3383 einsehen

202 3424 313 3491 (richtig
325 3419 528 3484 wehrnehmen)‚
547 3419 593 3471 wie
606 3418 685 3470 ihnen
704 3418 807 3484 pessirl,
825 3418 853 3468 in
866 3417 933 3480 dent,
951 3433 1004 3470 was
1017 3419 1062 3470 wir
1074 3433 1120 3471 νοτ
1132 3419 1275 3471 uns-seben
1293 3434 1344 3470 ron
1357 3417 1452 3470 diesem
1467 3417 1562 3470 Buche.

201 3513 281 3564 Denn
299 3510 345 3561 der
363 3508 454 3560 lrrtum
472 3506 571 3557 lommt
588 3520 634 3557 νοτ
657 3506 691 3558 im
711 3504 789 3566 Sinn,
811 3519 886 3556 wenn
909 3505 961 3557 ihm
981 3506 1025 3559 der
1044 3504 1212 3574 Gegenstsnd
1230 3505 1333 3559 ihnlich
1357 3504 1500 3557 vorknmrnt
1518 3504 1563 3571 (l).

200 3598 259 3651 nnd
277 3613 306 3648 er
322 3598 373 3648 irre
396 3593 473 3657 wird,
495 3592 549 3644 und
568 3592 613 3644 der
631 3591 743 3655 Umriss,
769 3591 876 3643 welcher
895 3592 923 3644 in
942 3593 994 3644 ihm
1017 3594 1052 3645 ist
1071 3593 1173 3660 (wind),
1197 3591 1363 3646 verschieden
1381 3592 1416 3643 ist
1433 3607 1485 3643 νου
1505 3592 1561 3642 dem

201 3687 304 3753 Dinge,
328 3698 379 3734 von
403 3681 523 3733 welchem
548 3696 575 3732 er
592 3679 701 3743 lemni,
724 3680 921 3746 wegen'seiner
940 3680 1129 3734 llelr'nlichkeit.
1167 3681 1231 3733 Wes
1253 3680 1296 3733 dic
1315 3682 1398 3746 llinge
1422 3677 1563 3742 eribetrifft,

137 3830 145 3843 ¹
203 3773 300 3825 welche
319 3772 369 3823 den
382 3770 482 3822 Sinnen
502 3767 605 3831 dienen,
624 3781 652 3818 so
671 3767 706 3818 ist
724 3783 752 3819 er
769 3768 798 3819 in
815 3768 896 3819 ihnen
914 3768 1100 3820 insbesendere
1120 3768 1252 3833 wehrhnst,
1271 3786 1299 3820 so
1318 3769 1395 3836 lange
1415 3769 1457 3820 die
1470 3768 1563 3832 binde,

202 3861 252 3912 init
270 3858 384 3911 welchen
404 3857 483 3909 ihnen
502 3855 544 3907 die
563 3854 778 3922 thrnehmung
795 3854 950 3919 stettfindet‚
968 3855 1084 3907 erhelten
1103 3856 1317 3924 (gegenwirtigi)
1337 3856 1410 3917 sindn
1497 3854 1526 3906 ll
1546 3855 1562 3924 η

203 3943 391 4016 -τυμμετρία]
410 3943 471 3995 dress
489 3942 532 3994 die
549 3939 714 4010 Entiernung
732 3941 859 3994 zwischen
878 3959 901 3994 e.
919 3959 944 3993 u.
964 3942 988 3993 d.
1008 3957 1031 3994 a.
1052 3943 1113 3994 luiz
1133 3944 1170 3995 sei
1260 3944 1292 3996 lt
1310 3940 1415 4011 μεταξὺ]
1432 3943 1562 3996 zwischcn

201 4035 269 4087 dem
295 4029 593 4084 Wehrnehrnenden
616 4028 678 4080 und
703 4029 769 4082 dem
794 4028 1121 4097 Wehrgennmmenen
1246 4029 1280 4081 20
1306 4036 1358 4087 τοῖς
1379 4028 1561 4101 αἰσθητηρίοις]

202 4122 304 4174 durch
323 4120 370 4172 dns
389 4119 567 4185 Sinuesorgan

201 4326 327 4379 ’Σαδτῶν
346 4327 369 4377 V
388 4343 430 4378 ex.
449 4326 529 4378 vics:
548 4322 653 4395 αἰντιβυ
768 4322 935 4393 3έκάστηυ
986 4386 990 4395 Ι
1049 4325 1178 4396 δήρεμία
1196 4329 1225 4375 ut
1244 4324 1350 4377 seletV
1463 4325 1590 4392 6post·

201 4415 311 4483 αἰσθητὰ
330 4413 405 4482 plura
423 4413 552 4467 excidisse
570 4411 750 4480 interpretatio
776 4411 896 4464 hebraica
914 4412 997 4464 «locet.
1016 4411 1125 4465 fortasse
1144 4413 1209 4464 κατὰ
1231 4411 1391 4482 συμβεβηκὸς
1409 4411 1436 4464 δὲ
1453 4410 1562 4482 αἰσθητὰ

201 4504 244 4564 (τὰ
257 4499 319 4554 καθ’
336 4499 400 4552 αὑτὰ
412 4498 460 4552 οὐκ
474 4498 589 4570 αἰσθητά,
609 4500 635 4564 θ)
653 4502 692 4569 τῷ
705 4486 890 4568 σθμβεβηκίναι
907 4517 932 4550 τι
944 4499 1027 4563 αὺτοῖς
1043 4498 1162 4571 αἰσθητὸν
1180 4499 1343 4569 αἰσθητὰκαὶ
1362 4498 1426 4551 αὐτὰ
1437 4498 1562 4568 καλοῦμεν

202 4590 218 4641 ἰ’
245 4587 452 4660 ἀφρὸν]·ἀρορδν
471 4604 494 4639 a.
531 4604 593 4641 casu
612 4587 747 4640 sensibilia
766 4584 920 4643 Aristoteles
944 4587 1057 4641 nominis
1076 4587 1227 4656 appellativi
1251 4580 1369 4653 exernplc
1389 4586 1455 4653 solet
1472 4591 1562 4641 notare

202 4675 318 4748 [λιάρους
340 4674 391 4734 οἰός
417 4675 449 4728 de
474 4674 724 4743 anselmum
764 4674 827 4726 latet
850 4674 959 4726 fortasse
978 4671 1123 4744 Edppee',
1147 4675 1216 4742 (pred
1238 4675 1322 4727 Arabs
1341 4675 1394 4726 der
1412 4674 1560 4727 Einsich-

202 4767 268 4833 lige
288 4765 363 4817 vertit
466 4759 850 4833 Ιθήεοτίρυίτήθιουκυ
951 4762 979 4813 ll
1000 4760 1176 4814 ἁπατᾶσθαιο
1275 4760 1389 4835 Ιθαδτή
1408 4760 1560 4831 εεαδτηθ

205 4853 234 4903 ll
253 4850 405 4922 dispiciendi
424 4866 461 4903 sc.
479 4850 504 4902 nl
523 4848 649 4919 αἰσθήσεις
755 4848 920 4920 φυλάσσηιται
941 4849 961 4898 V
978 4914 984 4929 .
1073 4850 1101 4901 17
1121 4846 1221 4901 ὄπισθεν
1240 4865 1267 4900 a:
1286 4846 1372 4901 ὄπιθεν
1392 4848 1413 4898 V
