3540 5610
523 304 526 310 ·
639 308 695 379 [ου
719 310 828 364 mma
850 310 952 364 ωοοο
975 280 1102 381 mna]
1486 311 1546 377 137

248 484 283 546 τδ
304 482 380 552 είδος
405 488 455 547 τού
482 483 632 567 ὁρωμένου
659 483 861 569 ἀναλαμβάνον
889 485 936 548 καὶ
963 485 1200 570 ἀναμασσὸμινον
1227 486 1259 548 τδ
1288 484 1356 570 παρ’
1383 483 1494 549 ἐκείνου

250 585 326 656 εἶδος
347 586 531 669 ἀναγγέλλειν
555 590 595 669 τή
617 586 782 671 αἰσθήσει),
808 588 880 672 πρδς
902 587 938 670 δὴ
961 588 1078 657 τούτους
1105 589 1172 673 χρὴ.
1187 587 1278 670 λέγειν
1305 592 1419 672 πρῶτον
1443 587 1495 670 μέν

249 687 309 764 ὁτι,
341 688 369 752 εἰ
398 690 432 752 τδ
462 686 514 773 ἀφ’
545 689 682 773 ἑκατέρου
715 688 919 772 ἐκπέμπεσθαί
946 713 973 752 τι
999 695 1085 773 σῶμα
1117 688 1179 753 κατ’
1208 691 1279 754 ἰδίαν
1313 692 1331 775 ή
1359 690 1417 753 ἀπὸ
1443 693 1496 770 τῆς

252 788 349 875 ὄψεως
372 791 391 874 ἢ
408 793 466 854 ἀπὸ
488 796 538 854 τοῦ
554 791 702 876 ὁρωμένου
723 790 841 866 ἄτοπον,
864 795 951 876 δῆλον
975 795 1015 861 ὡς
1037 792 1143 856 ἀτοπον
1159 795 1206 857 καὶ
1229 795 1261 857 τδ
1277 793 1306 862 ἐξ
1323 790 1496 877 ἀμφοτέρων
1510 806 1537 848 τυ

221 893 305 976 οτὴν
327 892 483 978 ἀπόρροιαν
510 892 606 956 αὐτῶν
628 897 719 957 ποιεῖν
745 894 918 978 (ἀπαντήσει
939 895 992 978 γάρ
1014 896 1062 958 καλ
1085 897 1194 964 τούτοις
1220 895 1328 971 ἀτοπα,
1354 894 1410 959 ὁσα
1432 894 1496 956 έκα-
1525 882 1529 890 ⁴

250 997 343 1080 τέροις
368 996 499 1060 ἐκείνων·
533 994 656 1080 καὶγὰρ
681 996 715 1059 τδ
742 996 772 1058 ἐν
794 996 892 1083 χρόνῳ
921 1000 979 1060 δεῖν
1000 998 1128 1081 γίνεσθαι
1154 999 1205 1081 τὴν
1232 998 1378 1082 ἀντιληψιν
1401 995 1497 1080 διαφέι

251 1122 329 1183 ροντι
358 1105 417 1163 τῶν
450 1099 533 1182 ἐγγύς
561 1098 609 1162 καὶ
641 1096 794 1182 πόρρωθεν
821 1100 992 1185 ὁρωμένων,
1025 1101 1073 1163 καὶ
1099 1101 1131 1162 τὸ
1160 1095 1366 1164 ἀναλίσκεσθαί
1396 1100 1434 1162 τά
1465 1121 1497 1160 τε

181 1264 187 1277 ,
251 1203 366 1285 ὁρῶντα
392 1201 440 1265 καὶ
463 1201 498 1266 τὰ
520 1201 655 1286 ὁρώμενα
679 1198 683 1286 Ι
707 1202 755 1264 καλ
777 1203 931 1284 μειοῦσθαι
952 1202 982 1265 ἐν
1009 1208 1046 1284 τῇ
1076 1202 1202 1286 ἐνεργείᾳ
1224 1202 1315 1285 ταύτη
1344 1203 1479 1286 ἑκάτερον
1502 1215 1552 1258 151r

250 1303 349 1369 αὸτῶν
370 1304 513 1386 τοσαύτης
535 1303 690 1388 ἀπορροίας
711 1301 762 1367 ἀπ’
790 1304 886 1368 αὐτῶν
912 1304 1089 1388 γενομένης),
1118 1306 1165 1367 καὶ
1186 1306 1218 1368 τδ
1243 1305 1330 1390 μέχρι
1352 1305 1443 1368 πόσου
1465 1305 1498 1367 δὲ
1552 1345 1557 1354 ·

209 1423 241 1468 10
253 1406 352 1471 ἀπεισι
373 1407 407 1470 τδ
427 1404 657 1490 ἐκπεμπόμενον,
684 1405 784 1470 ἔπειτα
806 1407 996 1491 συμμίγνυται
1017 1413 1061 1493 τῷ
1085 1407 1143 1470 ἀπὸ
1166 1412 1217 1471 τού
1240 1407 1388 1492 ὁρωμένου
1411 1407 1497 1491 ἀπορ-

254 1510 364 1594 ρέοντι,
389 1510 515 1594 ὡρίσθαι
542 1512 596 1574 δεῖ.
641 1511 677 1593 ἣν
698 1510 752 1594 γὰρ
780 1509 814 1572 ἀν
842 1511 993 1592 ἀναλογίαν
1020 1511 1194 1594 ποιήσωσιν,
1218 1511 1316 1594 δεήσει
1338 1511 1368 1572 ἐν
1390 1509 1499 1572 πλείονι

254 1613 356 1698 χρόνῳ
377 1612 414 1676 τά
430 1611 541 1695 μακρὰν
565 1613 634 1696 ὁράν
656 1617 714 1675 τῶν
736 1613 827 1695 ἐγγύς,
851 1613 902 1675 ἀτε
923 1613 1040 1676 πλείονα
1062 1614 1170 1694 κίνησιν
1191 1612 1359 1705 κινουμένου
1382 1616 1433 1674 τού
1455 1611 1500 1674 ἐκ·

254 1715 445 1798 πεμπομένου
472 1711 523 1799 ἀφ’
541 1716 636 1798 ,ήμῶν
663 1716 694 1778 ἐν
715 1707 753 1799 τῇ
776 1717 848 1801 πρδς
873 1716 969 1779 ἐκεῖνα
994 1715 1159 1800 προσβολῇ,
1188 1715 1239 1798 τὴν
1269 1715 1301 1777 δὲ
1323 1715 1440 1778 πλείονα
1462 1715 1500 1777 κί-
1526 1728 1540 1771 ὁ

241 1811 338 1902 Ινησιν
360 1819 391 1881 ἐν
412 1818 521 1880 πλείονι
541 1817 672 1898 γίνεσθαι
694 1817 802 1907 χρόνιρ.
846 1817 915 1880 οὐδὲ
936 1817 988 1900 γάρ
1016 1819 1048 1880 τδ
1075 1817 1216 1902 ἀπορρέον
1246 1817 1350 1880 θᾶττον
1376 1818 1500 1902 ἀφικνεῖ-

211 1935 240 1980 15
254 1921 326 1984 σθαι
348 1921 419 2004 πρὸς
446 1922 499 2003 τήν
522 1918 587 2006 ὄψιν
613 1917 753 2004 αὔταρκες
779 1921 850 2004 πρὸς
874 1920 908 1982 τδ
936 1920 975 2002 μὴ
1003 1919 1051 1982 ἐπὶ
1077 1920 1164 1983 πλέον
1187 1922 1361 2004 προχεῖσθαι
1386 1922 1419 1983 τδ
1442 1920 1500 1983 ἀπὸ

254 2029 309 2107 τῆς
331 2021 427 2107 ὅψεως
441 2021 659 2106 ἐκπεμπόμενον
682 2024 737 2087 ύπδ
760 2029 818 2085 τῶν
834 2022 985 2107 πόρρωθεν
1001 2022 1166 2107 ὁρωμένων.
1204 2023 1251 2086 ἐπὶ
1267 2022 1321 2107 γάρ
1343 2027 1400 2086 τῶν
1417 2021 1500 2104 ἐγγύς

255 2125 429 2210 ὁρωμένων,
452 2126 478 2188 εἰ
499 2125 532 2187 τδ
556 2126 607 2208 μὲν
631 2128 860 2210 πληκτικώτερον
883 2125 1026 2210 ἐγγυτέρω
1047 2126 1161 2209 τεθείη,
1187 2125 1247 2188 οίον
1270 2126 1302 2188 τδ
1325 2129 1391 2209 πύρ,
1415 2125 1448 2188 τὸ
1470 2123 1495 2187 δ’

257 2229 317 2315 οὐχ
338 2228 447 2311 ὁμοίως
468 2228 624 2312 πληκτικδν
647 2227 836 2313 πορρωτέρω,
863 2228 923 2292 οἷον
945 2228 1098 2312 ἄνθρωπος
1120 2228 1245 2310 (ἐλοίττω
1267 2228 1320 2312 γὰρ
1342 2228 1375 2291 τδ
1397 2227 1500 2290 τούτου

255 2338 364 2417 χρῶμα
386 2329 574 2415 πληκτικὸν),
604 2333 644 2400 ὁνς
666 2332 699 2394 τδ
722 2331 774 2413 μέν
797 2331 855 2394 ἀπὸ
882 2333 1004 2417 πήχεως
1026 2330 1103 2410 ένός,
1132 2331 1163 2393 τὸ
1186 2331 1218 2394 δὲ
1240 2331 1298 2393 ἀπὸ
1321 2330 1372 2393 δύο
1395 2329 1415 2413 ἢ
1439 2329 1516 2393 τεο(

211 2451 241 2495 20
255 2436 354 2519 σιίρων
376 2439 482 2519 πηχῶν
505 2433 587 2508 εἶναι,
610 2431 708 2497 ἔπειτα
729 2432 956 2519 ἀναβλέψωμεν,
983 2434 1048 2517 ’ἅμα
1072 2432 1105 2496 ἀν
1136 2432 1245 2516 ἴδοιμεν
1268 2433 1316 2496 καὶ
1338 2431 1372 2495 οὐ
1395 2433 1501 2496 θᾶττον
1516 2449 1543 2491 ιο

255 2541 290 2602 τδ
312 2538 469 2622 πληκτικὸν
492 2536 583 2599 καίτοι
597 2536 719 2620 πλησίον
741 2539 882 2620 κείμενον,
905 2534 976 2601 ὥστ’
996 2535 1079 2600 οὐδὲν
1093 2523 1134 2598 ’τδ
1150 2536 1307 2618 πληκτικὸν
1330 2535 1407 2619 ήμη
1431 2537 1502 2621 πρδς

254 2642 288 2704 τὸ
309 2641 449 2705 ἐλάττονα
470 2641 522 2723 τήν
545 2637 668 2722 πρόοδον
690 2639 818 2721 γίνεσθαι
840 2639 991 2723 ήπλείονα
1014 2639 1066 2722 τἠν
1088 2638 1146 2701 ἀπδ
1168 2643 1222 2722 τῆς
1244 2636 1339 2723 ὄψεως
1362 2642 1500 2721 συντελεῖ.

256 2742 299 2808 ἔτι
320 2745 346 2807 εί
368 2743 504 2827 ἑκάτερον
527 2747 584 2805 τῶν
607 2742 834 2826 ἐκπεμπομένων
860 2738 905 2805 ἐπ’
933 2741 1048 2811 εὐθείας
1074 2741 1206 2826 φέρεται,
1236 2741 1277 2810 τίς
1298 2742 1318 2824 ἡ
1343 2741 1428 2825 χρεία
1449 2745 1501 2804 τού

143 2914 150 2925 ,
252 2844 304 2910 ἀπ’
331 2845 506 2930 ἀμφοτέρων
530 2844 746 2928 ἐκπέμπεσθαι;
779 2845 897 2909 ἐδύνατο
919 2844 972 2928 γάρ
999 2845 1017 2927 ή
1045 2844 1103 2906 ἀπὸ
1129 2847 1180 2906 τοῦ
1203 2842 1352 2927 ὁρωμένου
1380 2844 1428 2906 ἐπὶ
1449 2844 1502 2927 τὴν

212 2966 241 3012 τε
255 2948 320 3032 ὄψιν
342 2948 528 3032 ἀφικνεῖσθαι
554 2948 573 3031 ή
596 2949 629 3010 τὸ
652 2948 710 3011 ἀπδ
733 2953 785 3032 τῆς
813 2945 907 3032 ὄψεως
933 2946 981 3009 ἐπὶ
1006 2947 1040 3009 τὸ
1063 2947 1221 3030 ὁρώμενον.
1265 2943 1307 3008 ἔτι
1330 2947 1370 3016 τίς
1393 2948 1411 3030 ή
1435 2945 1501 3009 ἀνά·

256 3053 337 3137 μαξις
359 3056 411 3115 τού
433 3049 540 3130 εἴδους,
563 3052 610 3113 καί
634 3056 696 3119 πῶς
718 3052 826 3133 γίνεται
848 3054 890 3133 τῷ
913 3048 1126 3133 ἐκπεμπομένιμ
1150 3049 1209 3112 ἀπὸ
1230 3053 1283 3132 τῆς
1306 3047 1401 3133 ὄψεως
1423 3048 1502 3133 παρὰ

255 3158 306 3218 τού
329 3151 521 3237 ἀπορρέοντος
543 3153 601 3216 ἀπὸ
623 3156 675 3216 τοῦ
698 3151 848 3236 ὁρωμένου
865 3151 1001 3227 τύπωσις,
1024 3152 1099 3216 ἀλλά
1121 3150 1174 3215 οὐκ
1193 3152 1360 3230 ἀλλοίωσις;
1383 3153 1430 3214 δεῖ
1449 3152 1501 3236 γὰρ
1516 3167 1543 3209 ιο

255 3258 413 3320 καὶτοῦτο
435 3255 596 3340 διωρίσθαι.
640 3254 683 3318 ἐτι
705 3253 835 3318 ποδαπόν
857 3255 918 3319 ἐστι
939 3255 972 3317 τὸ
995 3255 1053 3318 ἀπδ
1079 3259 1130 3317 τού
1154 3253 1305 3338 ὁρωμένου
1328 3253 1508 3339 φερόμενον;Ι

255 3361 282 3422 εἰ
305 3358 433 3442 μὲνγὰρ
456 3360 504 3421 καλ
525 3358 559 3421 τὸ
581 3364 685 3444 σχῆμα
707 3360 755 3422 καί
777 3358 810 3421 τδ
833 3361 941 3443 χρῶμα
964 3357 1063 3441 ὁμοιον
1086 3363 1127 3442 τῷ
1151 3355 1201 3441 ἀφ’
1229 3355 1263 3420 ού
1286 3355 1403 3441 φέρεται
1426 3354 1501 3440 ἔχει,

213 3479 243 3523 ευ
257 3462 340 3526 οὐδὲν
371 3460 431 3525 ἀλλ’
458 3462 479 3545 ἢ
503 3459 624 3525 εἴδωλον
651 3459 731 3524 ἔσται
757 3460 776 3544 ἢ
803 3460 853 3523 καὶ
874 3454 961 3523 πλέον
989 3459 1058 3546 ἔχον
1081 3484 1115 3523 τι.
1160 3460 1256 3522 ἐκεῖνα
1277 3459 1331 3543 γὰρ
1358 3457 1393 3521 ού
1416 3479 1502 3543 φασιν

222 3634 232 3651 γ
256 3563 336 3651 ἔχειν
352 3568 469 3648 χρῶμα.
503 3564 529 3627 εἰ
550 3563 583 3627 δὲ
605 3563 637 3626 τδ
661 3562 712 3646 μὲν
732 3567 841 3647 χρῶμα
860 3561 941 3647 ἔχον,
962 3564 995 3626 τδ
1018 3562 1051 3625 δὲ
1066 3566 1170 3647 σχῆμα
1192 3563 1244 3647 μή,
1267 3567 1330 3630 πῶς
1351 3566 1409 3624 τῶν
1432 3581 1503 3644 σχη-

255 3669 356 3752 μάτων
377 3666 571 3750 ήάντίληψις,
594 3666 684 3750 ἐχρῆν
704 3667 806 3749 λέγειν.
840 3666 866 3729 εί
888 3666 921 3728 δὲ
942 3666 975 3728 τδ
996 3666 1047 3749 μὲν
1070 3671 1175 3751 σχῆμα
1196 3662 1269 3751 ἔχει,
1292 3666 1325 3728 τὸ
1347 3665 1380 3727 δέ
1394 3668 1503 3748 χρῶμα

257 3768 368 3854 μή,οὸ
391 3771 556 3854 χρωμάτων
578 3766 620 3831 ἔτι
643 3770 662 3852 ἡ
686 3766 749 3853 ὄψις
771 3768 968 3853 ἀντιληπτική.
1002 3768 1042 3836 τίς
1065 3769 1166 3831 δὲκαὶ
1189 3768 1205 3830 ὁ
1228 3765 1333 3852 τρόπος
1354 3771 1407 3850 τῆς
1430 3764 1503 3849 μετὰ

255 3873 290 3935 τδ
313 3872 420 3936 παθεῖν
441 3872 474 3934 τδ
496 3871 529 3935 ἐκ
547 3875 600 3955 τῆς
621 3868 717 3955 ὄψεως
732 3871 900 3956 ἐκπεμφθὲν
924 3871 1075 3955 μηνύσεως
1097 3868 1229 3954 τήύψει;
1252 3867 1294 3932 έτι
1315 3869 1341 3931 εί
1356 3873 1420 3952 φῶς
1442 3866 1503 3930 ἐστι
1516 3883 1543 3924 ευ

212 3991 241 4036 8⁵
254 3979 288 4038 τδ
312 3975 347 4038 ἐκ
368 3979 422 4057 τῆς
444 3972 538 4058 ὅψεως
553 3972 783 4057 ἐκπεμπόμενον,
805 3977 893 4057 δῆλον
916 3973 959 4036 ὁτι
975 3973 1078 4057 ὁρατόν
1101 3972 1187 4035 ἐστιν.
1224 3965 1321 4035 διά’τι’
1333 3968 1382 4034 οὸν
1405 3971 1435 4033 ἐν
1457 3973 1500 4054 τῷ

256 4075 357 4160 σκότῳ
379 4076 588 4161 ἀναβλέποντες
610 4075 668 4160 οὐχ
691 4076 805 4160 ὁρῶμεν
827 4075 914 4144 ἄλλος
935 4075 969 4138 τδ
991 4074 1098 4154 ἀλλου;
1125 4078 1166 4143 ὁνς
1187 4072 1240 4158 γάρ
1264 4075 1294 4136 ἐν
1316 4078 1376 4142 τοῖς
1397 4093 1504 4136 σκοτει-

253 4185 314 4250 νοῖς
336 4178 506 4262 οἰκήμασιν,
538 4178 591 4242 κάν
614 4177 662 4242 διά
684 4177 822 4263 βραχείας
844 4177 919 4262 ὁπής
945 4177 1065 4261 εἰσέλθη
1092 4183 1171 4262 φῶς,
1201 4175 1434 4261 ὁρατὸνγίνεται
1455 4175 1503 4238 καὶ

201 4467 408 4551 θάναγγίλλιιρ]
428 4468 460 4522 cf.
482 4468 588 4522 158134
677 4467 737 4522 9δὲ
756 4469 868 4529 πόσουο
958 4469 990 4522 10
1008 4468 1089 4522 ἅπασι
1107 4484 1171 4522 corr.
1190 4452 1359 4520 εκ.ἀ’πισιθ
1454 4467 1485 4520 16
1505 4466 1555 4519 for·

201 4563 272 4611 tasse
291 4557 403 4610 ἐπὶτῶν
422 4555 554 4629 πόρρωθιν
662 4556 693 4609 19
719 4556 823 4629 πήχεως
842 4556 888 4622 ωδ,
905 4560 989 4627 πῆχος
1006 4557 1087 4609 m¹V:
1107 4556 1246 4625 πήχιωτε
1351 4555 1385 4607 24
1411 4552 1556 4624 ίυττυεεοὴ

201 4646 254 4710 (τό)
272 4645 322 4698 ἀπὸ
429 4644 463 4698 25
481 4642 601 4712 ἀνάμαξις
618 4645 656 4696 V:
673 4641 786 4712 ἀνάμιξις
803 4660 826 4696 τι.
862 4642 899 4696 Of.
919 4650 974 4712 φῶς
985 4642 1039 4696 ..δ
1057 4647 1089 4714 τῇ
1108 4641 1229 4714 ἀπορροίη
1247 4643 1366 4711 συμμιγὲν
1380 4679 1404 4694 ..
1418 4639 1510 4710 ἐχούσῃ
1528 4640 1557 4692 τὸ

202 4732 265 4793 ιῐδος
283 4737 328 4785 τοῦ
347 4730 478 4802 ὁρωμένου
496 4723 671 4801 ἀναλαμβάνον
688 4733 732 4784 καὶ
750 4731 909 4800 ἀναμασσό
915 4748 1007 4799 μενον
1024 4729 1053 4783 τὸ
1071 4728 1131 4802 παρ’
1153 4729 1249 4782 ἐκείνου
1269 4729 1334 4787 εἶδος
1354 4729 1445 4794 136‚32
1650 4790 1658 4807 ι

203 4820 235 4873 27
263 4818 641 4886 ἀλλάοὸκτιι’,ἀλλὰιυ“θ;
661 4818 725 4872 ἀλλὰ
744 4819 826 4872 υὸκο
892 4818 967 4870 ·29
994 4819 1040 4886 μὲν
1059 4832 1145 4871 σακε
1250 4815 1285 4870 30
1312 4815 1365 4869 ἀλλ’
1384 4818 1423 4869 Va
1527 4811 1556 4867 οὸ

203 4923 277 4986 φασίν
295 4908 317 4959 V
337 4923 380 4960 ex.
399 4908 480 4961 vict:
499 4903 527 4958 ὁν
545 4922 618 4975 φασιν
636 4924 651 4959 ε
757 4906 790 4960 36
808 4907 832 4958 τὶ
850 4904 928 4958 ἄλλου
946 4907 986 4958 Ka
1092 4903 1126 4957 37
1144 4903 1173 4958 τὸ
1192 4909 1247 4974 φῶς
1267 4905 1306 4956 Ka
