3540 5610
570 308 829 370 ΠΕΡΙΚΡΑΣΕΩΣ
847 311 908 369 ΚΑΙ
929 312 1105 372 ΑΥΞΗΣΕΩΣ
1125 316 1193 369 3-4
1497 319 1558 384 217

252 483 321 561 λων,
356 483 372 547 δ
397 483 494 566 μόνως
525 486 631 568 γίνεται
653 489 697 571 τῷ
734 488 837 559 σώζειν
870 487 901 551 ἐν
922 494 960 572 τί
990 487 1062 571 μίξει
1090 488 1125 551 τὰ
1152 490 1316 574 κεκραμένα
1337 490 1388 559 τὰς
1410 490 1506 552 αὑτῶν

253 583 364 668 φόσεις.
408 587 441 649 τδ
464 588 497 650 δέ
518 588 623 658 ταύτας
644 590 696 658 τὰς
719 590 858 674 διαφοράς
880 589 953 654 εἰναι
975 596 1028 674 τῆς
1050 590 1155 674 μιἜεως
1178 597 1312 676 πειρᾶται
1334 591 1507 656 πιστοῦσθαι

255 685 303 749 διδ
324 692 383 750 τῶν
405 694 510 753 κοινῶν
532 689 662 766 ἐννοιῶν,
696 691 821 773 μαλιστα
843 693 876 755 δέ
898 694 1030 776 κριτήρια
1062 697 1114 776 τῆς
1148 693 1287 777 ἀληθείας
1318 696 1406 778 φησίν
1428 694 1506 776 ἡμᾶς

255 788 334 872 παρὰ
355 794 408 875 τῆς
430 791 548 876 φόσεως
568 790 718 877 λαβόντας.
763 792 854 877 ἄλλην
876 798 944 877 γοῦν
967 793 1125 878 φαντασίαν
1149 792 1226 880 ἔχειν
1249 797 1328 878 ἡμᾶς
1350 800 1408 858 τῶν
1431 793 1500 858 καθ’
1519 812 1548 852 κο

218 890 351 976 δᾶρμὴν
373 893 580 976 συγκειμένων,
614 896 663 958 καὶ
686 894 777 978 ἄλλην
799 898 858 958 τῶν
880 896 1105 981 συγκεχυμένων
1127 919 1158 960 τε
1180 899 1228 961 καὶ
1251 899 1506 982 συνεφθαρμένων,

255 993 304 1058 καὶ
325 991 417 1078 ἄλλην
439 1000 497 1057 τῶν
520 995 706 1080 κεκραμένων
728 999 830 1060 τεκαὶ
853 997 991 1081 ἀλλήλοις
1013 997 1049 1062 δι’
1078 1001 1154 1064 όλων
1178 999 1506 1082 άντιπαρεκτεινομένων

256 1095 359 1172 οότως,
381 1098 423 1167 ώς
444 1099 549 1171 σώζειν
572 1098 694 1162 ἕκαστον
716 1097 813 1163 αὐτῶν
836 1101 888 1183 τὴν
911 1101 1017 1164 οἰκείαν
1039 1100 1134 1183 φῦσιν.
1178 1103 1214 1186 ἢν
1237 1102 1376 1185 διαφορὰν
1398 1125 1506 1186 φαντα·

256 1200 328 1262 σιῶν
350 1197 404 1263 οἰικ
425 1197 460 1262 ἂν
482 1197 613 1285 εἴχομεν,
636 1200 662 1263 εἰ
685 1201 778 1265 πάντα
799 1203 836 1265 τολ
857 1203 993 1267 ὁπωσοῦν
1017 1203 1174 1286 μιγνύμενα
1194 1204 1346 1288 παρέκειτο
1369 1205 1507 1286 ἀλλήλοις
1520 1218 1547 1260 2⁵

256 1297 323 1363 καθ’
348 1302 453 1385 όρμήν.
489 1303 544 1385 τὴν
566 1303 599 1366 δέ
619 1303 753 1387 τοιαύτην
775 1304 1013 1389 άντιπαρέκτασιν
1035 1310 1094 1368 τῶν
1116 1307 1293 1390 κιρναμένων
1310 1307 1507 1391 ὑπολαμβάνει

206 1423 237 1469 ιο
255 1402 386 1485 γίνεσθαι
419 1404 595 1488 χωμοόντων
629 1403 664 1469 δι’
703 1405 840 1488 ἀλλήλων
872 1413 930 1471 τῶν
953 1408 1130 1492 κιρναμένων
1153 1411 1307 1493 σωμάτων,
1342 1413 1383 1479 ῶς
1417 1410 1507 1493 μηδὲν

257 1508 355 1590 μόριον
376 1508 407 1570 ἐν
431 1506 528 1575 αὐτοῖς
550 1506 625 1572 εἶναι
648 1510 688 1591 μὴ
712 1509 835 1594 μετέχον
858 1510 974 1573 πάντων
995 1515 1054 1573 τῶν
1078 1511 1108 1574 ἐν
1131 1518 1173 1595 τῷ
1197 1512 1320 1595 τοιούτῳ
1337 1512 1506 1596 κεκραμένῳ

259 1609 386 1691 μίγματι.
431 1607 528 1674 οὐκέτι
548 1611 603 1695 γὰρ
626 1609 671 1686 ἄν,
693 1611 720 1674 εἰ
742 1613 783 1696 μὴ
806 1615 892 1674 τοῦτο
914 1611 971 1696 εἴη,
994 1617 1105 1696 κρᾶσιν,
1128 1614 1204 1677 ἀλλὰ
1226 1616 1387 1698 παράθεσιν
1410 1616 1441 1677 τὸ
1464 1639 1504 1698 γι-
1518 1630 1546 1671 σν

201 1718 239 1771 IV
259 1710 377 1794 νόμενον
400 1710 481 1775 εἶναι.
528 1709 589 1776 Τοῦ
611 1713 645 1777 δέ
665 1716 751 1776 τοῦτο
774 1711 889 1777 οἴεσθαι
909 1714 1039 1795 γίνεσθαι
1060 1716 1167 1785 πίστεις
1196 1717 1334 1800 φέρουσιν
1366 1720 1393 1780 οἰ
1427 1727 1506 1800 προϊ-

257 1815 393 1896 στάμενοι
425 1816 514 1897 τῆσδε
540 1819 593 1899 τῆς
614 1813 699 1897 δόξης
721 1813 754 1878 τό
777 1838 808 1878 τε
830 1816 924 1878 πολλὰ
946 1821 1005 1878 τῶν
1027 1819 1172 1900 σωμάτων
1192 1823 1312 1903 σώζειν
1319 1820 1371 1889 τὰς
1393 1821 1506 1882 ἑαυτῶν

204 1936 235 1985 15
255 1913 412 1998 ποιότητας
444 1915 495 1979 ἐπί
514 1915 539 1981 τ’
567 1915 728 1981 ἐλαττόνων
751 1917 878 2002 ἐναργῶν
913 1917 1006 2001 όγκων
1034 1921 1152 1982 καὶέπὶ
1185 1922 1324 2002 μειζόνων
1348 1920 1417 1985 όντα
1449 1921 1507 2002 (ὡς

255 2020 325 2101 δρᾶν
359 2015 436 2081 ἔστιν
469 2019 517 2082 ἐπὶ
550 2023 602 2083 τοῦ
635 2021 807 2104 λιβανωτοῦ,
841 2021 872 2088 δς
900 2021 929 2083 ἐν
956 2026 999 2104 τῷ
1023 2021 1186 2105 θυμιάσθαι
1220 2027 1430 2108 λεπτυνόμενος
1458 2022 1505 2084 ἐπὶ

255 2125 389 2186 πλεῖστον
412 2119 485 2205 rivi
510 2121 600 2184 αὑτοῦ
623 2123 767 2205 φυλάσσει
789 2122 954 2207 ποιότητα),
981 2120 1024 2186 ἔτι
1046 2148 1077 2186 τε
1090 2127 1123 2187 τδ
1145 2128 1240 2189 πολλὰ
1262 2125 1344 2201 εἶναι,
1366 2126 1385 2187 ἃ
1410 2123 1475 2188 καθ’
1505 2130 1557 2186 596

254 2224 346 2288 ἑαυτὰ
370 2226 410 2308 μὴ
434 2224 484 2287 οἰά
504 2247 537 2286 τε
559 2222 628 2287 όντα
650 2223 700 2286 ἐπί
719 2248 745 2287 τι
767 2224 865 2287 ἐλθεῖν
899 2223 1022 2307 μέγεθος
1046 2225 1094 2288 ὑπ’
1122 2225 1219 2289 ἄλλων
1246 2228 1433 2310 βοηθοῦμενα
1454 2223 1500 2287 ἐπ’

254 2327 325 2391 αδτδ
359 2327 481 2411 πρόεισι.
525 2328 575 2389 τδν
607 2330 676 2407 γοῦν
708 2327 819 2411 χρυσόν
852 2325 908 2389 όπό
942 2351 1025 2390 τινων
1058 2330 1237 2414 μιγνυμένων
1270 2331 1431 2413 φαρμάκων
1458 2328 1506 2389 ἐπὶ

203 2446 237 2494 νο
255 2430 390 2491 πλεῖστον
423 2428 545 2513 χεῖσθαί
571 2451 602 2490 τε
624 2429 672 2493 καὶ
694 2428 897 2504 λεπτύνεσθαι,
931 2426 977 2513 ἐφ’
1006 2431 1074 2494 όσον
1101 2431 1171 2495 καθ’
1200 2432 1286 2496 αὑτὸν
1315 2429 1506 2511 ἐλαυνόμενος
1533 2446 1547 2488 ι

256 2531 309 2595 οῦκ
331 2530 460 2594 ἐδύνατο.
499 2531 547 2593 καὶ
570 2531 656 2613 ἡμεῖς
678 2530 720 2606 δέ,
743 2530 762 2594 ἃ
785 2527 852 2595 καθ’
880 2531 985 2599 αὑτοὺς
1007 2531 1087 2601 ὄντες
1110 2533 1164 2597 οῦκ
1185 2535 1273 2617 ἐσμεν
1296 2533 1355 2596 οίοί
1375 2556 1407 2594 τε
1429 2532 1504 2614 ἐνερ·

256 2636 326 2714 γεῖν,
348 2635 400 2696 σὺν
422 2631 521 2700 ἄλλοις
544 2632 725 2716 ἐνεργοῦμεν.
771 2633 838 2700 τοός
861 2656 891 2695 τε
913 2633 967 2716 γὰρ
991 2635 1138 2716 ποταμοὺς
1161 2637 1343 2719 διαβαίνομεν
1371 2636 1507 2717 ἀλλήλων

255 2734 461 2817 ἐφαπτόμενοι,
495 2733 545 2801 οῦς
568 2733 625 2818 οὐχ
647 2735 708 2798 υίοί
727 2734 758 2798 τέ
790 2735 878 2819 ἐσμεν
901 2736 1054 2820 διαβαίνειν
1089 2738 1156 2802 καθ’
1191 2737 1306 2804 αῦτοός.
1351 2738 1398 2800 καὶ
1431 2738 1506 2821 βάρη

256 2834 317 2898 τινὰ
338 2835 464 2920 φέρομεν
488 2834 552 2917 μετ’
580 2835 686 2910 σίλλων,
720 2838 762 2900 ών
785 2839 817 2900 τδ
840 2837 995 2922 ἐπιβάλλον
1030 2841 1101 2922 ἡμῖν
1124 2841 1210 2925 μέρος
1245 2839 1325 2922 μόνοι
1358 2837 1507 2921 γενόμενοι

203 2957 236 3005 25
255 2938 352 3022 φέρειν
376 2939 410 3002 οὐ
432 2938 590 3019 δυνάμεθα.
636 2941 683 3003 καὶ
707 2938 832 3020 ἄμπελοι
856 2939 980 3003 δὲκαθ’
1009 2941 1097 3009 αὑτάς
1125 2942 1263 3006 ἵστασθαι
1286 2944 1326 3024 μὴ
1351 2943 1506 3022 δυνάμεναι
1522 2956 1548 2998 ιο

256 3040 418 3104 ἀνίστανται
451 3040 592 3123 ἀλλήλαις
625 3041 849 3124 ἐμπλεκόμεναι.
894 3044 936 3105 ῶν
962 3043 1055 3110 οὕτως
1082 3043 1211 3128 ἐχόντων
1239 3045 1322 3108 οὐδέν
1345 3064 1418 3128 φασι
1442 3045 1508 3105 θαυ·

256 3143 364 3226 μαστόν
397 3144 429 3205 τδ
462 3144 511 3206 καὶ
544 3144 669 3224 σώματά
702 3164 763 3206 τινα
790 3144 977 3227 βοηθοόμενα
1005 3144 1054 3207 ὑπ’
1083 3147 1219 3229 ἀλλήλων
1253 3147 1344 3213 οῦτως
1371 3148 1509 3230 ἀλλήλοις

256 3245 395 3318 ένοῦσθαι
416 3244 454 3308 δι’
483 3244 570 3321 όλων,
593 3248 634 3313 ῶς
656 3245 732 3309 αὐτὰ
754 3246 908 3330 σωζόμενα
931 3247 1005 3329 μετὰ
1027 3252 1085 3310 τῶν
1108 3249 1223 3311 οἰκείων
1245 3251 1409 3331 ποιοτήτων
1431 3249 1507 3310 άντι-

255 3348 492 3432 παρεκτείνεσθαι
514 3348 651 3432 ἀλλήλοις
674 3346 711 3412 δι’
740 3346 816 3412 όλων
839 3346 904 3425 όλα,
937 3348 990 3411 κᾶν
1012 3345 1033 3433 ᾗ
1059 3374 1122 3414 τινα
1144 3352 1257 3414 ἐλάττω
1281 3353 1329 3413 τόν
1353 3349 1438 3432 όγκον
1460 3351 1508 3412 καὶ
1524 3365 1550 3406 ιι

202 3469 236 3517 ³0
255 3453 297 3534 μὴ
321 3451 467 3533 δυνάμενα
500 3448 569 3515 καθ’
598 3450 672 3514 αῦτὰ
696 3450 742 3513 ἐπὶ
764 3453 901 3513 τοσοῦτον
924 3453 1047 3535 χεῖσθαί
1066 3476 1097 3515 τε
1125 3455 1172 3515 καὶ
1201 3456 1305 3524 σώζειν
1328 3453 1379 3520 τὰς
1402 3453 1509 3520 οἰκείας

254 3551 419 3637 ποιότητας.
463 3551 541 3618 οὕτω
562 3550 618 3637 γὰρ
640 3553 688 3616 καὶ
711 3553 760 3615 τόν
782 3552 893 3615 κόαθον
926 3558 978 3616 τοῦ
1006 3553 1083 3617 οίνου
1111 3555 1264 3638 κιρνάσθαι
1293 3560 1334 3637 τῷ
1359 3556 1440 3617 όδατι
1462 3559 1505 3639 τῷ

256 3657 357 3738 πολλῷ
393 3653 592 3739 βοηθοῦμενον
625 3650 673 3716 ὑπ’
706 3653 796 3717 αὐτοῦ
828 3655 871 3723 εἰς
898 3657 950 3739 τὴν
983 3657 1031 3718 ἐπὶ
1062 3661 1197 3721 τοσοῦτον
1225 3654 1349 3719 ἔκτασιν.
1394 3661 1446 3721 τοῦ
1476 3659 1508 3720 δὲ

254 3753 338 3819 τοῦθ’
366 3754 458 3823 οὕτως
480 3753 561 3840 ἐχειν
584 3759 625 3823 ώς
648 3755 778 3839 ἐναργέσι
801 3761 928 3842 χρῶνται
952 3759 1114 3842 μαρτυρίοις
1136 3763 1179 3843 τῷ
1196 3781 1227 3821 τε
1243 3760 1295 3841 τὴν
1312 3761 1411 3843 ψυχὴν
1435 3759 1507 3822 ἰδίαν
1521 3778 1549 3818 ευ

254 3857 409 3921 ὑπόστασιν
443 3854 581 3942 ἔχουσαν,
615 3858 715 3941 ώσπερ
737 3858 785 3920 καὶ
807 3860 839 3921 τὸ
872 3858 1030 3944 δεχόμενον
1059 3859 1150 3944 αὐτὴν
1177 3866 1274 3943 σῶμα,
1298 3861 1335 3924 δι’
1364 3861 1434 3923 όλου
1457 3865 1507 3924 τοῦ

201 3981 233 4030 ³5
255 3963 391 4044 σώματος
413 3961 523 4042 διήκειν
545 3959 575 4021 ἐν
597 3963 635 4042 τῇ
659 3959 731 4042 μίξει
752 3964 790 4042 τῇ
814 3962 885 4043 πρδς
907 3961 978 4024 αῦτδ
1002 3964 1155 4034 σώζουσαν
1187 3964 1239 4045 τὴν
1273 3964 1380 4026 οἰκείαν
1409 3963 1507 4028 οὐσίαν

252 4062 354 4146 (οῦδὲν
376 4062 431 4147 γάρ
453 4067 553 4148 ψυχῆς
575 4059 696 4146 ἄμοιρον
729 4066 780 4125 τοῦ
813 4063 866 4146 τὴν
889 4065 989 4148 ψυχὴν
1012 4062 1131 4148 ἔχοντος
1161 4066 1321 4147 σώματος),
1345 4066 1455 4148 δμοίως
1477 4067 1509 4129 δέ

254 4164 334 4250 ἐχειν
357 4164 405 4227 καί
428 4166 561 4248 τὴντῶν
583 4168 682 4248 φυτῶν
704 4162 801 4248 φῦσιν,
835 4164 910 4227 ἀλλὰ
933 4166 981 4229 καὶ
1004 4168 1055 4249 τλγν
1089 4166 1145 4236 έξιν
1169 4167 1198 4228 ἐν
1221 4170 1280 4234 τοῖς
1304 4167 1508 4252 συνεχομένοις

204 4455 328 4525 Ιγίνεται
338 4451 388 4506 A²:
408 4451 518 4522 γίνεσθαι
530 4453 674 4507 BA¹CPS:
694 4452 802 4521 γίνεσθαι
821 4456 984 4508 τάττεταιΒε
1073 4458 1110 4524 τῷ
1123 4456 1216 4508 mia:
1236 4455 1265 4508 τό
1280 4456 1385 4509 A¹BPS
1484 4459 1563 4516 θτὰς

201 4545 308 4595 ouili·
396 4540 575 4609 ἰλαβόντας]
605 4541 714 4593 fortasse
742 4540 850 4610 λαβεῖν
878 4543 994 4600 ταύτας
1077 4549 1129 4595 τῶν
1148 4559 1198 4594 om.
1212 4546 1250 4594 Ra
1322 4543 1442 4612 ῦὰρμὴν
1455 4544 1560 4611 scripsi:

201 4627 281 4700 ὁρμὴν
305 4629 365 4682 libri
455 4628 470 4680 6
490 4626 608 4698 ἀλλιγλοις
627 4627 715 4694 Apelt:
737 4625 861 4697 ἀλλήλους
880 4629 939 4681 libri
1030 4631 1045 4681 9
1065 4630 1147 4700 ῦρμήν
1167 4632 1272 4697 scripsi:
1296 4630 1377 4699 όρμιγν
1396 4631 1455 4683 libri

203 4716 231 4767 ll
260 4715 309 4785 τῷ]
332 4713 404 4784 αῦτιγῦ
427 4717 467 4768 Βε
573 4714 722 4787 κεκραμένῳ
746 4731 795 4766 om.
814 4719 853 4768 Ra
944 4715 1184 4785 18τε]δέΙιίείει
1287 4717 1317 4768 19
1344 4717 1388 4769 τόν
1406 4720 1449 4770 SR
1468 4718 1560 4771 ideler:

201 4800 228 4854 τό
247 4802 359 4856 ΔΒΟΡε
448 4799 482 4854 24
500 4800 638 4869 γινόμενοι]
658 4800 782 4870 γινόμενοι
800 4802 881 4855 ΙόοΙει
969 4803 1003 4857 25
1021 4804 1047 4856 δέ
1066 4820 1116 4856 om.
1136 4808 1175 4857 Ra
1264 4805 1296 4856 26
1315 4803 1434 4873 ἀλλήλαις
1454 4820 1504 4857 om.
1522 4806 1560 4859 R?

201 4887 280 4942 Ιδελετ
351 4886 385 4942 33
402 4884 492 4959 τοῦθ’]
515 4886 592 4941 τόσοθ
610 4892 649 4943 Ra
733 4889 767 4942 35
785 4889 859 4958 οδτό]
883 4889 962 4960 αδτὴν
986 4891 1067 4945 Ideier
1138 4890 1235 4962 οῦσίαν]
1255 4889 1327 4961 φῦσιν
1347 4891 1427 4945 {delet
