3540 5610
205 307 243 372 1‘2
683 307 886 362 ALEXANDRI
906 307 948 360 DE
967 307 1076 362 leiiA

256 478 300 563 εἴη
329 483 403 544 κατά
428 506 490 545 τινα
514 482 622 545 τούτων
648 487 706 545 τῶν
732 481 856 562 τρόπων.
901 480 961 543 ἀλλ’
992 479 1058 543 οὔτε
1081 480 1154 543 κατὰ
1176 482 1224 543 τὸν
1252 485 1365 563 πρῶτον
1389 477 1449 542 οἷόν
1472 502 1503 542 τε

255 581 431 666 (παράθεσις
452 586 505 669 γὰρ
528 582 610 649 ἔσται
631 589 730 673 ψυχῆς
752 607 784 647 τε
805 586 854 647 καὶ
877 586 1027 665 σώματος,
1054 583 1145 652 οὕτως
1168 584 1199 646 δὲ
1222 580 1316 647 οὐκέτ’
1345 582 1379 646 ἂν
1402 581 1448 666 εἴη
1470 584 1503 644 τὸ

256 691 344 767 σῶμα
366 687 465 750 διόλου
488 685 634 772 ἔμψυχον,
657 683 738 749 ἔσται
760 710 792 749 τε
814 687 840 748 εἰ
863 687 954 755 οὕτως
977 683 1041 770 ἔχοι
1064 684 1117 747 οὐκ
1139 685 1180 753 είς
1201 686 1234 747 τὸ
1257 684 1353 760 ποιάν,
1376 681 1435 747 ἀλλ’
1463 685 1504 752 εἰς

256 789 288 851 τὸ
316 790 405 853 ποσδν
433 792 451 874 ἡ
479 791 562 874 ψυχὴ
590 793 633 872 τῷ
663 786 734 874 ζῴῳ
762 789 969 872 συντελοῦσα),
997 784 1056 851 ἀλλ’
1089 787 1157 851 οὐδὲ
1185 787 1257 851 κατὰ
1284 788 1333 850 τὸν
1359 789 1502 871 δεύτερον.

227 890 289 954 σου
310 891 364 976 γὰρ
387 892 581 977 φθειρομένης
609 895 662 974 τῆς
683 896 781 975 ψυχῆς
807 892 908 953 τεκαὶ
936 895 986 952 τοῦ
1010 892 1148 973 σώματος
1174 892 1192 973 ir,
1216 894 1266 954 τοῦ
1294 888 1372 974 ζῴου
1395 890 1503 972 γένεσις

256 996 298 1062 ὡς
319 999 376 1057 τῶν
399 994 555 1076 γινομένων
579 993 612 1056 ἐκ
634 994 766 1077 κράσεώς
787 1017 881 1056 τινων.
920 993 1047 1055 λείπεται
1068 994 1161 1056 τοίνυν
1184 994 1261 1056 οὕτω
1283 992 1373 1075 λέγειν
1397 996 1504 1073 συγκεῖ-
1531 1009 1544 1049 ο
1584 985 1594 995 ”

258 1096 327 1159 σθαι
349 1098 381 1160 τδ
405 1101 482 1182 ζῷον
506 1097 539 1160 ἐκ
561 1102 660 1181 ψυχῆς
681 1119 713 1159 τε
734 1097 782 1159 καὶ
805 1099 954 1179 σώματος,
982 1099 1022 1165 ὡς
1045 1096 1074 1165 ἐξ
1097 1097 1166 1181 ὕλης
1188 1097 1236 1159 καλ
1258 1093 1361 1164 εἴδους.
1406 1093 1449 1157 ὅτι
1472 1097 1505 1158 δὲ

255 1199 331 1267 εἶδος
353 1201 372 1281 η
396 1201 478 1284 ψυχὴ
501 1203 702 1282 τοῦσώματος
724 1199 772 1261 καὶ
795 1197 848 1261 οὐκ
869 1198 953 1262 οὐσία
976 1222 1018 1267 τις
1033 1197 1106 1282 αὐτὴ
1130 1198 1198 1262 καθ’
1226 1199 1327 1282 αὑτήν,
1351 1198 1441 1281 μάθοι
1463 1221 1504 1266 τις

234 1299 292 1364 ’ἂν
315 1303 362 1364 καλ
385 1302 443 1365 ἀπὸ
466 1308 523 1365 τῶν
548 1302 697 1384 ἐνεργειῶν
719 1299 819 1383 αὐτῆς.
857 1300 967 1385 οὐγὰρ
991 1302 1052 1365 οἷόν
1075 1325 1106 1364 τε
1128 1302 1272 1387 ἐνέργειάν
1294 1279 1355 1363 τινα
1377 1302 1504 1384 ψυχικὴν

216 1418 242 1463 10
256 1403 393 1487 γενέσθαι
414 1406 505 1489 χωρὶς
527 1408 695 1488 σωματικῆς
710 1404 862 1486 κινήσεως,
885 1404 984 1488 ὥσπερ
1008 1404 1076 1467 οὐδὲ
1098 1406 1172 1468 κατὰ
1193 1403 1245 1472 τοῖς
1268 1403 1392 1487 φυσικὰς
1415 1403 1504 1488 ’ροπάς

257 1509 359 1592 φοράν,
383 1510 424 1576 ὡς
443 1512 495 1570 τοῦ
518 1511 653 1589 σώματος
669 1506 849 1590 ἐνεργοῦντος
871 1505 960 1573 αὐτοῖς
982 1507 1055 1569 κατὰ
1078 1508 1129 1590 τὴν
1145 1507 1262 1590 δύναμιν
1272 1508 1337 1601 ’την
1359 1505 1389 1567 ἐν
1412 1505 1503 1588 αὐτῷ.

257 1608 290 1673 τό
317 1633 349 1672 τε
375 1609 429 1694 γὰρ
455 1609 616 1694 τρέφεσθαί
640 1631 669 1670 τε
697 1610 745 1671 καὶ
770 1606 910 1677 αὔξεσθαι
937 1610 984 1671 καὶ
1010 1613 1110 1691 γεννᾶν
1137 1610 1197 1672 οῖον
1219 1610 1290 1672 αὐτὸ
1320 1609 1424 1691 γίνεται
1452 1609 1503 1689 μὲν

258 1711 331 1774 κατὰ
353 1712 471 1795 δύναμιν
495 1711 633 1795 ψυχικήν,
656 1711 685 1772 αἱ
709 1709 741 1772 δέ
764 1712 890 1795 κινήσεις
911 1715 960 1773 τοῦ
984 1714 1128 1794 σώματος.
1167 1713 1312 1776 ἀλλὰκαὶ
1336 1711 1504 1775 αἰσθάνεται
1519 1727 1545 1767 ¹⁰

257 1815 290 1877 τὸ
314 1819 391 1899 ζῷον
413 1812 460 1877 διὰ
483 1818 540 1875 τῶν
562 1813 760 1897 αἰσθητηρίων
784 1814 928 1896 σωμάτων
952 1812 1057 1890 ὄντων,
1080 1815 1116 1878 αῖ
1133 1838 1164 1878 τε
1187 1814 1292 1900 ὀρέξεις
1314 1814 1399 1878 αὐταὶ
1421 1837 1504 1898 φανε-

216 1932 241 1977 15
256 1924 314 2003 ριῖις
336 1915 505 2000 κινουμένου
528 1917 602 1984 τινὸς
624 1916 745 1998 γίνονται
769 1919 912 1999 σώματος.
951 1918 986 1979 αἵ
1004 1941 1034 1980 τε
1055 1918 1109 2002 γὰρ
1125 1918 1276 2001 ἐπιθυμίαι
1296 1919 1345 1980 καὶ
1367 1918 1395 1979 οἱ
1419 1917 1509 2000 θυμοί

255 2044 287 2083 τε
309 2021 357 2084 καὶ
380 2020 462 2102 ὀργαὶ
484 2019 515 2081 ἐν
538 2024 598 2087 τοῖς
622 2016 709 2104 ζῴοις
731 2023 830 2081 τοῦτον
852 2020 974 2101 γίνονται
996 2021 1044 2083 τὸν
1067 2019 1181 2105 τρόπον.
1223 2021 1299 2085 ἀλλὰ
1322 2021 1371 2083 καὶ
1393 2020 1423 2083 ἐν
1444 2023 1504 2088 τοῖς

255 2121 356 2206 φίβοις
378 2126 429 2184 τοῦ
453 2125 588 2206 σώματος
610 2146 629 2205 η
652 2121 807 2190 άλλοίωσίς
829 2145 860 2185 τε
882 2123 929 2184 καὶ
951 2125 1087 2206 συστολη.
1125 2126 1174 2186 καὶ
1196 2148 1215 2207 η
1238 2123 1380 2208 φαντασία
1403 2122 1435 2184 δὲ
1458 2122 1505 2185 διὰ

257 2227 402 2308 σώματος,
425 2224 498 2306 εἴγε
517 2224 639 2309 ἤρτηται
658 2229 709 2307 τῆς
725 2223 788 2287 κατ’
808 2223 951 2308 ἐνέργειαν
973 2226 1150 2310 αἰσθήσεως,
1174 2229 1214 2295 ὡς
1229 2226 1427 2311 δειχθήσεται.
1461 2222 1505 2285 ὅτι

257 2327 359 2390 δὲκαὶ
382 2327 413 2390 ἐν
434 2333 496 2397 ταῖς
519 2328 622 2411 ὁρμαῖς
645 2328 732 2410 σῶμά
753 2326 814 2390 ἐστι
836 2328 868 2390 τὸ
892 2327 1072 2411 κινούμενον,
1103 2329 1196 2399 οὐδεὶς
1220 2326 1253 2391 ἂν
1276 2328 1412 2391 ἀντείποι.
1456 2327 1503 2388 καὶ

216 2432 289 2494 ‘sord
312 2436 426 2513 φρονεῖν
450 2430 497 2504 δέ,
526 2431 552 2492 εί
575 2431 615 2513 μὴ
639 2429 707 2493 άνευ
729 2429 886 2514 φαντασίας
907 2431 1027 2512 γίνεται,
1057 2433 1106 2495 καὶ
1132 2432 1203 2495 αὐτὸ
1233 2430 1267 2494 ἄν
1289 2430 1336 2514 εἴη
1357 2427 1504 2512 γινόμενον
1519 2446 1546 2487 ιο

258 2534 305 2597 διὰ
331 2537 476 2618 σώματος.
522 2534 547 2596 εἰ
570 2533 602 2595 δὲ
625 2532 768 2617 μηδεμίαν
791 2531 852 2595 οίίν
876 2555 907 2594 τε
930 2538 1028 2618 ψυχῆς
1053 2533 1195 2616 ἐνέργειαν
1218 2535 1309 2618 χωρὶς
1337 2538 1504 2616 σωματικῆς

258 2638 356 2722 λαβεῖν
383 2638 537 2720 κινήσεως,
572 2638 659 2719 δῆλον
689 2638 729 2704 ὡς
754 2638 805 2697 τοῦ
834 2634 970 2718 σώματός
1003 2635 1066 2698 ἐστί
1090 2659 1116 2697 τι
1142 2638 1189 2699 καλ
1215 2639 1379 2722 ἀχάριστος
1405 2634 1503 2699 αὐτοῦ.

259 2740 352 2823 μάτην
379 2739 433 2822 γὰρ
458 2737 492 2801 ἂν
519 2738 565 2820 είη
595 2739 725 2823 χωριστὴ
754 2738 895 2820 μηδεμίαν
924 2744 980 2800 τῶν
1007 2738 1120 2800 οἰκείων
1143 2738 1292 2823 ἐνεργειῶν
1319 2735 1386 2801 καθ’
1413 2738 1504 2822 αὑτὴν

258 2840 410 2925 ἐνεργῆσαι
438 2841 592 2925 δυναμένη.
637 2843 724 2924 δηλοῖ
744 2841 776 2903 δὲ
798 2840 830 2902 τὸ
857 2839 933 2909 εἶδος
954 2840 1044 2924 αὐτὴν
1072 2839 1144 2903 εἶναι
1167 2845 1217 2903 τοῦ
1241 2843 1376 2924 σώματος
1401 2841 1448 2903 καὶ
1472 2841 1504 2902 τδ

216 2960 243 3005 25
258 2946 332 3024 κατὰ
353 2943 403 3013 τὰς
425 2949 475 3007 τοῦ
493 2947 629 3025 σώματος
643 2940 874 3027 ἐπιτηδειότητος
894 2943 1008 3011 καὶτὰς
1028 2940 1090 3006 κατ’
1111 2942 1202 3026 αὐτὴν
1225 2945 1349 3028 κινησεις
1364 2943 1503 3025 γίνεσθαι.

203 3154 219 3204 ‘2
238 3149 382 3221 παράθεσις]
402 3151 556 3218 Anreihung
574 3149 627 3201 und
645 3149 820 3216 Anordnung,
838 3148 883 3201 sed
901 3148 986 3201 addit:
1006 3149 1074 3201 denn
1094 3164 1169 3201 wenrr
1188 3165 1215 3201 es
1234 3164 1262 3201 so
1282 3153 1347 3201 wire
1419 3147 1500 3209 οὕτως
1519 3151 1557 3219 δὲ]

204 3239 288 3291 addit:
308 3238 378 3291 deun
396 3252 471 3289 wenn
490 3238 530 3288 ihr
549 3237 711 3289 Verhidtniss
731 3252 759 3287 so
777 3240 843 3288 wire
949 3234 1005 3287 32:
1023 3233 1106 3294 οὕτως
1124 3235 1178 3306 ἔχοι
1196 3250 1246 3288 om.
1352 3235 1440 3288 4ἀλλ’
1461 3254 1511 3290 om.

203 3326 219 3378 6
248 3326 277 3377 ἐκ
296 3326 410 3392 κράσεως
428 3340 478 3377 om.
602 3322 617 3374 7
646 3321 681 3380 ὡς
699 3320 725 3381 ἐξ
743 3320 805 3390 ὕλης
822 3322 865 3374 καὶ
884 3321 973 3391 εἴδους]
997 3324 1043 3375 wie
1063 3323 1109 3375 das
1127 3325 1206 3392 Ding,
1228 3323 1335 3375 welches
1354 3339 1401 3376 aus
1422 3325 1485 3391 Hyle
1505 3327 1556 3378 und

203 3415 289 3478 Form,
308 3414 363 3465 wie
383 3413 437 3464 das
456 3412 574 3465 dbbild
594 3393 682 3478 (ὡς)
788 3411 814 3463 δὲ
833 3427 883 3462 om.
902 3411 947 3463 sed
966 3410 1037 3464 addit
1059 3411 1198 3474 ,,1ι“ιτινιιλι·“1
1307 3410 1324 3462 8
1343 3413 1385 3462 καὶ
1403 3426 1453 3462 orn.

205 3499 281 3568 μάθοι
298 3518 334 3558 τις
353 3498 393 3568 ἂν]
418 3501 463 3551 wir
483 3502 573 3553 crissen
705 3499 802 3550 10-11
834 3498 988 3569 ὦσπιρπ-ἑν
1007 3497 1088 3568 αὐτῷ]
1113 3499 1168 3551 dies
1187 3499 1223 3550 ist
1245 3498 1301 3550 ilar
1320 3498 1414 3550 dareus
1436 3500 1495 3551 dass
1514 3501 1559 3551 dcr

122 3652 127 3661 ι
202 3589 266 3641 Leib
289 3589 318 3640 in
341 3587 504 3639 natridichcn
523 3587 705 3654 Bcwcgungcn
730 3587 784 3639 sich
805 3589 904 3654 bewegt
926 3587 1006 3639 durch
1029 3587 1071 3638 die
1090 3586 1176 3650 Krait,
1199 3587 1241 3638 die
1259 3588 1287 3637 in
1310 3587 1362 3638 ihm
1382 3586 1417 3638 ist

204 3676 235 3728 13
263 3673 463 3742 αἱ-σὼματος]
488 3675 542 3727 Nur
565 3675 626 3727 dass
645 3674 714 3726 diese
734 3673 915 3742 Bewegungen
938 3674 984 3725 des
1002 3673 1115 3742 Kfirpers
1137 3674 1196 3726 siml
1323 3674 1353 3725 14
1381 3672 1557 3741 διὰ-ὄντων]

202 3764 281 3815 durch
301 3763 343 3815 die
361 3763 454 3817 Sinnc:
473 3762 515 3813 die
533 3761 615 3814 Sinne
633 3761 692 3813 sind
711 3761 810 3828 Kdrper
909 3760 936 3812 αῖ
952 3760 1144 3829 το-οώματος]
1164 3760 1205 3812 die
1224 3761 1356 3828 Begicrde‚
1376 3761 1490 3812 welche
1510 3762 1558 3813 ihr

201 3850 363 3903 cirenfalls
382 3849 552 3917 αοςελόιῑ,
571 3849 604 3900 ist
623 3865 681 3911 nur,
699 3864 773 3900 werrn
792 3848 846 3899 sich
866 3853 943 3900 etwas
962 3850 996 3900 im
1017 3849 1079 3901 Leib
1099 3850 1196 3908 bedec!
1307 3849 1337 3900 1ss
1357 3846 1437 3918 ὀργαὶ]
1458 3848 1536 3914 Serge

201 3938 230 3989 z’l
253 3936 291 4005 δὲ]
311 3937 365 3990 also
473 3936 494 3987 εί
512 3934 563 3987 οἶόν
581 3952 608 3986 τε
626 3933 722 4004 λαβεῖν]
742 3935 798 3987 weil
816 3937 851 3987 ist
958 3935 991 3986 23
1010 3935 1111 3986 οἰκείων
1130 3951 1179 3986 ουν.
1287 3935 1320 3987 25
1339 3933 1553 4004 ἐπιτηδειότητος]

201 4025 286 4077 addit:
303 4024 345 4077 ffir
363 4024 495 4077 dicselbeu
602 4021 661 4074 κατ’
682 4022 774 4092 αὐτὴν]
798 4023 891 4075 welche
910 4025 947 4075 sic
966 4023 1009 4074 hai

204 4198 271 4249 1-4
290 4195 434 4251 οὔτε-ἀλλ’
451 4195 519 4265 odis]
539 4194 685 4262 υ1.ρ.11,5
704 4193 761 4248 οὔτε
780 4194 815 4254 ὡς
834 4198 907 4267 μέρος
927 4195 987 4248 οὖσα
1001 4235 1034 4259 ..,
1053 4195 1103 4248 ἀλλ’
1122 4196 1177 4248 οὐδὲ
1196 4202 1222 4248 ci
1240 4193 1297 4248 οὔτε
1315 4198 1360 4268 γὰρ
1379 4195 1408 4247 τὸ
1422 4195 1558 4263 ἀσώματον

202 4285 300 4353 σώματι
313 4286 348 4355 μὴ
362 4285 516 4357 συμπάσχειν
529 4281 655 4353 ἀληθές..
667 4322 686 4346 .,
705 4283 759 4335 ἀλλ’
774 4283 831 4377 codd}
852 4284 966 4336 146r14.
990 4283 1123 4349 153,a,‘29.
1151 4292 1241 4335 contra
1254 4284 1352 4337 excidit
1368 4284 1477 4336 fortasse
1494 4283 1557 4336 alte·

201 4389 256 4424 τιιιο
270 4369 328 4424 οὔτε
340 4388 365 4440 p.
376 4372 435 4435 5:19
449 4378 483 4436 et,
500 4373 552 4424 nisi
565 4371 650 4433 1ο1Ιυε,
671 4371 788 4436 lieret-3,
805 4378 831 4424 et
844 4372 994 4424 mutandum
1009 4370 1178 4424 videturesse
1191 4368 1248 4422 οὔτε
1266 4372 1400 4438 excipiens
1414 4388 1438 4439 p.
1451 4371 1557 4425 146v54

200 4460 228 4511 in
248 4457 306 4511 οὔτε
385 4459 574 4512 Monilia
655 4457 721 4511 3δι’
746 4456 846 4511 ὅλουθ
926 4458 1036 4529 ἔχειΚιι
1116 4456 1293 4526 ιλς]1ίιι111.
1314 4459 1334 4509 V
1415 4458 1516 4527 ὀζιμου
1537 4460 1557 4509 λ’

201 4543 277 4597 'Idri
297 4548 331 4598 V:
351 4545 398 4617 ἄρα
417 4547 456 4597 Κιι
567 4549 582 4597 θ
606 4545 730 4616 ψυχικὴν]
751 4548 818 4599 inter
837 4565 844 4598 ι
863 4551 888 4600 et
907 4566 923 4598 κ
942 4548 1076 4614 ροιι1ιιΙιιω
1095 4562 1196 4598 cresum
1217 4546 1237 4596 V
1348 4547 1379 4597 λθ
1401 4546 1459 4597 κατ’
1481 4546 1559 4605 αὑτὰς

202 4634 340 4688 [seuerus.
376 4633 425 4684 hoc
443 4633 507 4684 dicit
526 4634 706 4702 philosophus:
736 4653 811 4699 neque
829 4637 911 4685 anima
929 4636 980 4685 sine
998 4653 1097 4699 corpore
1117 4651 1191 4698 neque
1210 4652 1298 4698 eorpus
1317 4634 1368 4683 sine
1387 4635 1469 4684 αιιίνιιι
1488 4635 1558 4699 quid·

200 4739 272 4786 ραιινι
291 4739 365 4788 ωριτε
380 4731 470 4785 succerd,
489 4723 546 4785 ηιιίιι
565 4740 654 4786 cerpus
672 4723 799 4772 secundum
813 4710 960 4789 fac-udaieis:
980 4723 1085 4781 ιἰιιίιυω,
1104 4722 1128 4770 si
1145 4723 1205 4786 αρίι,
1225 4723 1276 4786 cyil
1390 4720 1421 4772 13
1445 4724 1490 4772 τοῦ
1508 4720 1559 4773 σιθ·

201 4825 279 4874 ματος
298 4807 354 4860 scii.
373 4805 432 4859 εἰσίν
543 4808 572 4859 14
591 4807 664 4860 αυτοὶ
682 4811 788 4877 scripsi:
808 4807 881 4860 αὗται
899 4809 938 4860 Vr:
1048 4808 1078 4859 18
1096 4806 1213 4877 ἤρτηται]
1233 4808 1341 4860 alierum
1361 4828 1377 4877 η
1395 4809 1421 4859 in
1442 4808 1480 4859 lit.
1501 4809 1522 4859 V

201 4894 235 4944 ‘20
254 4893 346 4964 γίνεται
364 4895 469 4961 scripsi:
489 4893 585 4965 γίνηται
605 4897 640 4947 V:
659 4895 750 4966 γίνοιτο
769 4895 809 4947 Κυ
916 4895 948 4946 25
969 4895 1169 4966 ἐπιτηδειότητος
1190 4897 1222 4947 V:
1243 4894 1367 4964 ἰδιότητας
1385 4895 1424 4947 Ka
