3540 5610
208 334 249 397 36
683 331 886 386 ALEXANDRI
908 332 953 385 DE
976 333 1085 387 ΑΝΙΜΑ

261 502 400 588 αὐξητικὴ
421 504 540 587 δύναμις
562 509 669 591 ψυχῆς,
692 505 739 569 διὰ
754 510 864 590 τροφῖης
884 504 1023 589 αὐξητικὴ
1047 510 1098 569 τού
1118 503 1236 590 ἔχοντος
1258 504 1348 590 αὐτην
1372 509 1508 590 σώματος

262 605 309 668 διὰ
331 611 383 690 τῆς
405 607 511 676 οἰκείας
532 607 683 692 ἐνεργείας,
705 609 774 691 ἠδὲ
795 609 944 691 γεννητικὴ
968 608 1085 690 δύναμις
1100 613 1210 692 ψυχῆς,
1232 611 1381 693 γεννητικὴ
1406 610 1507 692 ὁμοίου

262 714 304 792 τῷ
327 707 426 794 ἔχοντι
446 710 548 795 αὐτήν,
574 710 593 794 ἢ
616 710 664 773 καὶ
687 707 760 794 αὐτὴ
782 714 876 795 τροφῇ
899 733 962 778 πως
980 717 1097 795 χρῆται,
1120 709 1193 793 εἴγε
1216 712 1248 774 τὸ
1271 711 1386 796 σπέρμα
1409 711 1445 775 δι’
1473 710 1508 774 οὖ

262 811 282 892 ἡ
302 811 432 895 γέννησις
454 818 506 896 τῆς
520 813 649 898 ἐσχάτης
670 817 780 898 τροφῆς
798 812 974 896 περίττωμα,
998 816 1039 883 ὡς
1061 814 1091 876 ἐν
1111 813 1209 882 ἄλλοις
1232 814 1381 893 δέδεικται,
1405 817 1508 877 τελειο-

235 912 331 997 υτέροι
352 938 394 983 τις
416 906 488 978 οὐσα
511 921 569 978 τῶν
591 914 647 999 πρὸ
669 914 768 998 αὐτῆς.
814 914 847 978 οὐ
869 915 924 999 γὰρ
946 916 988 985 εἰς
1009 915 1080 979 αὐτὸ
1106 917 1154 979 καὶ
1177 916 1229 998 τὴν
1251 917 1340 979 αὐτοῦ
1364 915 1508 999 σωτηρίαν

263 1039 294 1078 τε
316 1019 363 1080 καὶ
386 1018 532 1081 τελείωσιν
555 1020 686 1082 συντελεῖ
710 1019 729 1101 ἡ
753 1019 826 1081 κατὰ
853 1019 904 1101 τὴν
926 1018 1093 1102 γεννητικὴν
1121 1017 1239 1100 δύναμιν
1262 1018 1403 1102 ἐνέργεια,
1432 1017 1507 1080 ἀλλὰ

262 1124 321 1188 τοῖς
349 1119 406 1204 ἤδη
437 1120 554 1189 τελείοις
580 1117 659 1184 οὐσιν
689 1120 765 1182 αἰτία
790 1121 896 1202 γίνεται
922 1125 975 1204 τῆς
997 1118 1087 1182 ἄλλου
1117 1119 1219 1202 ὁμοίου
1246 1120 1386 1203 γενέσεως
1409 1120 1507 1205 ἐφέσει
1521 1135 1549 1178 ιο

202 1230 207 1239 ’
263 1221 423 1291 ἀθανασίας
444 1223 655 1306 ἐπισκευαστῆς
677 1245 761 1296 τινος,
784 1225 825 1291 ὡς
846 1222 995 1307 ἐνδέχεται
1016 1223 1049 1284 τὸ
1065 1222 1171 1305 θνητὸν
1193 1222 1352 1291 ἀθανασίας
1374 1223 1507 1309 μετέχειν

263 1325 356 1394 οὕτως
377 1324 458 1410 αὐτιγῖ
479 1325 663 1410 χορηγούσης
684 1324 755 1388 αὐτὸ
775 1329 827 1408 τῆς
849 1324 964 1408 φύσεως
985 1324 1032 1387 διὰ
1047 1326 1136 1408 τῆσδε
1157 1330 1209 1410 τῆς
1224 1326 1384 1409 δυνάμεως.
1421 1331 1507 1410 τριῶν

223 1441 250 1485 1⁰
262 1427 294 1489 δὲ
318 1425 407 1490 ὄντων
430 1427 460 1496 ἐξ
482 1429 523 1490 ὧν
545 1429 578 1491 τὸ
600 1426 758 1513 τρέφεσθαι
779 1427 899 1510 γίνεται,
928 1431 979 1490 τού
1000 1427 1167 1511 τρέφοντος,
1189 1433 1240 1492 τοῦ
1263 1428 1456 1515 τρεφομένου,
1479 1424 1505 1511 ᾦ

263 1529 405 1614 τρέφεται,
429 1531 462 1593 τὸ
486 1531 538 1615 μέν
553 1530 657 1616 τρέφον
681 1531 758 1595 ἐστὶν
779 1531 799 1613 ἡ
817 1530 954 1613 θρεπτική
977 1552 1009 1592 τε
1031 1531 1079 1592 καὶ
1095 1533 1196 1614 πρώτη
1219 1534 1314 1616 ψυχή,
1336 1532 1425 1595 ree}
1447 1554 1507 1615 τρε·

262 1631 387 1717 φάμενον
410 1635 443 1696 τὸ
466 1638 567 1718 σῶμα,
598 1631 632 1696 ού
655 1631 731 1700 είόος
752 1633 772 1716 ἡ
795 1633 990 1718 προειρημένη
1013 1633 1144 1715 δύναμις,
1172 1634 1205 1696 τὸ
1228 1635 1260 1697 δὲ
1282 1635 1307 1696 ιύ
1331 1634 1464 1719 τρέφεται
1486 1634 1505 1717 ἡ

264 1738 367 1819 τροφή.
413 1734 477 1799 ὁδ’
506 1736 591 1805 αὐτὸς
617 1735 703 1818 λύγος
730 1737 778 1798 καὶ
800 1736 848 1799 ἐπὶ
870 1739 921 1799 τοῦ
944 1733 1084 1805 αὔξεσθαί
1110 1759 1140 1798 τε
1166 1737 1214 1799 καὶ
1235 1741 1344 1818 γεννᾶν.
1389 1736 1451 1800 ἐπεὶ
1474 1736 1507 1798 ὐέ
1520 1752 1548 1794 ευ
1588 1810 1592 1817 .

261 1839 354 1901 πάντα
378 1839 436 1901 ἀπὸ
457 1843 508 1902 τοῦ
524 1839 625 1908 τέλους
647 1840 694 1901 καὶ
715 1838 774 1901 ἀπὸ
795 1842 846 1901 τοῦ
862 1840 1042 1901 τελειοτάτου
1064 1844 1122 1901 τῶν
1145 1838 1174 1901 ἐν
1195 1839 1423 1922 αὐτοῖςιὸίκαιον
1446 1840 1506 1903 ὐνο·
1585 1877 1591 1888 ·

222 1956 248 2000 ιυ
262 1942 360 2022 μάζειν
382 1941 444 2025 (διὰ
467 1945 551 2004 τοῦτο
571 1946 639 2024 γοῦν
662 1943 709 2004 καὶ
732 1941 780 2002 τὸν
799 1940 954 2025 ἄνθρωπον
976 1940 1096 2024 λέγομεν
1118 1943 1231 2025 λογικὸν
1254 1942 1345 2006 καίτοι
1369 1941 1437 2006 ὄντα
1458 1943 1506 2006 κα1

261 2043 456 2128 αἰσθητικόν),
479 2043 561 2112 τέλος
582 2045 615 2108 δέ
636 2048 689 2127 τῆς
703 2042 830 2127 πρώγτης
851 2047 950 2128 ψυχῆς
972 2047 1012 2112 ὡς
1032 2045 1153 2130 ἐδείχθη
1176 2046 1209 2108 τύ
1231 2051 1365 2130 γεννῆσαι
1386 2044 1486 2128 ὅμοιον
1511 2062 1560 2105 ιυυι

261 2148 359 2232 αὐτῷ,
387 2149 435 2210 καὶ
463 2149 483 2230 ἡ
510 2149 612 2231 πρώτη
639 2144 674 2208 ἂν
701 2146 781 2230 ψυχὴ
813 2144 940 2228 εὐλόγως
971 2149 1088 2209 καλοῖτο
1115 2148 1264 2231 γεννητικὴ
1292 2148 1434 2230 ύμοιούσα
1460 2154 1504 2235 τῷ

261 2247 359 2334 ἔχοντι
381 2250 482 2333 αὐτήν,
504 2249 530 2312 εἰ
552 2250 599 2312 καὶ
623 2249 667 2312 ὅτι
689 2250 813 2332 μάλιστά
834 2249 895 2312 ἐστι
909 2249 980 2332 πρὸς
1002 2249 1096 2333 τούτῳ
1120 2251 1168 2312 καὶ
1188 2251 1328 2334 θρεπτικὴ
1351 2253 1400 2314 κοιί
1422 2252 1505 2337 αὐξη-

260 2354 335 2436 τική.
380 2351 441 2417 ἔστι
464 2351 489 2415 θ’
517 2353 536 2436 ί,
559 2353 699 2436 θρεπτικὴ
722 2353 806 2436 ψυχή
830 2352 929 2415 τεκαὶ
952 2351 1069 2433 δύναμις
1095 2351 1172 2414 αἰτία
1193 2352 1242 2413 καὶ
1264 2356 1317 2435 τῆς
1335 2356 1507 2424 συστάσεως

219 2456 312 2539 νυτὴν
335 2456 430 2541 ἀρχὴν
452 2459 496 2540 τῷ
512 2459 563 2517 τού
587 2453 667 2539 ζῴου
689 2457 813 2538 σώματι,
836 2454 935 2536 ὥσπερ
955 2451 1005 2517 οὐν
1027 2455 1076 2516 καὶ
1097 2459 1148 2517 τοῦ
1164 2452 1238 2516 εἶναί
1257 2477 1288 2516 τε
1311 2456 1425 2540 καὶτῆς
1447 2458 1505 2520 ἐπὶ·

261 2559 371 2627 δύσεώς
394 2560 495 2622 τεκαὶ
517 2557 676 2643 αὐξήσεως.
713 2557 819 2640 ταύτης
840 2556 894 2640 γὰρ
916 2553 998 2641 ἔργον
1021 2556 1053 2619 τὸ
1076 2556 1106 2618 ἐν
1128 2553 1153 2640 ᾦ
1177 2555 1212 2618 ἂν
1233 2554 1253 2640 γ’]
1278 2561 1506 2642 παρασκευάζειν
1533 2577 1547 2618 τ
1585 2556 1592 2569 ’

260 2661 331 2725 αὐτὸ
357 2661 517 2746 τρέφεσθαί
546 2684 577 2724 τε
604 2657 640 2724 δι’
668 2660 757 2723 αὐτοῦ
784 2661 831 2723 καὶ
859 2657 996 2727 αὔξεσθαι
1024 2659 1178 2733 δύνασθαι,
1207 2660 1270 2743 ἥτις
1297 2661 1327 2724 ἐν
1357 2667 1399 2746 τῷ
1422 2686 1526 2747 κατα·

259 2763 431 2849 βαλλομένη)
460 2764 601 2849 σπέρματι
629 2762 849 2846 ἐνυπάρχουσα,
881 2760 948 2824 ὅταν
977 2761 1047 2844 ύλης
1075 2762 1238 2846 ἐπιτηδείου
1265 2763 1404 2848 λάβηται,
1434 2767 1505 2849 πρὸς

258 2871 343 2930 τοῦτο
366 2866 529 2949 συνίστησίν
551 2888 583 2927 τε
604 2864 694 2947 αὐτὴν
717 2864 824 2938 ούτως,
850 2867 891 2934 ὡς
914 2864 944 2927 ἐν
966 2889 1003 2947 τη
1028 2870 1122 2950 τροφῇ
1146 2889 1177 2927 τε
1199 2866 1247 2927 καὶ
1269 2871 1306 2948 τῇ
1330 2865 1448 2950 αὐξήσει
1471 2869 1504 2931 τὸ

217 2984 244 3028 νυ
259 2969 461 3052 συνιστάμενον
488 2968 519 3038 ἐξ
540 2967 629 3051 αὐτῆς
652 2965 751 3051 ύμοιον
778 2967 907 3049 γίνεσθαι
935 2972 978 3051 τῷ
1006 2967 1173 3053 προεμένῳ,
1203 2969 1251 3030 καλ
1272 2972 1323 3030 τού
1346 2968 1507 3053 τρέφεσθαί

252 3096 289 3148 Δτε
304 3071 375 3136 αὐτὸ
398 3073 445 3135 καλ
460 3069 600 3140 αὔξεσθαι
621 3069 770 3154 παρούσης
792 3074 844 3152 τῆς
859 3074 969 3155 τροφῆς
990 3070 1065 3133 αἰτία
1080 3070 1194 3152 γίνεται.
1231 3070 1279 3133 κοιλ
1302 3071 1376 3133 κατὰ
1398 3071 1503 3155 ταύτην

259 3175 348 3260 μύνην
376 3175 427 3258 τὴν
454 3174 582 3259 ψυχικὴν
611 3171 729 3256 δύναμιν
757 3172 867 3255 ἐνεργεῖ
893 3172 926 3234 τὸ
953 3172 1026 3235 κατὰ
1053 3172 1176 3256 γαστρὸς
1203 3171 1234 3235 ὐν
1261 3172 1292 3242 ἐξ
1317 3174 1407 3236 αὐτοῦ
1434 3173 1504 3260 ἔχον

441 3312 605 3329 -Ᾰ-.-

205 3400 222 3452 4
240 3399 349 3469 ἐσχάτης
366 3412 417 3449 em.
523 3394 591 3448 5—ss
619 3394 653 3452 ele
671 3392 915 3463 αὐτὸ-τελείωσιν]
937 3395 965 3447 in
984 3394 1030 3446 der
1047 3394 1176 3448 Substenz
1196 3395 1241 3449 des
1259 3395 1367 3463 Dinges‚
1386 3397 1476 3448 ‹lessen
1496 3398 1558 3449 Ret-

204 3493 270 3556 tung
288 3486 342 3538 und
362 3483 582 3551 Vollstendigkeit
688 3481 703 3534 7
726 3489 778 3555 τοῖς
796 3480 959 3551 ἦδη-ούσιν]
978 3483 1006 3533 in
1025 3482 1075 3534 den
1095 3482 1170 3534 zwei
1189 3481 1359 3535 Vellendeten
1378 3483 1449 3551 (vide
1468 3483 1558 3551 35:22)

204 3574 221 3627 8
240 3569 579 3642 ἐπισκευαστῆς-μετέχειν]
592 3570 687 3622 welche
699 3571 829 3623 erworben
843 3568 904 3620 wird
918 3569 945 3620 in
959 3569 1015 3619 dem
1031 3568 1175 3635 meglichen
1188 3569 1289 3623 Measse
1301 3570 1329 3622 in
1342 3570 1399 3623 dem
1413 3571 1495 3636 Teile‚
1513 3572 1558 3625 der

204 3660 240 3730 [ν.
254 3662 270 3713 l.
285 3663 351 3727 dem,
370 3658 434 3728 was]
453 3660 505 3711 ihm
520 3659 650 3710 zukommt
664 3673 697 3710 an
710 3656 931 3710 Unsterbliehkeit
1002 3654 1017 3706 9
1036 3652 1294 3724 οὕτως-δυνάμεως]
1315 3658 1368 3709 und
1381 3658 1436 3711 dies
1456 3659 1490 3711 iet
1505 3660 1557 3711 ihm

203 3749 291 3802 Leben
304 3763 355 3800 ven
368 3747 413 3801 der
424 3748 507 3800 Netur
525 3746 604 3797 durch
618 3745 688 3797 diese
700 3744 775 3797 Kraft
849 3742 949 3795 17-18
967 3741 1227 3812 γεννητικὴ-αύτήυ]
1245 3744 1340 3796 welche
1353 3750 1431 3799 etwas
1444 3751 1558 3814 ermngt,

203 3837 259 3889 dem
280 3837 318 3888 sie
336 3835 439 3888 ehnlich
459 3834 492 3886 iet
587 3832 617 3885 18
636 3831 742 3899 μάλιστα
761 3848 810 3884 om.
907 3829 969 3899 πρὸς
986 3828 1081 3899 τούτῳ]
1102 3829 1204 3882 vordem
1306 3832 1336 3884 19
1355 3825 1557 3901 ἐστι’-δύναμις]

203 3922 278 3975 Auch
296 3922 338 3975 die
355 3921 488 3975 nehrende
506 3921 578 3974 Seele
597 3921 642 3972 hat
659 3922 717 3973 eine
736 3919 819 3985 Kreft,
838 3919 931 3971 welche
1037 3917 1067 3968 ‘21
1098 3917 1156 3988 γὰρ]
1175 3934 1226 3969 em.
1332 3919 1436 3971 ’ΖΙ-22
1463 3919 1558 3990 ταύτης

202 4008 325 4083 γὰρ-δι’
347 4007 436 4074 αὐτοῦ]
455 4009 496 4061 die
514 4008 644 4075 Wirkung
662 4007 753 4059 dessen
773 4006 820 4070 ist,
845 4005 905 4057 (lass
924 4006 962 4057 sie
981 4006 1041 4070 dee,
1065 4006 1145 4057 werin
1164 4007 1202 4057 sie
1220 4007 1267 4070 ist,
1288 4006 1442 4074 vermegend
1463 4007 1558 4067 maeht,

203 4098 262 4150 dees
281 4113 308 4150 es
326 4097 382 4149 sich
400 4097 480 4150 selbst
498 4096 605 4148 emehre
696 4093 799 4146 23-25
818 4092 878 4161 πρὸς
896 4090 1056 4162 τούτο-τῷ]
1076 4107 1104 4144 so
1123 4098 1235 4145 versetzt
1254 4111 1280 4146 er
1298 4093 1412 4146 dieselbe
1429 4094 1459 4145 in
1477 4095 1556 4146 einen

204 4184 334 4250 Zustend,
357 4184 417 4237 dees
436 4185 483 4236 mit
501 4185 554 4236 ihm
573 4180 672 4249 (debei)
691 4181 736 4233 des
754 4181 840 4248 Ding‚
863 4195 962 4232 woreus
980 4197 1008 4232 er
1026 4196 1053 4231 es
1072 4182 1169 4242 mecm,
1194 4180 1240 4232 aus
1256 4182 1298 4233 die
1316 4181 1405 4233 Weise
1424 4181 1469 4232 der
1486 4181 1556 4233 Nah-

202 4288 270 4342 rung
287 4272 341 4325 und
360 4272 405 4325 des
424 4271 570 4324 Wechsens
588 4269 691 4321 ehnlich
710 4268 773 4320 wird
792 4270 850 4321 dem
956 4265 989 4319 27
1008 4267 1101 4336 ἐνεργεῖ
1117 4267 1142 4327 ἐξ
1162 4266 1250 4336 αὐτοῦ]
1271 4269 1346 4320 wirkt
1364 4285 1415 4321 von
1433 4268 1514 4321 selbst

204 4460 330 4532 1ψυχῆς
348 4476 432 4514 μεμε
549 4458 657 4530 θαύτὴ
676 4462 757 4529 τρυφῇ
776 4458 814 4511 m'
831 4477 903 4526 αυτη,
914 4474 995 4528 τροφη
1014 4458 1050 4509 m¹
1061 4458 1096 4511 V:
1119 4458 1182 4528 αὐτὴ
1201 4460 1318 4527 τροφῆυ
1434 4456 1555 4510 ῦαύτοῦ
1633 4480 1637 4487 ·

201 4549 306 4616 scripsi:
325 4547 402 4602 αὐτού
421 4550 461 4602 Va
565 4547 778 4616 8ἐπισκευαστῖγς
797 4547 832 4598 V:
850 4546 1089 4615 ἐπισκευαστικῆςυ
1195 4543 1300 4614 θαύτῷ
1319 4544 1353 4596 V:
1373 4543 1434 4598 αὐτὸ
1453 4562 1470 4597 ε

201 4633 407 4707 χωρηγούσηςθ
517 4635 547 4688 13
566 4633 644 4709 αὐτὸς
659 4650 687 4686 a:
706 4632 823 4692 αὐτοςλί
927 4636 1047 4702 γεννᾷνα
1155 4635 1185 4685 17
1205 4631 1277 4702 αὐτῷ
1296 4633 1401 4699 scripsi:
1421 4631 1526 4701 αὐτῷε

201 4722 304 4776 καλοῖτο
323 4740 350 4776 a:
370 4723 489 4777 καλλοῖτο
508 4725 530 4776 V
620 4720 751 4792 ὁμοιούσα]
770 4721 879 4774 senense
898 4718 983 4790 ὐμοιον
1000 4725 1105 4773 ποιοῦσα
1124 4722 1156 4774 cf.
1175 4720 1265 4773 καὶτὸ
1284 4722 1397 4789 γεννῆσαι
1415 4718 1499 4789 ὅμοιον
1517 4722 1555 4788 τῷ

128 4862 134 4874 ,
202 4809 326 4879 σπείραντι
345 4810 419 4876 32,11
459 4815 560 4881 ποιῆσαι
578 4809 661 4881 ἕτερον
680 4808 731 4862 οῖον
749 4808 810 4861 αὐτό
829 4808 907 4875 32,13
968 4807 1246 4879 .18ύςι1”τοῖραυ
1338 4803 1554 4880 21ἐνῲἃνη]

202 4884 577 4966 w.quae0011.ae137i·2e
665 4898 716 4950 οε
736 4892 824 4971 μοι
931 4898 963 4949 νο
983 4896 1064 4967 epea
1171 4897 1202 4947 ιτ
1223 4895 1299 4947 ουτω
1320 4897 1358 4949 va
