<?xml version="1.0" encoding="UTF-8"?>
<!DOCTYPE html PUBLIC "-//W3C//DTD XHTML 1.0 Transitional//EN"
    "http://www.w3.org/TR/xhtml1/DTD/xhtml1-transitional.dtd">
<html xmlns="http://www.w3.org/1999/xhtml" xml:lang="en" lang="en">
 <head>
  <title>
</title>
<meta http-equiv="Content-Type" content="text/html;charset=utf-8" />
  <meta name='ocr-system' content='tesseract 3.04.00' />
  <meta name='ocr-capabilities' content='ocr_page ocr_carea ocr_par ocr_line ocrx_word'/>
</head>
<body>
  <div class='ocr_page' id='page_1' title='image "./supplementumari02arisgoog/supplementumari02arisgoog_0389.png"; bbox 0 0 3540 5610; ppageno 0'>
   <div class='ocr_carea' id='block_1_1' title="bbox 581 1495 1570 1565">
    <p class='ocr_par' dir='ltr' id='par_1_1' title="bbox 581 1495 1570 1565">
     <span class='ocr_line' id='line_1_1' title="bbox 581 1495 1570 1565; baseline -0.003 -1"><span class='ocrx_word' id='word_1_1' title='bbox 581 1498 746 1565; x_wconf 84' lang='grc' dir='ltr'><strong>ΒΙΒΛΙΟΝ</strong></span> <span class='ocrx_word' id='word_1_2' title='bbox 777 1497 934 1564; x_wconf 87' lang='grc' dir='ltr'>ΤΡΙΤΟΝ.</span> <span class='ocrx_word' id='word_1_3' title='bbox 983 1495 1196 1563; x_wconf 82' lang='grc' dir='ltr'>ΚΕΦΑΛΑΙΑ</span> <span class='ocrx_word' id='word_1_4' title='bbox 1529 1504 1570 1561; x_wconf 69' lang='grc'>151</span> 
     </span>
    </p>
   </div>
   <div class='ocr_carea' id='block_1_2' title="bbox 225 1792 1560 2198">
    <p class='ocr_par' dir='ltr' id='par_1_2' title="bbox 225 1792 1560 2198">
     <span class='ocr_line' id='line_1_2' title="bbox 286 1792 1553 1877; baseline 0 -22"><span class='ocrx_word' id='word_1_5' title='bbox 286 1817 314 1856; x_wconf 87' lang='grc' dir='ltr'>α.</span> <span class='ocrx_word' id='word_1_6' title='bbox 360 1792 397 1856; x_wconf 83' lang='grc' dir='ltr'>Ἰ“ί</span> <span class='ocrx_word' id='word_1_7' title='bbox 416 1794 493 1857; x_wconf 88' lang='grc' dir='ltr'>ἐστιν</span> <span class='ocrx_word' id='word_1_8' title='bbox 516 1794 684 1877; x_wconf 82' lang='grc' dir='ltr'>ἀνάμνησις.</span> <span class='ocrx_word' id='word_1_9' title='bbox 1536 1799 1553 1855; x_wconf 82' lang='grc' dir='ltr'>δ</span> 
     </span>
     <span class='ocr_line' id='line_1_3' title="bbox 291 1900 1518 1989; baseline -0.003 -22"><span class='ocrx_word' id='word_1_10' title='bbox 291 1905 317 1989; x_wconf 89' lang='grc' dir='ltr'>β.</span> <span class='ocrx_word' id='word_1_11' title='bbox 359 1901 408 1967; x_wconf 78' lang='grc' dir='ltr'>Ἐκ</span> <span class='ocrx_word' id='word_1_12' title='bbox 423 1908 474 1966; x_wconf 83' lang='grc' dir='ltr'>τοῦ</span> <span class='ocrx_word' id='word_1_13' title='bbox 495 1904 629 1988; x_wconf 74' lang='grc' dir='ltr'>δευτέρου</span> <span class='ocrx_word' id='word_1_14' title='bbox 647 1901 717 1987; x_wconf 83' lang='grc' dir='ltr'>Περὶ</span> <span class='ocrx_word' id='word_1_15' title='bbox 734 1907 832 1988; x_wconf 79' lang='grc' dir='ltr'>ψυχῆς</span> <span class='ocrx_word' id='word_1_16' title='bbox 847 1901 952 1971; x_wconf 87' lang='grc' dir='ltr'>λέξεως</span> <span class='ocrx_word' id='word_1_17' title='bbox 966 1902 1110 1986; x_wconf 75' lang='grc' dir='ltr'>ἐξήγησις,</span> <span class='ocrx_word' id='word_1_18' title='bbox 1134 1900 1165 1964; x_wconf 85' lang='grc' dir='ltr'>δι’</span> <span class='ocrx_word' id='word_1_19' title='bbox 1187 1900 1223 1984; x_wconf 85' lang='grc' dir='ltr'>ής</span> <span class='ocrx_word' id='word_1_20' title='bbox 1237 1900 1314 1984; x_wconf 84' lang='grc' dir='ltr'>λέγει</span> <span class='ocrx_word' id='word_1_21' title='bbox 1330 1900 1518 1985; x_wconf 72' lang='grc' dir='ltr'>αθεωροῦν</span> 
     </span>
     <span class='ocr_line' id='line_1_4' title="bbox 407 2003 1560 2092; baseline -0.004 -22"><span class='ocrx_word' id='word_1_22' title='bbox 407 2009 474 2091; x_wconf 79' lang='grc' dir='ltr'>γὰρ</span> <span class='ocrx_word' id='word_1_23' title='bbox 500 2008 633 2090; x_wconf 83' lang='grc' dir='ltr'>γίνεται</span> <span class='ocrx_word' id='word_1_24' title='bbox 660 2009 697 2070; x_wconf 83' lang='grc' dir='ltr'>τὸ</span> <span class='ocrx_word' id='word_1_25' title='bbox 720 2006 802 2092; x_wconf 86' lang='grc' dir='ltr'>ἔχον</span> <span class='ocrx_word' id='word_1_26' title='bbox 832 2007 1045 2088; x_wconf 78' lang='grc' dir='ltr'>ἐπιστήμην,</span> <span class='ocrx_word' id='word_1_27' title='bbox 1077 2004 1161 2088; x_wconf 84' lang='grc' dir='ltr'>ὅπερ</span> <span class='ocrx_word' id='word_1_28' title='bbox 1189 2003 1251 2068; x_wconf 82' lang='grc' dir='ltr'>οὐκ</span> <span class='ocrx_word' id='word_1_29' title='bbox 1278 2003 1372 2069; x_wconf 85' lang='grc' dir='ltr'>ἔστιν</span> <span class='ocrx_word' id='word_1_30' title='bbox 1400 2008 1560 2069; x_wconf 74' lang='grc' dir='ltr'>ἄλλοι·εν</span> 
     </span>
     <span class='ocr_line' id='line_1_5' title="bbox 225 2106 1515 2198; baseline -0.002 -24"><span class='ocrx_word' id='word_1_31' title='bbox 225 2129 240 2176; x_wconf 82' lang='lat'><strong>5</strong></span> <span class='ocrx_word' id='word_1_32' title='bbox 410 2111 551 2173; x_wconf 82' lang='grc' dir='ltr'>οῦσθαι·</span> <span class='ocrx_word' id='word_1_33' title='bbox 575 2111 626 2179; x_wconf 88' lang='grc' dir='ltr'>εἰς</span> <span class='ocrx_word' id='word_1_34' title='bbox 648 2111 732 2173; x_wconf 81' lang='grc' dir='ltr'>αὑτὸ</span> <span class='ocrx_word' id='word_1_35' title='bbox 755 2109 817 2194; x_wconf 82' lang='grc' dir='ltr'>γὰρ</span> <span class='ocrx_word' id='word_1_36' title='bbox 841 2111 859 2192; x_wconf 84' lang='grc' dir='ltr'>ή</span> <span class='ocrx_word' id='word_1_37' title='bbox 883 2109 1041 2178; x_wconf 85' lang='grc' dir='ltr'>ἐπίδοσις</span> <span class='ocrx_word' id='word_1_38' title='bbox 1063 2109 1119 2170; x_wconf 87' lang='grc' dir='ltr'>καὶ</span> <span class='ocrx_word' id='word_1_39' title='bbox 1142 2107 1192 2198; x_wconf 78' lang='grc' dir='ltr'>εἰς</span> <span class='ocrx_word' id='word_1_40' title='bbox 1214 2106 1481 2193; x_wconf 84' lang='grc' dir='ltr'>ἐντελέχειαν.”</span> <span class='ocrx_word' id='word_1_41' title='bbox 1511 2109 1515 2195; x_wconf 77' lang='grc' dir='ltr'>ή</span> 
     </span>
    </p>
   </div>
   <div class='ocr_carea' id='block_1_3' title="bbox 205 2217 1560 4248">
    <p class='ocr_par' dir='ltr' id='par_1_3' title="bbox 205 2217 1560 4248">
     <span class='ocr_line' id='line_1_6' title="bbox 285 2217 1553 2306; baseline -0.001 -22"><span class='ocrx_word' id='word_1_42' title='bbox 285 2243 311 2301; x_wconf 92' lang='grc' dir='ltr'>γ.</span> <span class='ocrx_word' id='word_1_43' title='bbox 352 2218 476 2301; x_wconf 83' lang='grc' dir='ltr'>Ὁμοίως</span> <span class='ocrx_word' id='word_1_44' title='bbox 499 2221 533 2283; x_wconf 93' lang='grc' dir='ltr'>ἐκ</span> <span class='ocrx_word' id='word_1_45' title='bbox 560 2225 610 2283; x_wconf 80' lang='grc' dir='ltr'>τοῦ</span> <span class='ocrx_word' id='word_1_46' title='bbox 638 2221 773 2304; x_wconf 80' lang='grc' dir='ltr'>δευτέρου</span> <span class='ocrx_word' id='word_1_47' title='bbox 797 2219 867 2304; x_wconf 76' lang='grc' dir='ltr'>Περὶ</span> <span class='ocrx_word' id='word_1_48' title='bbox 890 2225 988 2304; x_wconf 77' lang='grc' dir='ltr'>ψυχῆς</span> <span class='ocrx_word' id='word_1_49' title='bbox 1016 2220 1122 2289; x_wconf 84' lang='grc' dir='ltr'>λέξεως</span> <span class='ocrx_word' id='word_1_50' title='bbox 1144 2217 1294 2301; x_wconf 72' lang='grc' dir='ltr'>ἐξήγησις,</span> <span class='ocrx_word' id='word_1_51' title='bbox 1323 2218 1360 2281; x_wconf 77' lang='grc' dir='ltr'>δι’</span> <span class='ocrx_word' id='word_1_52' title='bbox 1388 2222 1424 2305; x_wconf 81' lang='grc' dir='ltr'>ἧς</span> <span class='ocrx_word' id='word_1_53' title='bbox 1452 2224 1553 2306; x_wconf 73' lang='grc' dir='ltr'>περὶῖ</span> 
     </span>
     <span class='ocr_line' id='line_1_7' title="bbox 410 2323 686 2405; baseline 0.007 -21"><span class='ocrx_word' id='word_1_54' title='bbox 410 2323 578 2405; x_wconf 84' lang='grc' dir='ltr'>αἰσθήσεως</span> <span class='ocrx_word' id='word_1_55' title='bbox 599 2323 686 2405; x_wconf 88' lang='grc' dir='ltr'>λέγει.</span> 
     </span>
     <span class='ocr_line' id='line_1_8' title="bbox 287 2431 1519 2519; baseline 0.005 -25"><span class='ocrx_word' id='word_1_56' title='bbox 287 2434 311 2496; x_wconf 86' lang='grc' dir='ltr'>δ.</span> <span class='ocrx_word' id='word_1_57' title='bbox 359 2432 425 2502; x_wconf 82' lang='grc' dir='ltr'>Πῶς</span> <span class='ocrx_word' id='word_1_58' title='bbox 454 2436 502 2497; x_wconf 86' lang='grc' dir='ltr'>καί</span> <span class='ocrx_word' id='word_1_59' title='bbox 530 2436 549 2518; x_wconf 89' lang='grc' dir='ltr'>ή</span> <span class='ocrx_word' id='word_1_60' title='bbox 573 2433 714 2516; x_wconf 80' lang='grc' dir='ltr'>πρόσοδος</span> <span class='ocrx_word' id='word_1_61' title='bbox 735 2438 786 2497; x_wconf 85' lang='grc' dir='ltr'>τοῦ</span> <span class='ocrx_word' id='word_1_62' title='bbox 809 2434 892 2517; x_wconf 90' lang='grc' dir='ltr'>ήλίυυ</span> <span class='ocrx_word' id='word_1_63' title='bbox 917 2434 1009 2515; x_wconf 86' lang='grc' dir='ltr'>καὶή</span> <span class='ocrx_word' id='word_1_64' title='bbox 1033 2431 1142 2516; x_wconf 79' lang='grc' dir='ltr'>ἄφοδος</span> <span class='ocrx_word' id='word_1_65' title='bbox 1172 2434 1281 2515; x_wconf 82' lang='grc' dir='ltr'>ὁμοίως</span> <span class='ocrx_word' id='word_1_66' title='bbox 1304 2434 1381 2497; x_wconf 89' lang='grc' dir='ltr'>αἰτία</span> <span class='ocrx_word' id='word_1_67' title='bbox 1403 2437 1452 2498; x_wconf 81' lang='grc' dir='ltr'>καὶ</span> <span class='ocrx_word' id='word_1_68' title='bbox 1475 2460 1519 2519; x_wconf 87' lang='grc' dir='ltr'>γε·</span> 
     </span>
     <span class='ocr_line' id='line_1_9' title="bbox 409 2534 1560 2622; baseline 0.002 -24"><span class='ocrx_word' id='word_1_69' title='bbox 409 2536 517 2605; x_wconf 88' lang='grc' dir='ltr'>νέσειυς</span> <span class='ocrx_word' id='word_1_70' title='bbox 539 2539 586 2600; x_wconf 86' lang='grc' dir='ltr'>καὶ</span> <span class='ocrx_word' id='word_1_71' title='bbox 609 2538 723 2621; x_wconf 82' lang='grc' dir='ltr'>φθορᾶς</span> <span class='ocrx_word' id='word_1_72' title='bbox 744 2535 806 2619; x_wconf 82' lang='grc' dir='ltr'>εἴη·</span> <span class='ocrx_word' id='word_1_73' title='bbox 830 2538 849 2619; x_wconf 87' lang='grc' dir='ltr'>ή</span> <span class='ocrx_word' id='word_1_74' title='bbox 872 2535 926 2619; x_wconf 83' lang='grc' dir='ltr'>γὰρ</span> <span class='ocrx_word' id='word_1_75' title='bbox 949 2535 1039 2597; x_wconf 80' lang='grc' dir='ltr'>ἄλλου</span> <span class='ocrx_word' id='word_1_76' title='bbox 1061 2534 1171 2616; x_wconf 89' lang='grc' dir='ltr'>γένεσις</span> <span class='ocrx_word' id='word_1_77' title='bbox 1193 2535 1283 2599; x_wconf 82' lang='grc' dir='ltr'>ἄλλου</span> <span class='ocrx_word' id='word_1_78' title='bbox 1305 2538 1415 2622; x_wconf 81' lang='grc' dir='ltr'>φθοραί.</span> <span class='ocrx_word' id='word_1_79' title='bbox 1545 2562 1560 2603; x_wconf 77' lang='grc' dir='ltr'>ε</span> 
     </span>
     <span class='ocr_line' id='line_1_10' title="bbox 207 2643 1516 2730; baseline 0.002 -22"><span class='ocrx_word' id='word_1_80' title='bbox 207 2666 239 2713; x_wconf 84' lang='lat'>10</span> <span class='ocrx_word' id='word_1_81' title='bbox 290 2670 314 2708; x_wconf 92' lang='grc' dir='ltr'>ε.</span> <span class='ocrx_word' id='word_1_82' title='bbox 353 2643 414 2709; x_wconf 79' lang='grc' dir='ltr'>Ὅτι</span> <span class='ocrx_word' id='word_1_83' title='bbox 437 2648 469 2709; x_wconf 89' lang='grc' dir='ltr'>τδ</span> <span class='ocrx_word' id='word_1_84' title='bbox 493 2649 593 2716; x_wconf 82' lang='grc' dir='ltr'>ἁπλῶς</span> <span class='ocrx_word' id='word_1_85' title='bbox 617 2647 646 2715; x_wconf 75' lang='grc' dir='ltr'>ἐξ</span> <span class='ocrx_word' id='word_1_86' title='bbox 662 2649 789 2730; x_wconf 77' lang='grc' dir='ltr'>ἀνάγκης</span> <span class='ocrx_word' id='word_1_87' title='bbox 810 2647 937 2729; x_wconf 87' lang='grc' dir='ltr'>γίνεσθαι</span> <span class='ocrx_word' id='word_1_88' title='bbox 960 2647 1009 2709; x_wconf 88' lang='grc' dir='ltr'>καί</span> <span class='ocrx_word' id='word_1_89' title='bbox 1032 2647 1072 2729; x_wconf 79' lang='grc' dir='ltr'>μὴ</span> <span class='ocrx_word' id='word_1_90' title='bbox 1097 2645 1312 2716; x_wconf 84' lang='grc' dir='ltr'>ἐξὺποθέσεως</span> <span class='ocrx_word' id='word_1_91' title='bbox 1335 2648 1364 2709; x_wconf 86' lang='grc' dir='ltr'>ἐν</span> <span class='ocrx_word' id='word_1_92' title='bbox 1388 2653 1448 2717; x_wconf 84' lang='grc' dir='ltr'>τοῖς</span> <span class='ocrx_word' id='word_1_93' title='bbox 1470 2651 1516 2715; x_wconf 64' lang='lat' dir='ltr'>dei</span> 
     </span>
     <span class='ocr_line' id='line_1_11' title="bbox 407 2749 699 2834; baseline -0.017 -21"><span class='ocrx_word' id='word_1_94' title='bbox 407 2749 507 2834; x_wconf 83' lang='grc' dir='ltr'>κύκλῳ</span> <span class='ocrx_word' id='word_1_95' title='bbox 530 2750 699 2831; x_wconf 81' lang='grc' dir='ltr'>γινομένοις.</span> 
     </span>
     <span class='ocr_line' id='line_1_12' title="bbox 286 2857 1515 2947; baseline 0.002 -25"><span class='ocrx_word' id='word_1_96' title='bbox 286 2884 311 2930; x_wconf 76' lang='grc' dir='ltr'>ς.</span> <span class='ocrx_word' id='word_1_97' title='bbox 358 2859 472 2928; x_wconf 86' lang='grc' dir='ltr'>Λέξεως</span> <span class='ocrx_word' id='word_1_98' title='bbox 499 2861 632 2943; x_wconf 75' lang='grc' dir='ltr'>ἐξήγησις</span> <span class='ocrx_word' id='word_1_99' title='bbox 660 2861 693 2922; x_wconf 85' lang='grc' dir='ltr'>ἐκ</span> <span class='ocrx_word' id='word_1_100' title='bbox 720 2865 770 2923; x_wconf 82' lang='grc' dir='ltr'>τοῦ</span> <span class='ocrx_word' id='word_1_101' title='bbox 798 2861 893 2944; x_wconf 83' lang='grc' dir='ltr'>τρίτου</span> <span class='ocrx_word' id='word_1_102' title='bbox 917 2859 987 2944; x_wconf 80' lang='grc' dir='ltr'>Περὶ</span> <span class='ocrx_word' id='word_1_103' title='bbox 1011 2864 1122 2944; x_wconf 80' lang='grc' dir='ltr'>ψυχῆς,</span> <span class='ocrx_word' id='word_1_104' title='bbox 1154 2857 1190 2922; x_wconf 84' lang='grc' dir='ltr'>δι’</span> <span class='ocrx_word' id='word_1_105' title='bbox 1218 2859 1254 2943; x_wconf 85' lang='grc' dir='ltr'>ής</span> <span class='ocrx_word' id='word_1_106' title='bbox 1283 2864 1377 2944; x_wconf 74' lang='grc' dir='ltr'>ζητεῖ,</span> <span class='ocrx_word' id='word_1_107' title='bbox 1410 2864 1515 2947; x_wconf 83' lang='grc' dir='ltr'>πῶςή</span> 
     </span>
     <span class='ocr_line' id='line_1_13' title="bbox 413 2962 1558 3046; baseline -0.003 -20"><span class='ocrx_word' id='word_1_108' title='bbox 413 2965 598 3044; x_wconf 90' lang='grc' dir='ltr'>συναίσθησις</span> <span class='ocrx_word' id='word_1_109' title='bbox 622 2965 691 3046; x_wconf 85' lang='grc' dir='ltr'>ήμῖν</span> <span class='ocrx_word' id='word_1_110' title='bbox 714 2964 820 3045; x_wconf 87' lang='grc' dir='ltr'>γίνεται</span> <span class='ocrx_word' id='word_1_111' title='bbox 843 2962 1074 3045; x_wconf 74' lang='grc' dir='ltr'>αἰσθανομένοις.</span> <span class='ocrx_word' id='word_1_112' title='bbox 1529 2983 1558 3024; x_wconf 86' lang='grc' dir='ltr'>ιο</span> 
     </span>
     <span class='ocr_line' id='line_1_14' title="bbox 286 3069 1514 3160; baseline 0 -22"><span class='ocrx_word' id='word_1_113' title='bbox 286 3080 310 3146; x_wconf 83' lang='grc' dir='ltr'>ξ.</span> <span class='ocrx_word' id='word_1_114' title='bbox 356 3075 470 3145; x_wconf 68' lang='grc' dir='ltr'>,λέξεως</span> <span class='ocrx_word' id='word_1_115' title='bbox 492 3075 626 3159; x_wconf 78' lang='grc' dir='ltr'>ἐξήγησις</span> <span class='ocrx_word' id='word_1_116' title='bbox 654 3075 686 3137; x_wconf 92' lang='grc' dir='ltr'>ἐκ</span> <span class='ocrx_word' id='word_1_117' title='bbox 716 3079 766 3137; x_wconf 85' lang='grc' dir='ltr'>τοῦ</span> <span class='ocrx_word' id='word_1_118' title='bbox 793 3075 887 3159; x_wconf 83' lang='grc' dir='ltr'>τρίτου</span> <span class='ocrx_word' id='word_1_119' title='bbox 912 3073 982 3157; x_wconf 84' lang='grc' dir='ltr'>Περὶ</span> <span class='ocrx_word' id='word_1_120' title='bbox 1009 3078 1106 3158; x_wconf 78' lang='grc' dir='ltr'>ψυχῆς</span> <span class='ocrx_word' id='word_1_121' title='bbox 1133 3069 1170 3135; x_wconf 81' lang='grc' dir='ltr'>δι’</span> <span class='ocrx_word' id='word_1_122' title='bbox 1197 3073 1233 3156; x_wconf 83' lang='grc' dir='ltr'>ής</span> <span class='ocrx_word' id='word_1_123' title='bbox 1255 3072 1375 3147; x_wconf 85' lang='grc' dir='ltr'>ἔδειξεν,</span> <span class='ocrx_word' id='word_1_124' title='bbox 1405 3074 1448 3138; x_wconf 78' lang='grc' dir='ltr'>ὅτι</span> <span class='ocrx_word' id='word_1_125' title='bbox 1472 3078 1514 3160; x_wconf 84' lang='grc' dir='ltr'>μὴ</span> 
     </span>
     <span class='ocr_line' id='line_1_15' title="bbox 208 3179 940 3262; baseline -0.005 -22"><span class='ocrx_word' id='word_1_126' title='bbox 208 3199 238 3247; x_wconf 87' lang='lat'>15</span> <span class='ocrx_word' id='word_1_127' title='bbox 410 3179 526 3246; x_wconf 80' lang='grc' dir='ltr'>πλείους</span> <span class='ocrx_word' id='word_1_128' title='bbox 549 3183 606 3240; x_wconf 79' lang='grc' dir='ltr'>τῶν</span> <span class='ocrx_word' id='word_1_129' title='bbox 630 3179 646 3241; x_wconf 75' lang='grc' dir='ltr'>ἐ</span> <span class='ocrx_word' id='word_1_130' title='bbox 668 3179 738 3241; x_wconf 81' lang='grc' dir='ltr'>εἰσὶν</span> <span class='ocrx_word' id='word_1_131' title='bbox 762 3179 940 3262; x_wconf 75' lang='grc' dir='ltr'>αἰσθήσεων.</span> 
     </span>
     <span class='ocr_line' id='line_1_16' title="bbox 282 3286 1556 3372; baseline 0 -22"><span class='ocrx_word' id='word_1_132' title='bbox 282 3314 310 3372; x_wconf 92' lang='grc' dir='ltr'>η.</span> <span class='ocrx_word' id='word_1_133' title='bbox 358 3286 392 3351; x_wconf 73' lang='grc' dir='ltr'>Εἰ</span> <span class='ocrx_word' id='word_1_134' title='bbox 414 3289 554 3371; x_wconf 86' lang='grc' dir='ltr'>αἰσθητὸν</span> <span class='ocrx_word' id='word_1_135' title='bbox 576 3287 591 3350; x_wconf 85' lang='grc' dir='ltr'>θ</span> <span class='ocrx_word' id='word_1_136' title='bbox 616 3291 719 3357; x_wconf 84' lang='grc' dir='ltr'>ττᾶσαις</span> <span class='ocrx_word' id='word_1_137' title='bbox 743 3295 804 3357; x_wconf 86' lang='grc' dir='ltr'>ταῖς</span> <span class='ocrx_word' id='word_1_138' title='bbox 826 3289 982 3371; x_wconf 79' lang='grc' dir='ltr'>αἰσθήσεσι</span> <span class='ocrx_word' id='word_1_139' title='bbox 1006 3287 1079 3350; x_wconf 81' lang='grc' dir='ltr'>κατὰ</span> <span class='ocrx_word' id='word_1_140' title='bbox 1102 3287 1286 3370; x_wconf 81' lang='grc' dir='ltr'>συμβεβηκὸς</span> <span class='ocrx_word' id='word_1_141' title='bbox 1308 3288 1462 3372; x_wconf 79' lang='grc' dir='ltr'>αἰσθητόν.</span> <span class='ocrx_word' id='word_1_142' title='bbox 1531 3309 1556 3350; x_wconf 75' lang='lat'>1⁵</span> 
     </span>
     <span class='ocr_line' id='line_1_17' title="bbox 283 3397 1513 3483; baseline 0.003 -22"><span class='ocrx_word' id='word_1_143' title='bbox 283 3402 311 3461; x_wconf 86' lang='grc' dir='ltr'>θ.</span> <span class='ocrx_word' id='word_1_144' title='bbox 358 3398 471 3467; x_wconf 67' lang='grc' dir='ltr'>,λέξεως</span> <span class='ocrx_word' id='word_1_145' title='bbox 487 3399 621 3483; x_wconf 79' lang='grc' dir='ltr'>ἐξήγησις</span> <span class='ocrx_word' id='word_1_146' title='bbox 643 3400 676 3462; x_wconf 90' lang='grc' dir='ltr'>ἐκ</span> <span class='ocrx_word' id='word_1_147' title='bbox 693 3404 742 3461; x_wconf 85' lang='grc' dir='ltr'>τοῦ</span> <span class='ocrx_word' id='word_1_148' title='bbox 759 3400 851 3480; x_wconf 82' lang='grc' dir='ltr'>τρίτου</span> <span class='ocrx_word' id='word_1_149' title='bbox 869 3397 939 3482; x_wconf 83' lang='grc' dir='ltr'>Περὶ</span> <span class='ocrx_word' id='word_1_150' title='bbox 955 3404 1062 3483; x_wconf 72' lang='grc' dir='ltr'>ψυχῆς,</span> <span class='ocrx_word' id='word_1_151' title='bbox 1085 3397 1121 3460; x_wconf 82' lang='grc' dir='ltr'>δι’</span> <span class='ocrx_word' id='word_1_152' title='bbox 1142 3398 1177 3481; x_wconf 86' lang='grc' dir='ltr'>ής</span> <span class='ocrx_word' id='word_1_153' title='bbox 1199 3398 1349 3471; x_wconf 87' lang='grc' dir='ltr'>δείκνυσιν,</span> <span class='ocrx_word' id='word_1_154' title='bbox 1373 3398 1418 3462; x_wconf 75' lang='grc' dir='ltr'>ὅτι</span> <span class='ocrx_word' id='word_1_155' title='bbox 1434 3401 1513 3464; x_wconf 77' lang='grc' dir='ltr'>ἐστὶν</span> 
     </span>
     <span class='ocr_line' id='line_1_18' title="bbox 410 3497 898 3586; baseline -0.004 -22"><span class='ocrx_word' id='word_1_156' title='bbox 410 3497 436 3586; x_wconf 71' lang='grc' dir='ltr'><em>ᾧ</em></span> <span class='ocrx_word' id='word_1_157' title='bbox 462 3502 523 3581; x_wconf 86' lang='grc' dir='ltr'>ἄμα</span> <span class='ocrx_word' id='word_1_158' title='bbox 547 3505 662 3564; x_wconf 83' lang='grc' dir='ltr'>πάντων</span> <span class='ocrx_word' id='word_1_159' title='bbox 685 3501 898 3583; x_wconf 75' lang='grc' dir='ltr'>αἰσθανόμεθα.</span> 
     </span>
     <span class='ocr_line' id='line_1_19' title="bbox 295 3611 1040 3696; baseline -0.009 -22"><span class='ocrx_word' id='word_1_160' title='bbox 295 3639 313 3676; x_wconf 92' lang='grc' dir='ltr'>ι.</span> <span class='ocrx_word' id='word_1_161' title='bbox 362 3611 430 3695; x_wconf 86' lang='grc' dir='ltr'>Περὶ</span> <span class='ocrx_word' id='word_1_162' title='bbox 454 3614 607 3696; x_wconf 81' lang='grc' dir='ltr'>θαλάσσης</span> <span class='ocrx_word' id='word_1_163' title='bbox 629 3613 662 3675; x_wconf 89' lang='grc' dir='ltr'>ἐκ</span> <span class='ocrx_word' id='word_1_164' title='bbox 685 3618 742 3674; x_wconf 86' lang='grc' dir='ltr'>τῶν</span> <span class='ocrx_word' id='word_1_165' title='bbox 767 3611 1040 3694; x_wconf 80' lang='grc' dir='ltr'>Μετεωρολογικῶν.</span> 
     </span>
     <span class='ocr_line' id='line_1_20' title="bbox 205 3720 940 3807; baseline -0.012 -17"><span class='ocrx_word' id='word_1_166' title='bbox 205 3746 240 3790; x_wconf 73' lang='grc' dir='ltr'>νο</span> <span class='ocrx_word' id='word_1_167' title='bbox 276 3749 312 3786; x_wconf 87' lang='grc' dir='ltr'>ια,</span> <span class='ocrx_word' id='word_1_168' title='bbox 355 3720 550 3807; x_wconf 75' lang='grc' dir='ltr'>Ἐπιχείρησις</span> <span class='ocrx_word' id='word_1_169' title='bbox 573 3722 616 3784; x_wconf 75' lang='grc' dir='ltr'>ὅτι</span> <span class='ocrx_word' id='word_1_170' title='bbox 639 3722 674 3784; x_wconf 81' lang='grc' dir='ltr'>τὰ</span> <span class='ocrx_word' id='word_1_171' title='bbox 697 3723 825 3804; x_wconf 72' lang='grc' dir='ltr'>ὀνόματα</span> <span class='ocrx_word' id='word_1_172' title='bbox 849 3721 940 3784; x_wconf 86' lang='grc' dir='ltr'>θέσει.</span> 
     </span>
     <span class='ocr_line' id='line_1_21' title="bbox 272 3831 734 3919; baseline -0.006 -24"><span class='ocrx_word' id='word_1_173' title='bbox 272 3837 308 3919; x_wconf 86' lang='grc' dir='ltr'>ιβ.</span> <span class='ocrx_word' id='word_1_174' title='bbox 348 3831 409 3896; x_wconf 84' lang='grc' dir='ltr'>Ὅτι</span> <span class='ocrx_word' id='word_1_175' title='bbox 433 3833 473 3915; x_wconf 82' lang='grc' dir='ltr'>μή</span> <span class='ocrx_word' id='word_1_176' title='bbox 497 3832 614 3917; x_wconf 84' lang='grc' dir='ltr'>ἄπειρον</span> <span class='ocrx_word' id='word_1_177' title='bbox 637 3834 669 3895; x_wconf 79' lang='grc' dir='ltr'>τὸ</span> <span class='ocrx_word' id='word_1_178' title='bbox 693 3831 734 3894; x_wconf 78' lang='grc' dir='ltr'>ἄν.</span> 
     </span>
     <span class='ocr_line' id='line_1_22' title="bbox 277 3942 763 4028; baseline -0.014 -22"><span class='ocrx_word' id='word_1_179' title='bbox 277 3968 311 4026; x_wconf 90' lang='grc' dir='ltr'>ιγ.</span> <span class='ocrx_word' id='word_1_180' title='bbox 359 3942 429 4028; x_wconf 79' lang='grc' dir='ltr'>Περὶ</span> <span class='ocrx_word' id='word_1_181' title='bbox 452 3948 502 4006; x_wconf 84' lang='grc' dir='ltr'>τοῦ</span> <span class='ocrx_word' id='word_1_182' title='bbox 525 3943 571 4028; x_wconf 79' lang='grc' dir='ltr'>ἐφ’</span> <span class='ocrx_word' id='word_1_183' title='bbox 599 3945 668 4026; x_wconf 86' lang='grc' dir='ltr'>ήμῖν</span> <span class='ocrx_word' id='word_1_184' title='bbox 692 3966 763 4005; x_wconf 90' lang='grc' dir='ltr'>τινα.</span> 
     </span>
     <span class='ocr_line' id='line_1_23' title="bbox 278 4052 1302 4140; baseline -0.003 -22"><span class='ocrx_word' id='word_1_185' title='bbox 278 4058 314 4118; x_wconf 88' lang='grc' dir='ltr'>ιδ.</span> <span class='ocrx_word' id='word_1_186' title='bbox 356 4052 514 4137; x_wconf 76' lang='grc' dir='ltr'>Ἐπιδρομή</span> <span class='ocrx_word' id='word_1_187' title='bbox 538 4060 595 4116; x_wconf 84' lang='grc' dir='ltr'>τῶν</span> <span class='ocrx_word' id='word_1_188' title='bbox 618 4053 647 4114; x_wconf 87' lang='grc' dir='ltr'>ἐν</span> <span class='ocrx_word' id='word_1_189' title='bbox 670 4059 712 4138; x_wconf 79' lang='grc' dir='ltr'>τῷ</span> <span class='ocrx_word' id='word_1_190' title='bbox 736 4054 864 4136; x_wconf 85' lang='grc' dir='ltr'>τετᾶρτιμ</span> <span class='ocrx_word' id='word_1_191' title='bbox 888 4052 1161 4138; x_wconf 84' lang='grc' dir='ltr'>Μετειυρολογικῶν,</span> <span class='ocrx_word' id='word_1_192' title='bbox 1186 4055 1302 4140; x_wconf 85' lang='grc' dir='ltr'>ἀτελής.</span> 
     </span>
     <span class='ocr_line' id='line_1_24' title="bbox 282 4162 1557 4248; baseline -0.009 -21"><span class='ocrx_word' id='word_1_193' title='bbox 282 4189 316 4228; x_wconf 88' lang='grc' dir='ltr'>ιε.</span> <span class='ocrx_word' id='word_1_194' title='bbox 363 4164 434 4248; x_wconf 81' lang='grc' dir='ltr'>Περὶ</span> <span class='ocrx_word' id='word_1_195' title='bbox 456 4168 507 4225; x_wconf 82' lang='grc' dir='ltr'>τοῦ</span> <span class='ocrx_word' id='word_1_196' title='bbox 530 4163 590 4226; x_wconf 82' lang='grc' dir='ltr'>οἷον</span> <span class='ocrx_word' id='word_1_197' title='bbox 614 4162 777 4247; x_wconf 77' lang='grc' dir='ltr'>ἄμεροῦς.ή</span> <span class='ocrx_word' id='word_1_198' title='bbox 1528 4191 1557 4232; x_wconf 61' lang='lat'>3</span> 
     </span>
    </p>
   </div>
   <div class='ocr_carea' id='block_1_4' title="bbox 209 4320 609 4328">
    <p class='ocr_par' dir='ltr' id='par_1_4' title="bbox 209 4320 609 4328">
     <span class='ocr_line' id='line_1_25' title="bbox 209 4320 609 4328; baseline -0.01 0"><span class='ocrx_word' id='word_1_199' title='bbox 209 4320 462 4328; x_wconf 77' lang='lat'><em>..--—--————-—--</em></span> <span class='ocrx_word' id='word_1_200' title='bbox 479 4320 529 4325; x_wconf 86' lang='grc'>--.</span> <span class='ocrx_word' id='word_1_201' title='bbox 542 4320 584 4325; x_wconf 80' lang='grc'>...,.</span> <span class='ocrx_word' id='word_1_202' title='bbox 604 4320 609 4324; x_wconf 83' lang='grc'>.</span> 
     </span>
    </p>
   </div>
   <div class='ocr_carea' id='block_1_5' title="bbox 202 4421 1569 4931">
    <p class='ocr_par' dir='ltr' id='par_1_5' title="bbox 202 4421 1569 4931">
     <span class='ocr_line' id='line_1_26' title="bbox 203 4421 1568 4504; baseline 0.01 -31"><span class='ocrx_word' id='word_1_203' title='bbox 203 4422 219 4473; x_wconf 78' lang='lat'><strong>2</strong></span> <span class='ocrx_word' id='word_1_204' title='bbox 243 4428 302 4490; x_wconf 79' lang='lat' dir='ltr'>post</span> <span class='ocrx_word' id='word_1_205' title='bbox 322 4422 347 4473; x_wconf 85' lang='grc' dir='ltr'>τί</span> <span class='ocrx_word' id='word_1_206' title='bbox 370 4421 385 4473; x_wconf 76' lang='grc' dir='ltr'>θ</span> <span class='ocrx_word' id='word_1_207' title='bbox 405 4422 455 4474; x_wconf 76' lang='lat' dir='ltr'>litt.</span> <span class='ocrx_word' id='word_1_208' title='bbox 475 4438 563 4474; x_wconf 75' lang='lat' dir='ltr'>erasae</span> <span class='ocrx_word' id='word_1_209' title='bbox 583 4426 606 4470; x_wconf 84' lang='lat' dir='ltr'>V</span> <span class='ocrx_word' id='word_1_210' title='bbox 729 4422 744 4473; x_wconf 88' lang='lat'><strong>3</strong></span> <span class='ocrx_word' id='word_1_211' title='bbox 764 4421 855 4482; x_wconf 83' lang='grc' dir='ltr'>λέξεως</span> <span class='ocrx_word' id='word_1_212' title='bbox 874 4423 987 4496; x_wconf 83' lang='grc' dir='ltr'>ἐξήγησις</span> <span class='ocrx_word' id='word_1_213' title='bbox 1012 4424 1041 4477; x_wconf 86' lang='grc' dir='ltr'>ἐκ</span> <span class='ocrx_word' id='word_1_214' title='bbox 1060 4431 1104 4478; x_wconf 76' lang='grc' dir='ltr'>τοῦ</span> <span class='ocrx_word' id='word_1_215' title='bbox 1128 4426 1242 4499; x_wconf 80' lang='grc' dir='ltr'>δευτέρου</span> <span class='ocrx_word' id='word_1_216' title='bbox 1261 4427 1291 4481; x_wconf 83' lang='lat' dir='ltr'>ss·</span> <span class='ocrx_word' id='word_1_217' title='bbox 1311 4429 1338 4497; x_wconf 78' lang='grc' dir='ltr'>ψ.</span> <span class='ocrx_word' id='word_1_218' title='bbox 1358 4428 1434 4499; x_wconf 85' lang='grc' dir='ltr'>λόγου</span> <span class='ocrx_word' id='word_1_219' title='bbox 1450 4429 1568 4504; x_wconf 81' lang='grc' dir='ltr'>Ἀριστο-</span> 
     </span>
     <span class='ocr_line' id='line_1_27' title="bbox 203 4509 1569 4589; baseline 0.008 -27"><span class='ocrx_word' id='word_1_220' title='bbox 203 4510 291 4567; x_wconf 78' lang='grc' dir='ltr'>τέλους</span> <span class='ocrx_word' id='word_1_221' title='bbox 313 4512 353 4561; x_wconf 83' lang='lat' dir='ltr'><strong>tit.</strong></span> <span class='ocrx_word' id='word_1_222' title='bbox 460 4511 553 4583; x_wconf 76' lang='grc' dir='ltr'>ἐέχον</span> <span class='ocrx_word' id='word_1_223' title='bbox 572 4510 618 4580; x_wconf 82' lang='grc' dir='ltr'>τὴν</span> <span class='ocrx_word' id='word_1_224' title='bbox 637 4509 777 4581; x_wconf 79' lang='grc' dir='ltr'>ἐπιστήμην</span> <span class='ocrx_word' id='word_1_225' title='bbox 796 4514 836 4563; x_wconf 73' lang='lat' dir='ltr'>tir.</span> <span class='ocrx_word' id='word_1_226' title='bbox 944 4514 958 4564; x_wconf 80' lang='grc' dir='ltr'>θ</span> <span class='ocrx_word' id='word_1_227' title='bbox 982 4513 1073 4573; x_wconf 83' lang='grc' dir='ltr'>λέξεως</span> <span class='ocrx_word' id='word_1_228' title='bbox 1092 4513 1206 4586; x_wconf 84' lang='grc' dir='ltr'>ἐξήγησις</span> <span class='ocrx_word' id='word_1_229' title='bbox 1224 4517 1253 4568; x_wconf 91' lang='grc' dir='ltr'>ἐκ</span> <span class='ocrx_word' id='word_1_230' title='bbox 1271 4522 1317 4570; x_wconf 78' lang='grc' dir='ltr'>τοῦ</span> <span class='ocrx_word' id='word_1_231' title='bbox 1335 4517 1452 4589; x_wconf 85' lang='grc' dir='ltr'>δευτέρου</span> <span class='ocrx_word' id='word_1_232' title='bbox 1471 4520 1569 4588; x_wconf 84' lang='grc' dir='ltr'>δμοίως</span> 
     </span>
     <span class='ocr_line' id='line_1_28' title="bbox 205 4594 1567 4672; baseline 0.009 -23"><span class='ocrx_word' id='word_1_233' title='bbox 205 4594 236 4649; x_wconf 84' lang='grc' dir='ltr'>Π.</span> <span class='ocrx_word' id='word_1_234' title='bbox 255 4598 282 4666; x_wconf 83' lang='grc' dir='ltr'>ψ.</span> <span class='ocrx_word' id='word_1_235' title='bbox 301 4599 341 4648; x_wconf 75' lang='lat' dir='ltr'><strong>tit.</strong></span> <span class='ocrx_word' id='word_1_236' title='bbox 430 4599 524 4655; x_wconf 80' lang='grc' dir='ltr'>θιτῶς</span> <span class='ocrx_word' id='word_1_237' title='bbox 547 4597 604 4670; x_wconf 77' lang='grc' dir='ltr'>οδγί</span> <span class='ocrx_word' id='word_1_238' title='bbox 627 4600 669 4649; x_wconf 79' lang='grc' dir='ltr'>καὶ</span> <span class='ocrx_word' id='word_1_239' title='bbox 689 4601 728 4650; x_wconf 79' lang='lat' dir='ltr'>tit.</span> <span class='ocrx_word' id='word_1_240' title='bbox 748 4600 791 4666; x_wconf 82' lang='lat' dir='ltr'>Sp.</span> <span class='ocrx_word' id='word_1_241' title='bbox 886 4600 1005 4671; x_wconf 74' lang='grc' dir='ltr'>πρόσοδος</span> <span class='ocrx_word' id='word_1_242' title='bbox 1028 4603 1080 4653; x_wconf 78' lang='lat' dir='ltr'><strong>tit.:</strong></span> <span class='ocrx_word' id='word_1_243' title='bbox 1109 4603 1216 4672; x_wconf 81' lang='grc' dir='ltr'>τρόοδοσ</span> <span class='ocrx_word' id='word_1_244' title='bbox 1235 4609 1259 4655; x_wconf 91' lang='lat' dir='ltr'>V</span> <span class='ocrx_word' id='word_1_245' title='bbox 1371 4611 1429 4659; x_wconf 78' lang='lat' dir='ltr'><strong>tert.</strong></span> <span class='ocrx_word' id='word_1_246' title='bbox 1453 4609 1498 4659; x_wconf 85' lang='grc' dir='ltr'>καί</span> <span class='ocrx_word' id='word_1_247' title='bbox 1518 4624 1567 4661; x_wconf 87' lang='lat' dir='ltr'>om.</span> 
     </span>
     <span class='ocr_line' id='line_1_29' title="bbox 202 4685 1567 4761; baseline 0.008 -24"><span class='ocrx_word' id='word_1_248' title='bbox 202 4688 245 4738; x_wconf 79' lang='lat' dir='ltr'>tit.</span> <span class='ocrx_word' id='word_1_249' title='bbox 344 4688 359 4737; x_wconf 81' lang='grc' dir='ltr'>θ</span> <span class='ocrx_word' id='word_1_250' title='bbox 382 4685 419 4754; x_wconf 82' lang='grc' dir='ltr'>εἰη</span> <span class='ocrx_word' id='word_1_251' title='bbox 440 4701 489 4736; x_wconf 87' lang='lat' dir='ltr'>om.</span> <span class='ocrx_word' id='word_1_252' title='bbox 509 4687 548 4737; x_wconf 86' lang='lat' dir='ltr'>tit.</span> <span class='ocrx_word' id='word_1_253' title='bbox 659 4689 684 4738; x_wconf 93' lang='lat' dir='ltr'>ll</span> <span class='ocrx_word' id='word_1_254' title='bbox 717 4688 852 4755; x_wconf 86' lang='grc' dir='ltr'>γινομένοις</span> <span class='ocrx_word' id='word_1_255' title='bbox 876 4689 927 4741; x_wconf 83' lang='grc' dir='ltr'>ἐστι</span> <span class='ocrx_word' id='word_1_256' title='bbox 946 4692 985 4741; x_wconf 78' lang='lat' dir='ltr'>tit.</span> <span class='ocrx_word' id='word_1_257' title='bbox 1096 4692 1126 4742; x_wconf 69' lang='grc' dir='ltr'>Γ.)</span> <span class='ocrx_word' id='word_1_258' title='bbox 1154 4691 1231 4761; x_wconf 87' lang='grc' dir='ltr'>ἄλλης</span> <span class='ocrx_word' id='word_1_259' title='bbox 1249 4690 1341 4752; x_wconf 82' lang='grc' dir='ltr'>λέξεως</span> <span class='ocrx_word' id='word_1_260' title='bbox 1360 4695 1401 4746; x_wconf 79' lang='lat' dir='ltr'>tit..</span> <span class='ocrx_word' id='word_1_261' title='bbox 1421 4696 1494 4760; x_wconf 77' lang='lat' dir='ltr'>(nam</span> <span class='ocrx_word' id='word_1_262' title='bbox 1515 4713 1567 4749; x_wconf 85' lang='lat' dir='ltr'>non</span> 
     </span>
     <span class='ocr_line' id='line_1_30' title="bbox 202 4774 1534 4847; baseline 0.009 -23"><span class='ocrx_word' id='word_1_263' title='bbox 202 4779 287 4833; x_wconf 70' lang='grc' dir='ltr'>εσιιῐο,</span> <span class='ocrx_word' id='word_1_264' title='bbox 307 4774 350 4825; x_wconf 78' lang='lat' dir='ltr'>sed</span> <span class='ocrx_word' id='word_1_265' title='bbox 370 4775 479 4840; x_wconf 83' lang='lat' dir='ltr'>septimo</span> <span class='ocrx_word' id='word_1_266' title='bbox 500 4774 555 4825; x_wconf 78' lang='lat' dir='ltr'>loeo</span> <span class='ocrx_word' id='word_1_267' title='bbox 574 4775 691 4842; x_wconf 74' lang='lat' dir='ltr'>disputat</span> <span class='ocrx_word' id='word_1_268' title='bbox 710 4776 742 4827; x_wconf 79' lang='grc' dir='ltr'>ιίο</span> <span class='ocrx_word' id='word_1_269' title='bbox 762 4777 820 4841; x_wconf 84' lang='lat' dir='ltr'>hoe)</span> <span class='ocrx_word' id='word_1_270' title='bbox 922 4778 952 4828; x_wconf 70' lang='lat'>15&gt;</span> <span class='ocrx_word' id='word_1_271' title='bbox 980 4777 1079 4836; x_wconf 77' lang='grc' dir='ltr'>πλείους</span> <span class='ocrx_word' id='word_1_272' title='bbox 1098 4781 1139 4831; x_wconf 80' lang='lat' dir='ltr'>tit.</span> <span class='ocrx_word' id='word_1_273' title='bbox 1159 4783 1214 4847; x_wconf 51' lang='lat' dir='ltr'>Sp:</span> <span class='ocrx_word' id='word_1_274' title='bbox 1245 4780 1322 4832; x_wconf 76' lang='grc' dir='ltr'>πλείω</span> <span class='ocrx_word' id='word_1_275' title='bbox 1347 4786 1383 4832; x_wconf 86' lang='lat' dir='ltr'>V:</span> <span class='ocrx_word' id='word_1_276' title='bbox 1402 4781 1498 4840; x_wconf 76' lang='grc' dir='ltr'>πλείους</span> <span class='ocrx_word' id='word_1_277' title='bbox 1517 4803 1534 4836; x_wconf 81' lang='grc' dir='ltr'>α</span> 
     </span>
     <span class='ocr_line' id='line_1_31' title="bbox 206 4858 844 4931; baseline 0.006 -20"><span class='ocrx_word' id='word_1_278' title='bbox 206 4861 237 4912; x_wconf 83' lang='grc'>18</span> <span class='ocrx_word' id='word_1_279' title='bbox 254 4879 277 4912; x_wconf 88' lang='grc' dir='ltr'>τι</span> <span class='ocrx_word' id='word_1_280' title='bbox 296 4858 318 4931; x_wconf 74' lang='grc' dir='ltr'><em>ᾦ</em></span> <span class='ocrx_word' id='word_1_281' title='bbox 338 4863 378 4912; x_wconf 85' lang='lat' dir='ltr'>tit.</span> <span class='ocrx_word' id='word_1_282' title='bbox 486 4862 520 4912; x_wconf 73' lang='lat'>20</span> <span class='ocrx_word' id='word_1_283' title='bbox 539 4860 605 4914; x_wconf 84' lang='grc' dir='ltr'>θέσει</span> <span class='ocrx_word' id='word_1_284' title='bbox 624 4865 655 4914; x_wconf 77' lang='grc' dir='ltr'>τὰ</span> <span class='ocrx_word' id='word_1_285' title='bbox 675 4863 784 4931; x_wconf 77' lang='grc' dir='ltr'>ὀνόματα</span> <span class='ocrx_word' id='word_1_286' title='bbox 803 4866 844 4915; x_wconf 75' lang='lat' dir='ltr'>tit.</span> 
     </span>
    </p>
   </div>
   <div class='ocr_carea' id='block_1_6' title="bbox 0 0 1774 5610">
    <p class='ocr_par' dir='ltr' id='par_1_6' title="bbox 0 0 1774 5610">
     <span class='ocr_line' id='line_1_32' title="bbox 0 0 1774 5610; baseline 0 1"><span class='ocrx_word' id='word_1_287' title='bbox 0 0 1774 5610; x_wconf 95' lang='lat' dir='ltr'> </span> 
     </span>
    </p>
   </div>
  </div>
 </body>
</html>
