<?xml version="1.0" encoding="UTF-8"?>
<!DOCTYPE html PUBLIC "-//W3C//DTD XHTML 1.0 Transitional//EN"
    "http://www.w3.org/TR/xhtml1/DTD/xhtml1-transitional.dtd">
<html xmlns="http://www.w3.org/1999/xhtml" xml:lang="en" lang="en">
 <head>
  <title>
</title>
<meta http-equiv="Content-Type" content="text/html;charset=utf-8" />
  <meta name='ocr-system' content='tesseract 3.04.00' />
  <meta name='ocr-capabilities' content='ocr_page ocr_carea ocr_par ocr_line ocrx_word'/>
</head>
<body>
  <div class='ocr_page' id='page_1' title='image "./supplementumari02arisgoog/supplementumari02arisgoog_0401.png"; bbox 0 0 3540 5610; ppageno 0'>
   <div class='ocr_carea' id='block_1_1' title="bbox 208 289 1082 360">
    <p class='ocr_par' dir='ltr' id='par_1_1' title="bbox 208 289 1082 360">
     <span class='ocr_line' id='line_1_1' title="bbox 208 289 1082 360; baseline -0.003 -11"><span class='ocrx_word' id='word_1_1' title='bbox 208 295 251 360; x_wconf 78' lang='lat'><strong>92</strong></span> <span class='ocrx_word' id='word_1_2' title='bbox 696 290 850 349; x_wconf 83' lang='grc' dir='ltr'>ΑΠΟΡΙΩΝ</span> <span class='ocrx_word' id='word_1_3' title='bbox 870 290 931 348; x_wconf 69' lang='lat' dir='ltr'>liii</span> <span class='ocrx_word' id='word_1_4' title='bbox 949 289 1082 348; x_wconf 80' lang='grc' dir='ltr'><strong>ΛΥΣΕΩΝ</strong></span> 
     </span>
    </p>
   </div>
   <div class='ocr_carea' id='block_1_2' title="bbox 262 461 1559 754">
    <p class='ocr_par' dir='ltr' id='par_1_2' title="bbox 262 461 1559 754">
     <span class='ocr_line' id='line_1_2' title="bbox 265 461 1519 548; baseline -0.004 -20"><span class='ocrx_word' id='word_1_5' title='bbox 265 464 356 548; x_wconf 80' lang='grc' dir='ltr'><strong>άλλη,</strong></span> <span class='ocrx_word' id='word_1_6' title='bbox 390 466 480 536; x_wconf 75' lang='grc' dir='ltr'><strong>ἔδειξε</strong></span> <span class='ocrx_word' id='word_1_7' title='bbox 503 467 549 530; x_wconf 80' lang='grc' dir='ltr'><strong>διὰ</strong></span> <span class='ocrx_word' id='word_1_8' title='bbox 576 472 627 529; x_wconf 88' lang='grc' dir='ltr'><strong>τοῦ</strong></span> <span class='ocrx_word' id='word_1_9' title='bbox 655 469 772 534; x_wconf 86' lang='grc' dir='ltr'><strong>πλείους</strong></span> <span class='ocrx_word' id='word_1_10' title='bbox 799 464 919 529; x_wconf 84' lang='grc' dir='ltr'><strong>ἔσεσθαι</strong></span> <span class='ocrx_word' id='word_1_11' title='bbox 942 469 993 528; x_wconf 91' lang='grc' dir='ltr'><strong>τοῦ</strong></span> <span class='ocrx_word' id='word_1_12' title='bbox 1015 464 1105 527; x_wconf 85' lang='grc' dir='ltr'><strong>αῦτοῦ</strong></span> <span class='ocrx_word' id='word_1_13' title='bbox 1127 464 1271 548; x_wconf 78' lang='grc' dir='ltr'><strong>αἰσθητοῦ</strong></span> <span class='ocrx_word' id='word_1_14' title='bbox 1292 463 1460 546; x_wconf 72' lang='grc' dir='ltr'><strong>αἰσθήσεις,</strong></span> <span class='ocrx_word' id='word_1_15' title='bbox 1491 461 1519 524; x_wconf 89' lang='grc' dir='ltr'><strong>εἰ</strong></span> 
     </span>
     <span class='ocr_line' id='line_1_3' title="bbox 262 560 1559 652; baseline 0.002 -23"><span class='ocrx_word' id='word_1_16' title='bbox 262 567 317 651; x_wconf 83' lang='grc' dir='ltr'><strong>γὰρ</strong></span> <span class='ocrx_word' id='word_1_17' title='bbox 350 568 426 652; x_wconf 85' lang='grc' dir='ltr'><strong>άλλη</strong></span> <span class='ocrx_word' id='word_1_18' title='bbox 453 593 494 638; x_wconf 87' lang='grc' dir='ltr'><strong>τις</strong></span> <span class='ocrx_word' id='word_1_19' title='bbox 526 567 620 642; x_wconf 83' lang='grc' dir='ltr'><strong>ἔσται,</strong></span> <span class='ocrx_word' id='word_1_20' title='bbox 653 565 674 652; x_wconf 74' lang='grc' dir='ltr'><strong>ᾗ</strong></span> <span class='ocrx_word' id='word_1_21' title='bbox 706 573 756 631; x_wconf 89' lang='grc' dir='ltr'><strong>τοῦ</strong></span> <span class='ocrx_word' id='word_1_22' title='bbox 788 569 859 651; x_wconf 86' lang='grc' dir='ltr'><strong>ὁρᾶν</strong></span> <span class='ocrx_word' id='word_1_23' title='bbox 893 564 1096 649; x_wconf 72' lang='grc' dir='ltr'><strong>αἰσθανόμεθα</strong></span> <span class='ocrx_word' id='word_1_24' title='bbox 1127 567 1176 629; x_wconf 89' lang='grc' dir='ltr'><strong>καί</strong></span> <span class='ocrx_word' id='word_1_25' title='bbox 1203 567 1243 648; x_wconf 78' lang='grc' dir='ltr'><strong>μὴ</strong></span> <span class='ocrx_word' id='word_1_26' title='bbox 1277 565 1297 647; x_wconf 82' lang='grc' dir='ltr'>ἡ</span> <span class='ocrx_word' id='word_1_27' title='bbox 1329 563 1406 648; x_wconf 76' lang='grc' dir='ltr'><strong>αὐτὴ</strong></span> <span class='ocrx_word' id='word_1_28' title='bbox 1440 560 1559 647; x_wconf 59' lang='grc' dir='ltr'><strong>όψιςςνλυ</strong></span> 
     </span>
     <span class='ocr_line' id='line_1_4' title="bbox 265 665 1518 754; baseline -0.003 -23"><span class='ocrx_word' id='word_1_29' title='bbox 265 665 313 752; x_wconf 75' lang='grc' dir='ltr'><strong>&lt;ήγ&gt;</strong></span> <span class='ocrx_word' id='word_1_30' title='bbox 338 669 470 754; x_wconf 85' lang='grc' dir='ltr'><strong>ὁρῶμεν,</strong></span> <span class='ocrx_word' id='word_1_31' title='bbox 499 668 579 733; x_wconf 86' lang='grc' dir='ltr'><strong>ἔσται</strong></span> <span class='ocrx_word' id='word_1_32' title='bbox 601 672 620 753; x_wconf 84' lang='grc' dir='ltr'><strong>ή</strong></span> <span class='ocrx_word' id='word_1_33' title='bbox 643 674 694 732; x_wconf 87' lang='grc' dir='ltr'><strong>τοῦ</strong></span> <span class='ocrx_word' id='word_1_34' title='bbox 717 672 787 753; x_wconf 93' lang='grc' dir='ltr'><strong>ὁρᾶν</strong></span> <span class='ocrx_word' id='word_1_35' title='bbox 809 667 1006 751; x_wconf 73' lang='grc' dir='ltr'><strong>αἰσθανομένη</strong></span> <span class='ocrx_word' id='word_1_36' title='bbox 1033 668 1095 751; x_wconf 80' lang='grc' dir='ltr'><strong>ἅμα</strong></span> <span class='ocrx_word' id='word_1_37' title='bbox 1122 669 1170 731; x_wconf 85' lang='grc' dir='ltr'><strong>καὶ</strong></span> <span class='ocrx_word' id='word_1_38' title='bbox 1192 668 1360 752; x_wconf 84' lang='grc' dir='ltr'><strong>χρωμάτων</strong></span> <span class='ocrx_word' id='word_1_39' title='bbox 1383 665 1518 728; x_wconf 90' lang='grc' dir='ltr'><strong>αἰσθανο·</strong></span> 
     </span>
    </p>
   </div>
   <div class='ocr_carea' id='block_1_3' title="bbox 206 767 1570 4019">
    <p class='ocr_par' dir='ltr' id='par_1_3' title="bbox 206 767 1570 4019">
     <span class='ocr_line' id='line_1_5' title="bbox 263 767 1515 855; baseline -0.004 -22"><span class='ocrx_word' id='word_1_40' title='bbox 263 770 346 853; x_wconf 89' lang='grc' dir='ltr'><strong>μένη.</strong></span> <span class='ocrx_word' id='word_1_41' title='bbox 387 773 406 854; x_wconf 85' lang='grc' dir='ltr'><strong>ή</strong></span> <span class='ocrx_word' id='word_1_42' title='bbox 429 772 483 855; x_wconf 83' lang='grc' dir='ltr'><strong>γὰρ</strong></span> <span class='ocrx_word' id='word_1_43' title='bbox 505 777 557 855; x_wconf 78' lang='grc' dir='ltr'><strong>τῆς</strong></span> <span class='ocrx_word' id='word_1_44' title='bbox 584 771 726 854; x_wconf 87' lang='grc' dir='ltr'><strong>ἐνεργείας</strong></span> <span class='ocrx_word' id='word_1_45' title='bbox 752 776 805 854; x_wconf 77' lang='grc' dir='ltr'><strong>τῆς</strong></span> <span class='ocrx_word' id='word_1_46' title='bbox 831 771 895 853; x_wconf 87' lang='grc' dir='ltr'><strong>περὶ</strong></span> <span class='ocrx_word' id='word_1_47' title='bbox 921 771 956 832; x_wconf 84' lang='grc' dir='ltr'><strong>τᾶ</strong></span> <span class='ocrx_word' id='word_1_48' title='bbox 983 769 1111 853; x_wconf 83' lang='grc' dir='ltr'><strong>αἰσθητὰ</strong></span> <span class='ocrx_word' id='word_1_49' title='bbox 1139 769 1291 852; x_wconf 73' lang='grc' dir='ltr'><strong>γινομένης</strong></span> <span class='ocrx_word' id='word_1_50' title='bbox 1316 767 1515 849; x_wconf 79' lang='grc' dir='ltr'><strong>αἰσθανομένη</strong></span> 
     </span>
     <span class='ocr_line' id='line_1_6' title="bbox 227 866 1567 958; baseline -0.007 -19"><span class='ocrx_word' id='word_1_51' title='bbox 227 891 242 939; x_wconf 84' lang='grc'>5</span> <span class='ocrx_word' id='word_1_52' title='bbox 261 871 428 936; x_wconf 84' lang='grc' dir='ltr'><strong>αἰσθάνοιτο</strong></span> <span class='ocrx_word' id='word_1_53' title='bbox 440 872 501 957; x_wconf 88' lang='grc' dir='ltr'><strong>&lt;ἀν&gt;</strong></span> <span class='ocrx_word' id='word_1_54' title='bbox 517 877 563 936; x_wconf 82' lang='grc' dir='ltr'><strong>καὶ</strong></span> <span class='ocrx_word' id='word_1_55' title='bbox 590 873 593 958; x_wconf 76' lang='grc' dir='ltr'><strong>ψ</strong></span> <span class='ocrx_word' id='word_1_56' title='bbox 617 874 737 946; x_wconf 84' lang='grc' dir='ltr'><strong>τούτων,</strong></span> <span class='ocrx_word' id='word_1_57' title='bbox 760 874 824 955; x_wconf 84' lang='grc' dir='ltr'><strong>περὶ</strong></span> <span class='ocrx_word' id='word_1_58' title='bbox 847 871 866 934; x_wconf 83' lang='grc' dir='ltr'><em>ἃ</em></span> <span class='ocrx_word' id='word_1_59' title='bbox 888 873 907 955; x_wconf 84' lang='grc' dir='ltr'><strong>ή</strong></span> <span class='ocrx_word' id='word_1_60' title='bbox 931 871 1058 955; x_wconf 84' lang='grc' dir='ltr'><strong>ἐνέργεια</strong></span> <span class='ocrx_word' id='word_1_61' title='bbox 1081 873 1099 954; x_wconf 83' lang='grc' dir='ltr'><strong>ή</strong></span> <span class='ocrx_word' id='word_1_62' title='bbox 1123 870 1196 934; x_wconf 80' lang='grc' dir='ltr'><strong>κατὰ</strong></span> <span class='ocrx_word' id='word_1_63' title='bbox 1218 871 1251 933; x_wconf 91' lang='grc' dir='ltr'><strong>τὸ</strong></span> <span class='ocrx_word' id='word_1_64' title='bbox 1274 870 1355 954; x_wconf 91' lang='grc' dir='ltr'><strong>ὁρᾶν,</strong></span> <span class='ocrx_word' id='word_1_65' title='bbox 1379 866 1440 932; x_wconf 85' lang='grc' dir='ltr'><strong>ἔστι</strong></span> <span class='ocrx_word' id='word_1_66' title='bbox 1463 868 1494 931; x_wconf 83' lang='grc' dir='ltr'><strong>δέ</strong></span> <span class='ocrx_word' id='word_1_67' title='bbox 1518 874 1567 930; x_wconf 79' lang='grc' dir='ltr'><strong>1Ὶὸ</strong></span> 
     </span>
     <span class='ocr_line' id='line_1_7' title="bbox 262 968 1516 1058; baseline -0.004 -22"><span class='ocrx_word' id='word_1_68' title='bbox 262 979 352 1037; x_wconf 87' lang='grc' dir='ltr'><strong>ταῦτα</strong></span> <span class='ocrx_word' id='word_1_69' title='bbox 374 976 410 1037; x_wconf 81' lang='grc' dir='ltr'><strong>τὰ</strong></span> <span class='ocrx_word' id='word_1_70' title='bbox 425 977 579 1058; x_wconf 86' lang='grc' dir='ltr'><strong>χρώματα.</strong></span> <span class='ocrx_word' id='word_1_71' title='bbox 614 974 648 1037; x_wconf 82' lang='grc' dir='ltr'><strong>οὐ</strong></span> <span class='ocrx_word' id='word_1_72' title='bbox 670 975 723 1057; x_wconf 90' lang='grc' dir='ltr'><strong>γάρ</strong></span> <span class='ocrx_word' id='word_1_73' title='bbox 747 974 808 1038; x_wconf 82' lang='grc' dir='ltr'><strong>ἐστι</strong></span> <span class='ocrx_word' id='word_1_74' title='bbox 830 974 862 1035; x_wconf 88' lang='grc' dir='ltr'><strong>τὸ</strong></span> <span class='ocrx_word' id='word_1_75' title='bbox 885 974 955 1057; x_wconf 82' lang='grc' dir='ltr'><strong>ὁρᾶν</strong></span> <span class='ocrx_word' id='word_1_76' title='bbox 978 972 1050 1036; x_wconf 76' lang='grc' dir='ltr'><strong>ἄλλο</strong></span> <span class='ocrx_word' id='word_1_77' title='bbox 1072 996 1098 1035; x_wconf 86' lang='grc' dir='ltr'><strong>τι</strong></span> <span class='ocrx_word' id='word_1_78' title='bbox 1119 973 1139 1055; x_wconf 76' lang='grc' dir='ltr'><strong>ἢ</strong></span> <span class='ocrx_word' id='word_1_79' title='bbox 1160 972 1284 1056; x_wconf 79' lang='grc' dir='ltr'><strong>ἐνεργεῖν</strong></span> <span class='ocrx_word' id='word_1_80' title='bbox 1306 975 1344 1055; x_wconf 73' lang='grc' dir='ltr'><strong>τῇ</strong></span> <span class='ocrx_word' id='word_1_81' title='bbox 1362 968 1428 1055; x_wconf 85' lang='grc' dir='ltr'><strong>ὄψει</strong></span> <span class='ocrx_word' id='word_1_82' title='bbox 1450 971 1516 1052; x_wconf 87' lang='grc' dir='ltr'><strong>περὶ</strong></span> 
     </span>
     <span class='ocr_line' id='line_1_8' title="bbox 263 1071 1517 1160; baseline -0.003 -23"><span class='ocrx_word' id='word_1_83' title='bbox 263 1075 298 1137; x_wconf 81' lang='grc' dir='ltr'><strong>τά</strong></span> <span class='ocrx_word' id='word_1_84' title='bbox 322 1078 422 1158; x_wconf 86' lang='grc' dir='ltr'><strong>ὁρατά,</strong></span> <span class='ocrx_word' id='word_1_85' title='bbox 446 1075 521 1140; x_wconf 77' lang='grc' dir='ltr'><strong>ὥσθ’</strong></span> <span class='ocrx_word' id='word_1_86' title='bbox 542 1079 562 1160; x_wconf 83' lang='grc' dir='ltr'>ἡ</span> <span class='ocrx_word' id='word_1_87' title='bbox 586 1079 636 1140; x_wconf 90' lang='grc' dir='ltr'><strong>τοῦ</strong></span> <span class='ocrx_word' id='word_1_88' title='bbox 659 1077 729 1159; x_wconf 88' lang='grc' dir='ltr'><strong>ὁρᾶν</strong></span> <span class='ocrx_word' id='word_1_89' title='bbox 751 1074 888 1159; x_wconf 77' lang='grc' dir='ltr'><strong>αἴσθησις</strong></span> <span class='ocrx_word' id='word_1_90' title='bbox 909 1073 1046 1158; x_wconf 80' lang='grc' dir='ltr'><strong>αἴσθησίς</strong></span> <span class='ocrx_word' id='word_1_91' title='bbox 1068 1075 1129 1138; x_wconf 88' lang='grc' dir='ltr'><strong>ἑστι</strong></span> <span class='ocrx_word' id='word_1_92' title='bbox 1151 1080 1204 1158; x_wconf 83' lang='grc' dir='ltr'><strong>τῆς</strong></span> <span class='ocrx_word' id='word_1_93' title='bbox 1226 1071 1378 1157; x_wconf 77' lang='grc' dir='ltr'><strong>γινομένης</strong></span> <span class='ocrx_word' id='word_1_94' title='bbox 1400 1072 1517 1156; x_wconf 79' lang='grc' dir='ltr'><strong>περὶτὰ</strong></span> 
     </span>
     <span class='ocr_line' id='line_1_9' title="bbox 263 1173 1560 1262; baseline -0.003 -24"><span class='ocrx_word' id='word_1_95' title='bbox 263 1177 354 1260; x_wconf 82' lang='grc' dir='ltr'><strong>ὁρατά</strong></span> <span class='ocrx_word' id='word_1_96' title='bbox 376 1177 520 1262; x_wconf 89' lang='grc' dir='ltr'><strong>ἐνεργείας</strong></span> <span class='ocrx_word' id='word_1_97' title='bbox 543 1179 598 1241; x_wconf 85' lang='grc' dir='ltr'><strong>ῦπὸ</strong></span> <span class='ocrx_word' id='word_1_98' title='bbox 622 1182 674 1260; x_wconf 81' lang='grc' dir='ltr'><strong>τῆς</strong></span> <span class='ocrx_word' id='word_1_99' title='bbox 697 1179 832 1261; x_wconf 81' lang='grc' dir='ltr'><strong>ὁρατικῆς</strong></span> <span class='ocrx_word' id='word_1_100' title='bbox 860 1177 1037 1258; x_wconf 83' lang='grc' dir='ltr'><strong>αἰσθήσεως.</strong></span> <span class='ocrx_word' id='word_1_101' title='bbox 1083 1175 1140 1261; x_wconf 84' lang='grc' dir='ltr'><strong>οἰιχ</strong></span> <span class='ocrx_word' id='word_1_102' title='bbox 1162 1175 1223 1239; x_wconf 89' lang='grc' dir='ltr'><strong>οἰὸν</strong></span> <span class='ocrx_word' id='word_1_103' title='bbox 1250 1198 1281 1239; x_wconf 90' lang='grc' dir='ltr'><strong>τε</strong></span> <span class='ocrx_word' id='word_1_104' title='bbox 1303 1176 1337 1239; x_wconf 84' lang='grc' dir='ltr'><strong>δέ</strong></span> <span class='ocrx_word' id='word_1_105' title='bbox 1358 1173 1519 1238; x_wconf 84' lang='grc' dir='ltr'><strong>αἰσθέσθαι</strong></span> <span class='ocrx_word' id='word_1_106' title='bbox 1545 1190 1560 1233; x_wconf 73' lang='lat' dir='ltr'>b</span> 
     </span>
     <span class='ocr_line' id='line_1_10' title="bbox 266 1276 1517 1362; baseline 0 -23"><span class='ocrx_word' id='word_1_107' title='bbox 266 1281 319 1359; x_wconf 78' lang='grc' dir='ltr'><strong>τῆς</strong></span> <span class='ocrx_word' id='word_1_108' title='bbox 340 1279 405 1361; x_wconf 83' lang='grc' dir='ltr'><strong>περὶ</strong></span> <span class='ocrx_word' id='word_1_109' title='bbox 427 1281 496 1342; x_wconf 83' lang='grc' dir='ltr'><strong>τάδε</strong></span> <span class='ocrx_word' id='word_1_110' title='bbox 519 1278 582 1342; x_wconf 80' lang='grc' dir='ltr'><strong>τινὰ</strong></span> <span class='ocrx_word' id='word_1_111' title='bbox 605 1279 748 1362; x_wconf 81' lang='grc' dir='ltr'><strong>ἐνεργείας</strong></span> <span class='ocrx_word' id='word_1_112' title='bbox 771 1279 812 1360; x_wconf 81' lang='grc' dir='ltr'><strong>μὴ</strong></span> <span class='ocrx_word' id='word_1_113' title='bbox 836 1280 885 1342; x_wconf 87' lang='grc' dir='ltr'><strong>καί</strong></span> <span class='ocrx_word' id='word_1_114' title='bbox 907 1281 998 1343; x_wconf 86' lang='grc' dir='ltr'><strong>τῶνδε</strong></span> <span class='ocrx_word' id='word_1_115' title='bbox 1020 1276 1242 1360; x_wconf 81' lang='grc' dir='ltr'><strong>αἰσθανόμενον,</strong></span> <span class='ocrx_word' id='word_1_116' title='bbox 1267 1278 1334 1361; x_wconf 84' lang='grc' dir='ltr'><strong>περὶ</strong></span> <span class='ocrx_word' id='word_1_117' title='bbox 1355 1276 1376 1340; x_wconf 80' lang='grc' dir='ltr'><strong><em>ἃ</em></strong></span> <span class='ocrx_word' id='word_1_118' title='bbox 1397 1278 1416 1359; x_wconf 76' lang='grc' dir='ltr'>ἡ</span> <span class='ocrx_word' id='word_1_119' title='bbox 1440 1276 1517 1359; x_wconf 82' lang='grc' dir='ltr'><strong>ἐνέρ</strong></span> 
     </span>
     <span class='ocr_line' id='line_1_11' title="bbox 217 1377 1521 1463; baseline 0 -23"><span class='ocrx_word' id='word_1_120' title='bbox 217 1400 247 1446; x_wconf 85' lang='grc' dir='ltr'><strong>ιο</strong></span> <span class='ocrx_word' id='word_1_121' title='bbox 265 1401 327 1460; x_wconf 86' lang='grc' dir='ltr'><strong>γεια</strong></span> <span class='ocrx_word' id='word_1_122' title='bbox 350 1381 465 1462; x_wconf 86' lang='grc' dir='ltr'><strong>γίνεται.</strong></span> <span class='ocrx_word' id='word_1_123' title='bbox 510 1379 575 1443; x_wconf 85' lang='grc' dir='ltr'><strong>ἀλλ’</strong></span> <span class='ocrx_word' id='word_1_124' title='bbox 604 1382 630 1443; x_wconf 92' lang='grc' dir='ltr'><strong>εἰ</strong></span> <span class='ocrx_word' id='word_1_125' title='bbox 652 1385 746 1455; x_wconf 87' lang='grc' dir='ltr'><strong>τοῦτο,</strong></span> <span class='ocrx_word' id='word_1_126' title='bbox 774 1378 888 1444; x_wconf 83' lang='grc' dir='ltr'><strong>ἔσονται</strong></span> <span class='ocrx_word' id='word_1_127' title='bbox 909 1386 967 1442; x_wconf 87' lang='grc' dir='ltr'><strong>τῶν</strong></span> <span class='ocrx_word' id='word_1_128' title='bbox 990 1380 1140 1461; x_wconf 82' lang='grc' dir='ltr'><strong>αἰσθητῶν</strong></span> <span class='ocrx_word' id='word_1_129' title='bbox 1163 1380 1278 1449; x_wconf 86' lang='grc' dir='ltr'><strong>πλείους</strong></span> <span class='ocrx_word' id='word_1_130' title='bbox 1299 1379 1462 1463; x_wconf 83' lang='grc' dir='ltr'><strong>αἰσθήσεις,</strong></span> <span class='ocrx_word' id='word_1_131' title='bbox 1484 1377 1521 1441; x_wconf 82' lang='grc' dir='ltr'><strong>αἰ</strong></span> 
     </span>
     <span class='ocr_line' id='line_1_12' title="bbox 265 1477 1560 1565; baseline -0.005 -22"><span class='ocrx_word' id='word_1_132' title='bbox 265 1505 295 1543; x_wconf 91' lang='grc' dir='ltr'><strong>τε</strong></span> <span class='ocrx_word' id='word_1_133' title='bbox 322 1481 532 1564; x_wconf 87' lang='grc' dir='ltr'><strong>αἰσθανόμεναι</strong></span> <span class='ocrx_word' id='word_1_134' title='bbox 555 1481 651 1545; x_wconf 80' lang='grc' dir='ltr'><strong>αὐτῶν</strong></span> <span class='ocrx_word' id='word_1_135' title='bbox 679 1483 906 1565; x_wconf 88' lang='grc' dir='ltr'><strong>προηγουμένως</strong></span> <span class='ocrx_word' id='word_1_136' title='bbox 932 1484 980 1545; x_wconf 86' lang='grc' dir='ltr'><strong>καί</strong></span> <span class='ocrx_word' id='word_1_137' title='bbox 1007 1483 1037 1544; x_wconf 83' lang='grc' dir='ltr'><strong>αἱ</strong></span> <span class='ocrx_word' id='word_1_138' title='bbox 1060 1486 1118 1544; x_wconf 92' lang='grc' dir='ltr'><strong>τῶν</strong></span> <span class='ocrx_word' id='word_1_139' title='bbox 1140 1482 1289 1565; x_wconf 79' lang='grc' dir='ltr'><strong>ἐνεργειῶν</strong></span> <span class='ocrx_word' id='word_1_140' title='bbox 1311 1484 1370 1544; x_wconf 90' lang='grc' dir='ltr'><strong>τῶν</strong></span> <span class='ocrx_word' id='word_1_141' title='bbox 1391 1479 1458 1562; x_wconf 85' lang='grc' dir='ltr'><strong>περὶ</strong></span> <span class='ocrx_word' id='word_1_142' title='bbox 1479 1477 1517 1541; x_wconf 84' lang='grc' dir='ltr'><strong>τὰ</strong></span> <span class='ocrx_word' id='word_1_143' title='bbox 1532 1495 1560 1537; x_wconf 90' lang='grc' dir='ltr'><strong>ιο</strong></span> 
     </span>
     <span class='ocr_line' id='line_1_13' title="bbox 263 1579 1517 1666; baseline -0.002 -22"><span class='ocrx_word' id='word_1_144' title='bbox 263 1584 391 1666; x_wconf 80' lang='grc' dir='ltr'><strong>αἰσθητὰ</strong></span> <span class='ocrx_word' id='word_1_145' title='bbox 420 1589 478 1647; x_wconf 86' lang='grc' dir='ltr'><strong>τῶν</strong></span> <span class='ocrx_word' id='word_1_146' title='bbox 505 1584 674 1666; x_wconf 88' lang='grc' dir='ltr'><strong>αἰσθήσεων</strong></span> <span class='ocrx_word' id='word_1_147' title='bbox 701 1582 919 1665; x_wconf 82' lang='grc' dir='ltr'><strong>αἰσθανόμεναι,</strong></span> <span class='ocrx_word' id='word_1_148' title='bbox 965 1587 1050 1646; x_wconf 88' lang='grc' dir='ltr'><strong>τοῦτο</strong></span> <span class='ocrx_word' id='word_1_149' title='bbox 1077 1583 1101 1646; x_wconf 83' lang='grc' dir='ltr'><strong>δ’</strong></span> <span class='ocrx_word' id='word_1_150' title='bbox 1130 1582 1238 1647; x_wconf 83' lang='grc' dir='ltr'><strong>ἄτοπον</strong></span> <span class='ocrx_word' id='word_1_151' title='bbox 1267 1583 1301 1646; x_wconf 82' lang='lat' dir='ltr'><strong>rb</strong></span> <span class='ocrx_word' id='word_1_152' title='bbox 1327 1583 1364 1646; x_wconf 84' lang='grc' dir='ltr'><strong>τὰ</strong></span> <span class='ocrx_word' id='word_1_153' title='bbox 1392 1579 1450 1644; x_wconf 85' lang='grc' dir='ltr'><strong>ίὸια</strong></span> <span class='ocrx_word' id='word_1_154' title='bbox 1474 1581 1517 1643; x_wconf 89' lang='grc' dir='ltr'><strong>αἰ-</strong></span> 
     </span>
     <span class='ocr_line' id='line_1_14' title="bbox 264 1681 1519 1770; baseline -0.001 -24"><span class='ocrx_word' id='word_1_155' title='bbox 264 1685 360 1768; x_wconf 88' lang='grc' dir='ltr'><strong>σθητά</strong></span> <span class='ocrx_word' id='word_1_156' title='bbox 384 1687 493 1769; x_wconf 82' lang='grc' dir='ltr'><strong>ἑκάστη</strong></span> <span class='ocrx_word' id='word_1_157' title='bbox 515 1687 652 1770; x_wconf 80' lang='grc' dir='ltr'><strong>αἰσθήσει</strong></span> <span class='ocrx_word' id='word_1_158' title='bbox 674 1685 802 1748; x_wconf 83' lang='grc' dir='ltr'><strong>πλείοσιν</strong></span> <span class='ocrx_word' id='word_1_159' title='bbox 823 1687 994 1769; x_wconf 90' lang='grc' dir='ltr'><strong>αἰσθήσεσιν</strong></span> <span class='ocrx_word' id='word_1_160' title='bbox 1017 1685 1145 1768; x_wconf 81' lang='grc' dir='ltr'><strong>αἰσθητὰ</strong></span> <span class='ocrx_word' id='word_1_161' title='bbox 1166 1684 1240 1748; x_wconf 88' lang='grc' dir='ltr'><strong>εἰναι</strong></span> <span class='ocrx_word' id='word_1_162' title='bbox 1261 1684 1363 1769; x_wconf 90' lang='grc' dir='ltr'><strong>λέγειν.</strong></span> <span class='ocrx_word' id='word_1_163' title='bbox 1397 1681 1519 1767; x_wconf 80' lang='grc' dir='ltr'><strong>προσέτι</strong></span> 
     </span>
     <span class='ocr_line' id='line_1_15' title="bbox 261 1783 1558 1872; baseline -0.004 -25"><span class='ocrx_word' id='word_1_164' title='bbox 261 1788 341 1848; x_wconf 86' lang='grc' dir='ltr'><strong>τεεί</strong></span> <span class='ocrx_word' id='word_1_165' title='bbox 365 1787 412 1872; x_wconf 85' lang='grc' dir='ltr'><strong>[ή]</strong></span> <span class='ocrx_word' id='word_1_166' title='bbox 435 1786 511 1870; x_wconf 86' lang='grc' dir='ltr'><strong>ἀλλη</strong></span> <span class='ocrx_word' id='word_1_167' title='bbox 535 1787 587 1871; x_wconf 87' lang='grc' dir='ltr'><strong>μέν</strong></span> <span class='ocrx_word' id='word_1_168' title='bbox 610 1787 686 1852; x_wconf 90' lang='grc' dir='ltr'><strong>έστιν</strong></span> <span class='ocrx_word' id='word_1_169' title='bbox 710 1789 730 1869; x_wconf 87' lang='grc' dir='ltr'><strong>ή</strong></span> <span class='ocrx_word' id='word_1_170' title='bbox 751 1786 964 1869; x_wconf 82' lang='grc' dir='ltr'><strong>αἰσθανομένη,</strong></span> <span class='ocrx_word' id='word_1_171' title='bbox 992 1785 1068 1871; x_wconf 86' lang='grc' dir='ltr'><strong>ἀλλη</strong></span> <span class='ocrx_word' id='word_1_172' title='bbox 1095 1788 1127 1851; x_wconf 80' lang='grc' dir='ltr'><strong>δὲ</strong></span> <span class='ocrx_word' id='word_1_173' title='bbox 1151 1785 1219 1851; x_wconf 86' lang='grc' dir='ltr'><strong>καθ’</strong></span> <span class='ocrx_word' id='word_1_174' title='bbox 1248 1787 1283 1871; x_wconf 81' lang='grc' dir='ltr'><strong>ἢν</strong></span> <span class='ocrx_word' id='word_1_175' title='bbox 1310 1783 1517 1866; x_wconf 82' lang='grc' dir='ltr'><strong>αἰσθανόμεθα</strong></span> <span class='ocrx_word' id='word_1_176' title='bbox 1531 1799 1558 1842; x_wconf 77' lang='grc' dir='ltr'><strong>ιι</strong></span> 
     </span>
     <span class='ocr_line' id='line_1_16' title="bbox 212 1886 1517 1972; baseline -0.002 -22"><span class='ocrx_word' id='word_1_177' title='bbox 212 1909 242 1956; x_wconf 79' lang='lat'><strong>15</strong></span> <span class='ocrx_word' id='word_1_178' title='bbox 262 1889 375 1951; x_wconf 77' lang='grc' dir='ltr'><strong>ἑαυτῶν</strong></span> <span class='ocrx_word' id='word_1_179' title='bbox 397 1889 634 1972; x_wconf 85' lang='grc' dir='ltr'><strong>αἰσθανομένων,</strong></span> <span class='ocrx_word' id='word_1_180' title='bbox 663 1888 710 1952; x_wconf 86' lang='grc' dir='ltr'><strong>ἐπ’</strong></span> <span class='ocrx_word' id='word_1_181' title='bbox 738 1888 855 1972; x_wconf 80' lang='grc' dir='ltr'><strong>ἄπειρον</strong></span> <span class='ocrx_word' id='word_1_182' title='bbox 884 1888 1099 1972; x_wconf 83' lang='grc' dir='ltr'><strong>προελεύσεται.</strong></span> <span class='ocrx_word' id='word_1_183' title='bbox 1143 1889 1191 1951; x_wconf 89' lang='grc' dir='ltr'><strong>καί</strong></span> <span class='ocrx_word' id='word_1_184' title='bbox 1212 1886 1267 1971; x_wconf 78' lang='grc' dir='ltr'><strong>γὰρ</strong></span> <span class='ocrx_word' id='word_1_185' title='bbox 1293 1892 1345 1971; x_wconf 76' lang='grc' dir='ltr'><strong>τῆς</strong></span> <span class='ocrx_word' id='word_1_186' title='bbox 1369 1891 1421 1951; x_wconf 89' lang='grc' dir='ltr'><strong>τοῦ</strong></span> <span class='ocrx_word' id='word_1_187' title='bbox 1444 1888 1517 1971; x_wconf 84' lang='grc' dir='ltr'><strong>ὁρᾶν</strong></span> 
     </span>
     <span class='ocr_line' id='line_1_17' title="bbox 261 1989 1518 2076; baseline -0.002 -23"><span class='ocrx_word' id='word_1_188' title='bbox 261 1992 429 2076; x_wconf 83' lang='grc' dir='ltr'><strong>αἰσθήσεως</strong></span> <span class='ocrx_word' id='word_1_189' title='bbox 451 1993 537 2054; x_wconf 90' lang='grc' dir='ltr'><strong>πάλιν</strong></span> <span class='ocrx_word' id='word_1_190' title='bbox 560 1989 640 2055; x_wconf 85' lang='grc' dir='ltr'><strong>ἔσται</strong></span> <span class='ocrx_word' id='word_1_191' title='bbox 665 1991 852 2074; x_wconf 88' lang='grc' dir='ltr'><strong>συναίσθησις</strong></span> <span class='ocrx_word' id='word_1_192' title='bbox 878 1993 949 2074; x_wconf 78' lang='grc' dir='ltr'><strong>ἡμῖν</strong></span> <span class='ocrx_word' id='word_1_193' title='bbox 975 1989 1010 2053; x_wconf 85' lang='grc' dir='ltr'><strong>δι’</strong></span> <span class='ocrx_word' id='word_1_194' title='bbox 1039 1989 1130 2074; x_wconf 77' lang='grc' dir='ltr'><strong>ἄλλης</strong></span> <span class='ocrx_word' id='word_1_195' title='bbox 1156 1991 1231 2059; x_wconf 84' lang='grc' dir='ltr'><strong>τινὸς</strong></span> <span class='ocrx_word' id='word_1_196' title='bbox 1257 1990 1439 2072; x_wconf 83' lang='grc' dir='ltr'><strong>αἰσθήσεως,</strong></span> <span class='ocrx_word' id='word_1_197' title='bbox 1466 1989 1518 2052; x_wconf 89' lang='grc' dir='ltr'><strong>κά·</strong></span> 
     </span>
     <span class='ocr_line' id='line_1_18' title="bbox 260 2091 1560 2178; baseline -0.005 -23"><span class='ocrx_word' id='word_1_198' title='bbox 260 2094 339 2175; x_wconf 87' lang='grc' dir='ltr'><strong>κείνη</strong></span> <span class='ocrx_word' id='word_1_199' title='bbox 367 2094 462 2169; x_wconf 86' lang='grc' dir='ltr'><strong>πάλιν,</strong></span> <span class='ocrx_word' id='word_1_200' title='bbox 491 2092 525 2156; x_wconf 89' lang='grc' dir='ltr'><strong>οῦ</strong></span> <span class='ocrx_word' id='word_1_201' title='bbox 548 2094 746 2178; x_wconf 84' lang='grc' dir='ltr'><strong>αἰσθανομένη</strong></span> <span class='ocrx_word' id='word_1_202' title='bbox 769 2094 921 2176; x_wconf 83' lang='grc' dir='ltr'><strong>ποιεῖτὴν</strong></span> <span class='ocrx_word' id='word_1_203' title='bbox 949 2093 1152 2176; x_wconf 86' lang='grc' dir='ltr'><strong>συναίσθησιν,</strong></span> <span class='ocrx_word' id='word_1_204' title='bbox 1181 2091 1273 2176; x_wconf 81' lang='grc' dir='ltr'><strong>ἀλλην</strong></span> <span class='ocrx_word' id='word_1_205' title='bbox 1299 2092 1363 2155; x_wconf 79' lang='grc' dir='ltr'><strong>τινὰ</strong></span> <span class='ocrx_word' id='word_1_206' title='bbox 1383 2091 1440 2160; x_wconf 81' lang='grc' dir='ltr'><strong>ἐΕει</strong></span> <span class='ocrx_word' id='word_1_207' title='bbox 1461 2092 1517 2174; x_wconf 81' lang='grc' dir='ltr'><strong>τήν</strong></span> <span class='ocrx_word' id='word_1_208' title='bbox 1531 2106 1560 2149; x_wconf 71' lang='grc' dir='ltr'><strong>ω</strong></span> 
     </span>
     <span class='ocr_line' id='line_1_19' title="bbox 262 2193 1519 2280; baseline 0 -24"><span class='ocrx_word' id='word_1_209' title='bbox 262 2194 491 2280; x_wconf 86' lang='grc' dir='ltr'><strong>αἰσθανομένην,</strong></span> <span class='ocrx_word' id='word_1_210' title='bbox 515 2197 562 2259; x_wconf 90' lang='grc' dir='ltr'><strong>καί</strong></span> <span class='ocrx_word' id='word_1_211' title='bbox 585 2193 661 2258; x_wconf 78' lang='grc' dir='ltr'><strong>τοῦτ’</strong></span> <span class='ocrx_word' id='word_1_212' title='bbox 689 2196 731 2264; x_wconf 89' lang='grc' dir='ltr'><strong>εἰς</strong></span> <span class='ocrx_word' id='word_1_213' title='bbox 753 2195 887 2278; x_wconf 84' lang='grc' dir='ltr'><strong>ἄπειρον,</strong></span> <span class='ocrx_word' id='word_1_214' title='bbox 910 2196 1097 2258; x_wconf 84' lang='grc' dir='ltr'><strong>ἀτοπώτατον</strong></span> <span class='ocrx_word' id='word_1_215' title='bbox 1120 2193 1153 2256; x_wconf 79' lang='grc' dir='ltr'><strong>δέ</strong></span> <span class='ocrx_word' id='word_1_216' title='bbox 1175 2198 1269 2258; x_wconf 90' lang='grc' dir='ltr'><strong>τοῦτο.</strong></span> <span class='ocrx_word' id='word_1_217' title='bbox 1314 2194 1519 2258; x_wconf 87' lang='grc' dir='ltr'><strong>καταλείπεται</strong></span> 
     </span>
     <span class='ocr_line' id='line_1_20' title="bbox 264 2294 1518 2380; baseline 0.002 -24"><span class='ocrx_word' id='word_1_218' title='bbox 264 2296 297 2357; x_wconf 89' lang='grc' dir='ltr'><strong>τὸ</strong></span> <span class='ocrx_word' id='word_1_219' title='bbox 320 2302 357 2378; x_wconf 71' lang='grc' dir='ltr'><strong>τῇ</strong></span> <span class='ocrx_word' id='word_1_220' title='bbox 382 2296 458 2380; x_wconf 72' lang='grc' dir='ltr'><strong>αὐτῇ</strong></span> <span class='ocrx_word' id='word_1_221' title='bbox 482 2302 539 2360; x_wconf 91' lang='grc' dir='ltr'><strong>τῶν</strong></span> <span class='ocrx_word' id='word_1_222' title='bbox 562 2321 594 2360; x_wconf 90' lang='grc' dir='ltr'><strong>τε</strong></span> <span class='ocrx_word' id='word_1_223' title='bbox 609 2298 758 2379; x_wconf 91' lang='grc' dir='ltr'><strong>αἰσθητῶν</strong></span> <span class='ocrx_word' id='word_1_224' title='bbox 780 2297 974 2360; x_wconf 91' lang='grc' dir='ltr'><strong>αἰσθάνεσθαι</strong></span> <span class='ocrx_word' id='word_1_225' title='bbox 995 2298 1074 2379; x_wconf 87' lang='grc' dir='ltr'><strong>ήμᾶς</strong></span> <span class='ocrx_word' id='word_1_226' title='bbox 1096 2296 1145 2359; x_wconf 91' lang='grc' dir='ltr'><strong>καί</strong></span> <span class='ocrx_word' id='word_1_227' title='bbox 1167 2299 1219 2379; x_wconf 79' lang='grc' dir='ltr'><strong>τῆς</strong></span> <span class='ocrx_word' id='word_1_228' title='bbox 1241 2297 1307 2380; x_wconf 82' lang='grc' dir='ltr'><strong>περὶ</strong></span> <span class='ocrx_word' id='word_1_229' title='bbox 1329 2295 1365 2359; x_wconf 84' lang='grc' dir='ltr'><strong>τόι</strong></span> <span class='ocrx_word' id='word_1_230' title='bbox 1386 2294 1518 2379; x_wconf 75' lang='grc' dir='ltr'><strong>αἰσθητὰ</strong></span> 
     </span>
     <span class='ocr_line' id='line_1_21' title="bbox 211 2396 1559 2483; baseline -0.004 -20"><span class='ocrx_word' id='word_1_231' title='bbox 211 2418 244 2464; x_wconf 81' lang='lat'><strong>20</strong></span> <span class='ocrx_word' id='word_1_232' title='bbox 264 2398 377 2460; x_wconf 84' lang='grc' dir='ltr'><strong>ἑαυτῶν</strong></span> <span class='ocrx_word' id='word_1_233' title='bbox 400 2400 554 2483; x_wconf 84' lang='grc' dir='ltr'><strong>ἐνεργείας.</strong></span> <span class='ocrx_word' id='word_1_234' title='bbox 592 2397 651 2462; x_wconf 81' lang='grc' dir='ltr'><strong>ἀλλ’</strong></span> <span class='ocrx_word' id='word_1_235' title='bbox 673 2401 699 2461; x_wconf 91' lang='grc' dir='ltr'><strong>εἰ</strong></span> <span class='ocrx_word' id='word_1_236' title='bbox 721 2396 797 2462; x_wconf 81' lang='grc' dir='ltr'><strong>ἔστιν</strong></span> <span class='ocrx_word' id='word_1_237' title='bbox 820 2398 948 2483; x_wconf 89' lang='grc' dir='ltr'><strong>ἐνέργεια</strong></span> <span class='ocrx_word' id='word_1_238' title='bbox 970 2403 1023 2481; x_wconf 78' lang='grc' dir='ltr'><strong>τῆς</strong></span> <span class='ocrx_word' id='word_1_239' title='bbox 1045 2398 1181 2481; x_wconf 79' lang='grc' dir='ltr'><strong>ὁρατικῇς</strong></span> <span class='ocrx_word' id='word_1_240' title='bbox 1204 2399 1355 2480; x_wconf 81' lang='grc' dir='ltr'><strong>δυνάμεως</strong></span> <span class='ocrx_word' id='word_1_241' title='bbox 1377 2399 1409 2461; x_wconf 89' lang='grc' dir='ltr'><strong>τὸ</strong></span> <span class='ocrx_word' id='word_1_242' title='bbox 1434 2398 1518 2481; x_wconf 83' lang='grc' dir='ltr'><strong>ὁρᾶν,</strong></span> <span class='ocrx_word' id='word_1_243' title='bbox 1531 2413 1559 2457; x_wconf 71' lang='grc' dir='ltr'><strong>ει</strong></span> 
     </span>
     <span class='ocr_line' id='line_1_22' title="bbox 260 2498 1514 2585; baseline -0.001 -21"><span class='ocrx_word' id='word_1_244' title='bbox 260 2501 341 2564; x_wconf 88' lang='grc' dir='ltr'><strong>ἔσται</strong></span> <span class='ocrx_word' id='word_1_245' title='bbox 367 2503 385 2584; x_wconf 82' lang='grc' dir='ltr'><strong>ἡ</strong></span> <span class='ocrx_word' id='word_1_246' title='bbox 416 2499 480 2584; x_wconf 88' lang='grc' dir='ltr'><strong>όψις</strong></span> <span class='ocrx_word' id='word_1_247' title='bbox 509 2504 567 2563; x_wconf 90' lang='grc' dir='ltr'><strong>τῶν</strong></span> <span class='ocrx_word' id='word_1_248' title='bbox 595 2524 625 2563; x_wconf 91' lang='grc' dir='ltr'><strong>τε</strong></span> <span class='ocrx_word' id='word_1_249' title='bbox 656 2502 823 2584; x_wconf 86' lang='grc' dir='ltr'><strong>χρωμάτων</strong></span> <span class='ocrx_word' id='word_1_250' title='bbox 855 2499 1123 2584; x_wconf 85' lang='grc' dir='ltr'><strong>ἀντιλαμβανομένη</strong></span> <span class='ocrx_word' id='word_1_251' title='bbox 1155 2501 1202 2563; x_wconf 88' lang='grc' dir='ltr'><strong>καί</strong></span> <span class='ocrx_word' id='word_1_252' title='bbox 1232 2498 1322 2563; x_wconf 83' lang='grc' dir='ltr'><strong>αὐτοῦ</strong></span> <span class='ocrx_word' id='word_1_253' title='bbox 1349 2504 1400 2562; x_wconf 90' lang='grc' dir='ltr'><strong>τοῦ</strong></span> <span class='ocrx_word' id='word_1_254' title='bbox 1431 2500 1514 2585; x_wconf 89' lang='grc' dir='ltr'><strong>ὁρᾶν.</strong></span> 
     </span>
     <span class='ocr_line' id='line_1_23' title="bbox 261 2601 1570 2686; baseline 0.002 -22"><span class='ocrx_word' id='word_1_255' title='bbox 261 2601 321 2664; x_wconf 84' lang='grc' dir='ltr'><strong>ἀλλ’</strong></span> <span class='ocrx_word' id='word_1_256' title='bbox 349 2602 375 2664; x_wconf 94' lang='grc' dir='ltr'><strong>εἰ</strong></span> <span class='ocrx_word' id='word_1_257' title='bbox 404 2601 438 2665; x_wconf 85' lang='grc' dir='ltr'><strong>οῦ</strong></span> <span class='ocrx_word' id='word_1_258' title='bbox 466 2603 541 2666; x_wconf 87' lang='grc' dir='ltr'><strong>ἐστιν</strong></span> <span class='ocrx_word' id='word_1_259' title='bbox 569 2605 588 2686; x_wconf 85' lang='grc' dir='ltr'>ἡ</span> <span class='ocrx_word' id='word_1_260' title='bbox 617 2601 680 2685; x_wconf 88' lang='grc' dir='ltr'><strong>όψις</strong></span> <span class='ocrx_word' id='word_1_261' title='bbox 707 2602 879 2685; x_wconf 85' lang='grc' dir='ltr'><strong>αἰσθητική,</strong></span> <span class='ocrx_word' id='word_1_262' title='bbox 908 2601 987 2663; x_wconf 85' lang='grc' dir='ltr'><strong>τοῦτ’</strong></span> <span class='ocrx_word' id='word_1_263' title='bbox 1015 2602 1126 2684; x_wconf 84' lang='grc' dir='ltr'><strong>ἀνάγκη</strong></span> <span class='ocrx_word' id='word_1_264' title='bbox 1155 2601 1339 2686; x_wconf 87' lang='grc' dir='ltr'><strong>κεχρῶσθαι,</strong></span> <span class='ocrx_word' id='word_1_265' title='bbox 1364 2601 1368 2685; x_wconf 75' lang='grc' dir='ltr'><strong>ψ</strong></span> <span class='ocrx_word' id='word_1_266' title='bbox 1392 2605 1441 2665; x_wconf 88' lang='grc' dir='ltr'><strong>καί</strong></span> <span class='ocrx_word' id='word_1_267' title='bbox 1463 2604 1498 2666; x_wconf 81' lang='grc' dir='ltr'><strong>τὸ</strong></span> <span class='ocrx_word' id='word_1_268' title='bbox 1522 2609 1570 2667; x_wconf 72' lang='grc' dir='ltr'><strong>Ιίθ</strong></span> 
     </span>
     <span class='ocr_line' id='line_1_24' title="bbox 261 2702 1518 2788; baseline 0.001 -21"><span class='ocrx_word' id='word_1_269' title='bbox 261 2706 345 2787; x_wconf 85' lang='grc' dir='ltr'><strong>ὁρᾶν,</strong></span> <span class='ocrx_word' id='word_1_270' title='bbox 374 2705 400 2765; x_wconf 90' lang='grc' dir='ltr'><strong>εἰ</strong></span> <span class='ocrx_word' id='word_1_271' title='bbox 428 2702 503 2768; x_wconf 86' lang='grc' dir='ltr'><strong>ἔστιν</strong></span> <span class='ocrx_word' id='word_1_272' title='bbox 527 2703 629 2788; x_wconf 89' lang='grc' dir='ltr'><strong>ὁρατόν</strong></span> <span class='ocrx_word' id='word_1_273' title='bbox 658 2727 695 2777; x_wconf 87' lang='grc' dir='ltr'><strong>τι,</strong></span> <span class='ocrx_word' id='word_1_274' title='bbox 729 2703 944 2788; x_wconf 88' lang='grc' dir='ltr'><strong>κεχρωσμένον.</strong></span> <span class='ocrx_word' id='word_1_275' title='bbox 989 2707 1107 2787; x_wconf 84' lang='grc' dir='ltr'><strong>πρώτην</strong></span> <span class='ocrx_word' id='word_1_276' title='bbox 1133 2704 1211 2766; x_wconf 91' lang='grc' dir='ltr'><strong>λόων</strong></span> <span class='ocrx_word' id='word_1_277' title='bbox 1244 2704 1367 2788; x_wconf 82' lang='grc' dir='ltr'><strong>ἀπορίαν</strong></span> <span class='ocrx_word' id='word_1_278' title='bbox 1400 2710 1518 2788; x_wconf 90' lang='grc' dir='ltr'><strong>πρῶτον</strong></span> 
     </span>
     <span class='ocr_line' id='line_1_25' title="bbox 260 2806 1517 2892; baseline 0.002 -25"><span class='ocrx_word' id='word_1_279' title='bbox 260 2807 311 2886; x_wconf 85' lang='grc' dir='ltr'><strong>μὲν</strong></span> <span class='ocrx_word' id='word_1_280' title='bbox 335 2807 482 2890; x_wconf 88' lang='grc' dir='ltr'><strong>ἐχρήσατο</strong></span> <span class='ocrx_word' id='word_1_281' title='bbox 505 2812 548 2891; x_wconf 73' lang='grc' dir='ltr'><strong>τῷ</strong></span> <span class='ocrx_word' id='word_1_282' title='bbox 572 2808 624 2889; x_wconf 82' lang='grc' dir='ltr'><strong>τήν</strong></span> <span class='ocrx_word' id='word_1_283' title='bbox 650 2806 713 2891; x_wconf 87' lang='grc' dir='ltr'><strong>ὄψιν</strong></span> <span class='ocrx_word' id='word_1_284' title='bbox 737 2809 778 2891; x_wconf 77' lang='grc' dir='ltr'><strong>μὴ</strong></span> <span class='ocrx_word' id='word_1_285' title='bbox 803 2806 889 2888; x_wconf 91' lang='grc' dir='ltr'><strong>μόνον</strong></span> <span class='ocrx_word' id='word_1_286' title='bbox 916 2808 1082 2890; x_wconf 88' lang='grc' dir='ltr'><strong>χρωμάτων</strong></span> <span class='ocrx_word' id='word_1_287' title='bbox 1107 2807 1124 2888; x_wconf 79' lang='grc' dir='ltr'><strong>ᾖ</strong></span> <span class='ocrx_word' id='word_1_288' title='bbox 1148 2806 1363 2892; x_wconf 83' lang='grc' dir='ltr'><strong>κεχρωσμένων</strong></span> <span class='ocrx_word' id='word_1_289' title='bbox 1385 2807 1517 2889; x_wconf 86' lang='grc' dir='ltr'><strong>αἰσθητι·</strong></span> 
     </span>
     <span class='ocr_line' id='line_1_26' title="bbox 206 2907 1560 2997; baseline -0.004 -24"><span class='ocrx_word' id='word_1_290' title='bbox 206 2928 239 2975; x_wconf 79' lang='lat'><strong>25</strong></span> <span class='ocrx_word' id='word_1_291' title='bbox 258 2910 312 2990; x_wconf 78' lang='grc' dir='ltr'><strong>κην</strong></span> <span class='ocrx_word' id='word_1_292' title='bbox 335 2908 422 2983; x_wconf 87' lang='grc' dir='ltr'><strong>εἰναι,</strong></span> <span class='ocrx_word' id='word_1_293' title='bbox 453 2908 527 2971; x_wconf 84' lang='grc' dir='ltr'><strong>ἀλλὰ</strong></span> <span class='ocrx_word' id='word_1_294' title='bbox 550 2909 598 2970; x_wconf 87' lang='grc' dir='ltr'><strong>καί</strong></span> <span class='ocrx_word' id='word_1_295' title='bbox 624 2914 677 2991; x_wconf 83' lang='grc' dir='ltr'><strong>τῆς</strong></span> <span class='ocrx_word' id='word_1_296' title='bbox 699 2912 864 2994; x_wconf 87' lang='grc' dir='ltr'><strong>στερήσεως</strong></span> <span class='ocrx_word' id='word_1_297' title='bbox 894 2907 1000 2971; x_wconf 83' lang='grc' dir='ltr'><strong>αὐτῶν.</strong></span> <span class='ocrx_word' id='word_1_298' title='bbox 1045 2908 1169 2993; x_wconf 82' lang='grc' dir='ltr'><strong>ἐδείχθη</strong></span> <span class='ocrx_word' id='word_1_299' title='bbox 1191 2908 1246 2993; x_wconf 78' lang='grc' dir='ltr'><strong>γάρ</strong></span> <span class='ocrx_word' id='word_1_300' title='bbox 1274 2912 1355 2997; x_wconf 79' lang='grc' dir='ltr'><strong>πᾶσα</strong></span> <span class='ocrx_word' id='word_1_301' title='bbox 1377 2908 1517 2993; x_wconf 83' lang='grc' dir='ltr'><strong>αἴσθησις</strong></span> <span class='ocrx_word' id='word_1_302' title='bbox 1544 2926 1560 2968; x_wconf 80' lang='grc' dir='ltr'><strong>ε</strong></span> 
     </span>
     <span class='ocr_line' id='line_1_27' title="bbox 260 3008 1516 3096; baseline 0.003 -24"><span class='ocrx_word' id='word_1_303' title='bbox 260 3010 459 3094; x_wconf 87' lang='grc' dir='ltr'><strong>αἰσθανομένη</strong></span> <span class='ocrx_word' id='word_1_304' title='bbox 482 3011 530 3072; x_wconf 81' lang='grc' dir='ltr'><strong>καί</strong></span> <span class='ocrx_word' id='word_1_305' title='bbox 553 3015 605 3093; x_wconf 83' lang='grc' dir='ltr'><strong>τής</strong></span> <span class='ocrx_word' id='word_1_306' title='bbox 621 3013 784 3094; x_wconf 86' lang='grc' dir='ltr'><strong>στερήσεως</strong></span> <span class='ocrx_word' id='word_1_307' title='bbox 807 3014 864 3073; x_wconf 87' lang='grc' dir='ltr'><strong>τῶν</strong></span> <span class='ocrx_word' id='word_1_308' title='bbox 887 3011 1037 3094; x_wconf 88' lang='grc' dir='ltr'><strong>αἰσθητῶν</strong></span> <span class='ocrx_word' id='word_1_309' title='bbox 1060 3035 1079 3094; x_wconf 95' lang='grc' dir='ltr'><strong>η</strong></span> <span class='ocrx_word' id='word_1_310' title='bbox 1101 3011 1186 3094; x_wconf 82' lang='grc' dir='ltr'><strong>αὐτή.</strong></span> <span class='ocrx_word' id='word_1_311' title='bbox 1224 3015 1262 3095; x_wconf 76' lang='grc' dir='ltr'><strong>πή</strong></span> <span class='ocrx_word' id='word_1_312' title='bbox 1286 3015 1354 3093; x_wconf 93' lang='grc' dir='ltr'><strong>γοῦν</strong></span> <span class='ocrx_word' id='word_1_313' title='bbox 1377 3008 1443 3096; x_wconf 85' lang='grc' dir='ltr'><strong>ὄψει</strong></span> <span class='ocrx_word' id='word_1_314' title='bbox 1466 3013 1516 3076; x_wconf 86' lang='grc' dir='ltr'><strong>καί</strong></span> 
     </span>
     <span class='ocr_line' id='line_1_28' title="bbox 258 3109 1515 3198; baseline 0.003 -24"><span class='ocrx_word' id='word_1_315' title='bbox 258 3113 355 3197; x_wconf 82' lang='grc' dir='ltr'><strong>ψωτὸς</strong></span> <span class='ocrx_word' id='word_1_316' title='bbox 382 3112 430 3174; x_wconf 88' lang='grc' dir='ltr'><strong>καὶ</strong></span> <span class='ocrx_word' id='word_1_317' title='bbox 456 3109 576 3180; x_wconf 85' lang='grc' dir='ltr'><strong>σκότους</strong></span> <span class='ocrx_word' id='word_1_318' title='bbox 602 3110 815 3193; x_wconf 88' lang='grc' dir='ltr'><strong>αἰσθανόμεθα.</strong></span> <span class='ocrx_word' id='word_1_319' title='bbox 861 3114 995 3198; x_wconf 84' lang='grc' dir='ltr'><strong>δεύτερον</strong></span> <span class='ocrx_word' id='word_1_320' title='bbox 1023 3111 1141 3198; x_wconf 82' lang='grc' dir='ltr'><strong>ἔλαβεν,</strong></span> <span class='ocrx_word' id='word_1_321' title='bbox 1173 3112 1217 3176; x_wconf 88' lang='grc' dir='ltr'><strong>ότι</strong></span> <span class='ocrx_word' id='word_1_322' title='bbox 1244 3115 1292 3177; x_wconf 95' lang='grc' dir='ltr'><strong>καί</strong></span> <span class='ocrx_word' id='word_1_323' title='bbox 1318 3114 1351 3177; x_wconf 85' lang='grc' dir='ltr'><strong>τὸ</strong></span> <span class='ocrx_word' id='word_1_324' title='bbox 1373 3114 1445 3197; x_wconf 88' lang='grc' dir='ltr'><strong>ὁρᾶν</strong></span> <span class='ocrx_word' id='word_1_325' title='bbox 1469 3114 1515 3178; x_wconf 82' lang='grc' dir='ltr'><strong>κέ·</strong></span> 
     </span>
     <span class='ocr_line' id='line_1_29' title="bbox 259 3212 1559 3299; baseline 0 -24"><span class='ocrx_word' id='word_1_326' title='bbox 259 3219 389 3298; x_wconf 86' lang='grc' dir='ltr'><strong>χρωσταί</strong></span> <span class='ocrx_word' id='word_1_327' title='bbox 412 3236 489 3289; x_wconf 87' lang='grc' dir='ltr'><strong>πως,</strong></span> <span class='ocrx_word' id='word_1_328' title='bbox 517 3212 598 3295; x_wconf 81' lang='grc' dir='ltr'><strong>εἴγε</strong></span> <span class='ocrx_word' id='word_1_329' title='bbox 624 3214 657 3275; x_wconf 92' lang='grc' dir='ltr'><strong>τὸ</strong></span> <span class='ocrx_word' id='word_1_330' title='bbox 681 3214 750 3297; x_wconf 90' lang='grc' dir='ltr'><strong>ὁρᾶν</strong></span> <span class='ocrx_word' id='word_1_331' title='bbox 773 3214 879 3296; x_wconf 89' lang='grc' dir='ltr'><strong>γίνεται</strong></span> <span class='ocrx_word' id='word_1_332' title='bbox 905 3219 956 3279; x_wconf 88' lang='grc' dir='ltr'><strong>τοῦ</strong></span> <span class='ocrx_word' id='word_1_333' title='bbox 982 3216 1174 3299; x_wconf 90' lang='grc' dir='ltr'><strong>αἰσθητηρίου</strong></span> <span class='ocrx_word' id='word_1_334' title='bbox 1201 3216 1358 3299; x_wconf 78' lang='grc' dir='ltr'><strong>δεξαμένου</strong></span> <span class='ocrx_word' id='word_1_335' title='bbox 1380 3217 1414 3278; x_wconf 88' lang='grc' dir='ltr'><strong>τὸ</strong></span> <span class='ocrx_word' id='word_1_336' title='bbox 1436 3215 1516 3287; x_wconf 84' lang='grc' dir='ltr'><strong>εἶδος</strong></span> <span class='ocrx_word' id='word_1_337' title='bbox 1530 3232 1559 3276; x_wconf 85' lang='grc' dir='ltr'><strong>ιο</strong></span> 
     </span>
     <span class='ocr_line' id='line_1_30' title="bbox 259 3315 1514 3403; baseline 0.005 -26"><span class='ocrx_word' id='word_1_338' title='bbox 259 3320 310 3377; x_wconf 84' lang='grc' dir='ltr'><strong>τοῦ</strong></span> <span class='ocrx_word' id='word_1_339' title='bbox 333 3316 476 3399; x_wconf 88' lang='grc' dir='ltr'><strong>αἰσθητοῦ</strong></span> <span class='ocrx_word' id='word_1_340' title='bbox 498 3316 591 3399; x_wconf 85' lang='grc' dir='ltr'><strong>χωρὶς</strong></span> <span class='ocrx_word' id='word_1_341' title='bbox 612 3319 665 3398; x_wconf 85' lang='grc' dir='ltr'><strong>τής</strong></span> <span class='ocrx_word' id='word_1_342' title='bbox 681 3315 752 3398; x_wconf 86' lang='grc' dir='ltr'><strong>ῦλης</strong></span> <span class='ocrx_word' id='word_1_343' title='bbox 773 3321 826 3400; x_wconf 76' lang='grc' dir='ltr'><strong>τῆς</strong></span> <span class='ocrx_word' id='word_1_344' title='bbox 841 3317 1032 3401; x_wconf 83' lang='grc' dir='ltr'><strong>ὑποκειμένης</strong></span> <span class='ocrx_word' id='word_1_345' title='bbox 1054 3317 1149 3402; x_wconf 77' lang='grc' dir='ltr'><strong>αθτιγῖ,</strong></span> <span class='ocrx_word' id='word_1_346' title='bbox 1171 3316 1206 3381; x_wconf 87' lang='grc' dir='ltr'><strong>οῦ</strong></span> <span class='ocrx_word' id='word_1_347' title='bbox 1223 3322 1344 3403; x_wconf 87' lang='grc' dir='ltr'><strong>σημεῖον</strong></span> <span class='ocrx_word' id='word_1_348' title='bbox 1366 3318 1514 3403; x_wconf 87' lang='grc' dir='ltr'><strong>παρέθετο</strong></span> 
     </span>
     <span class='ocr_line' id='line_1_31' title="bbox 206 3417 1515 3504; baseline 0.002 -22"><span class='ocrx_word' id='word_1_349' title='bbox 206 3438 240 3486; x_wconf 88' lang='lat'><strong>30</strong></span> <span class='ocrx_word' id='word_1_350' title='bbox 259 3420 397 3487; x_wconf 86' lang='grc' dir='ltr'><strong>πολλάκις</strong></span> <span class='ocrx_word' id='word_1_351' title='bbox 412 3417 600 3481; x_wconf 89' lang='grc' dir='ltr'><strong>ἀπελθόντων</strong></span> <span class='ocrx_word' id='word_1_352' title='bbox 623 3422 681 3479; x_wconf 91' lang='grc' dir='ltr'><strong>τῶν</strong></span> <span class='ocrx_word' id='word_1_353' title='bbox 698 3419 854 3501; x_wconf 86' lang='grc' dir='ltr'><strong>ὁρωμένων</strong></span> <span class='ocrx_word' id='word_1_354' title='bbox 877 3418 919 3482; x_wconf 84' lang='grc' dir='ltr'><strong>ἔτι</strong></span> <span class='ocrx_word' id='word_1_355' title='bbox 939 3419 970 3482; x_wconf 86' lang='grc' dir='ltr'><strong>ἐν</strong></span> <span class='ocrx_word' id='word_1_356' title='bbox 992 3425 1055 3488; x_wconf 82' lang='grc' dir='ltr'><strong>ταῖς</strong></span> <span class='ocrx_word' id='word_1_357' title='bbox 1069 3421 1243 3504; x_wconf 87' lang='grc' dir='ltr'><strong>αἰσθήσεσιν</strong></span> <span class='ocrx_word' id='word_1_358' title='bbox 1260 3419 1413 3503; x_wconf 82' lang='grc' dir='ltr'><strong>ὑπομένειν</strong></span> <span class='ocrx_word' id='word_1_359' title='bbox 1435 3423 1515 3491; x_wconf 82' lang='grc' dir='ltr'><strong>τινὰς</strong></span> 
     </span>
     <span class='ocr_line' id='line_1_32' title="bbox 259 3519 1512 3608; baseline 0.003 -25"><span class='ocrx_word' id='word_1_360' title='bbox 259 3519 355 3584; x_wconf 80' lang='grc' dir='ltr'><strong>αὐτῶν</strong></span> <span class='ocrx_word' id='word_1_361' title='bbox 378 3520 531 3601; x_wconf 83' lang='grc' dir='ltr'><strong>αἰσθήσεις</strong></span> <span class='ocrx_word' id='word_1_362' title='bbox 553 3543 584 3581; x_wconf 90' lang='grc' dir='ltr'><strong>τε</strong></span> <span class='ocrx_word' id='word_1_363' title='bbox 606 3521 655 3583; x_wconf 86' lang='grc' dir='ltr'><strong>καὶ</strong></span> <span class='ocrx_word' id='word_1_364' title='bbox 670 3521 836 3604; x_wconf 84' lang='grc' dir='ltr'><strong>φαντασίας.</strong></span> <span class='ocrx_word' id='word_1_365' title='bbox 871 3519 950 3585; x_wconf 84' lang='grc' dir='ltr'><strong>ταῦτ’</strong></span> <span class='ocrx_word' id='word_1_366' title='bbox 971 3521 1061 3584; x_wconf 83' lang='grc' dir='ltr'><strong>εἰπὼν</strong></span> <span class='ocrx_word' id='word_1_367' title='bbox 1084 3521 1124 3590; x_wconf 90' lang='grc' dir='ltr'><strong>εἰς</strong></span> <span class='ocrx_word' id='word_1_368' title='bbox 1140 3522 1220 3585; x_wconf 89' lang='grc' dir='ltr'><strong>λόσιν</strong></span> <span class='ocrx_word' id='word_1_369' title='bbox 1242 3527 1300 3585; x_wconf 88' lang='grc' dir='ltr'><strong>τῶν</strong></span> <span class='ocrx_word' id='word_1_370' title='bbox 1315 3523 1512 3608; x_wconf 78' lang='grc' dir='ltr'><strong>ἠπορημένων</strong></span> 
     </span>
     <span class='ocr_line' id='line_1_33' title="bbox 257 3621 1558 3709; baseline -0.001 -24"><span class='ocrx_word' id='word_1_371' title='bbox 257 3623 304 3685; x_wconf 86' lang='grc' dir='ltr'><strong>διὰ</strong></span> <span class='ocrx_word' id='word_1_372' title='bbox 319 3626 376 3685; x_wconf 91' lang='grc' dir='ltr'><strong>τῶν</strong></span> <span class='ocrx_word' id='word_1_373' title='bbox 392 3622 458 3705; x_wconf 77' lang='grc' dir='ltr'><strong>ἑίής</strong></span> <span class='ocrx_word' id='word_1_374' title='bbox 482 3621 643 3707; x_wconf 88' lang='grc' dir='ltr'><strong>[ἐχρήσατο</strong></span> <span class='ocrx_word' id='word_1_375' title='bbox 666 3623 707 3691; x_wconf 89' lang='grc' dir='ltr'><strong>εἰς</strong></span> <span class='ocrx_word' id='word_1_376' title='bbox 729 3622 808 3686; x_wconf 88' lang='grc' dir='ltr'><strong>λόσιν</strong></span> <span class='ocrx_word' id='word_1_377' title='bbox 825 3627 876 3706; x_wconf 78' lang='grc' dir='ltr'><strong>τῆς</strong></span> <span class='ocrx_word' id='word_1_378' title='bbox 892 3622 1038 3708; x_wconf 87' lang='grc' dir='ltr'><strong>ἀπυρίας],</strong></span> <span class='ocrx_word' id='word_1_379' title='bbox 1063 3623 1106 3687; x_wconf 85' lang='grc' dir='ltr'><strong>ὁτι</strong></span> <span class='ocrx_word' id='word_1_380' title='bbox 1121 3624 1226 3706; x_wconf 88' lang='grc' dir='ltr'><strong>γίνεται</strong></span> <span class='ocrx_word' id='word_1_381' title='bbox 1247 3626 1376 3695; x_wconf 88' lang='grc' dir='ltr'><strong>καὶπῶς</strong></span> <span class='ocrx_word' id='word_1_382' title='bbox 1395 3627 1513 3709; x_wconf 87' lang='grc' dir='ltr'><strong>γίνεται,</strong></span> <span class='ocrx_word' id='word_1_383' title='bbox 1529 3643 1558 3685; x_wconf 79' lang='grc' dir='ltr'><strong>ιε</strong></span> 
     </span>
     <span class='ocr_line' id='line_1_34' title="bbox 259 3724 1513 3812; baseline 0.004 -25"><span class='ocrx_word' id='word_1_384' title='bbox 259 3724 407 3787; x_wconf 86' lang='grc' dir='ltr'><strong>δείκνυσιν.</strong></span> <span class='ocrx_word' id='word_1_385' title='bbox 453 3724 529 3805; x_wconf 85' lang='grc' dir='ltr'><strong>λέγει</strong></span> <span class='ocrx_word' id='word_1_386' title='bbox 552 3725 604 3807; x_wconf 81' lang='grc' dir='ltr'><strong>τὴν</strong></span> <span class='ocrx_word' id='word_1_387' title='bbox 626 3730 677 3787; x_wconf 86' lang='grc' dir='ltr'><strong>τοῦ</strong></span> <span class='ocrx_word' id='word_1_388' title='bbox 701 3726 842 3809; x_wconf 83' lang='grc' dir='ltr'><strong>αἰσθητοῦ</strong></span> <span class='ocrx_word' id='word_1_389' title='bbox 866 3725 1011 3809; x_wconf 83' lang='grc' dir='ltr'><strong>ἐνέργειαν</strong></span> <span class='ocrx_word' id='word_1_390' title='bbox 1034 3728 1082 3789; x_wconf 88' lang='grc' dir='ltr'><strong>καί</strong></span> <span class='ocrx_word' id='word_1_391' title='bbox 1105 3728 1157 3810; x_wconf 80' lang='grc' dir='ltr'><strong>τὴν</strong></span> <span class='ocrx_word' id='word_1_392' title='bbox 1180 3732 1232 3811; x_wconf 79' lang='grc' dir='ltr'><strong>τῆς</strong></span> <span class='ocrx_word' id='word_1_393' title='bbox 1254 3728 1423 3812; x_wconf 87' lang='grc' dir='ltr'><strong>αἰσθήσεως</strong></span> <span class='ocrx_word' id='word_1_394' title='bbox 1445 3730 1513 3810; x_wconf 85' lang='grc' dir='ltr'><strong>μίαν</strong></span> 
     </span>
     <span class='ocr_line' id='line_1_35' title="bbox 257 3824 1512 3914; baseline 0.004 -26"><span class='ocrx_word' id='word_1_395' title='bbox 257 3826 329 3889; x_wconf 89' lang='grc' dir='ltr'><strong>εἰναι</strong></span> <span class='ocrx_word' id='word_1_396' title='bbox 356 3825 431 3889; x_wconf 82' lang='grc' dir='ltr'><strong>κατὰ</strong></span> <span class='ocrx_word' id='word_1_397' title='bbox 457 3825 613 3908; x_wconf 86' lang='grc' dir='ltr'><strong>τὸνλόγον</strong></span> <span class='ocrx_word' id='word_1_398' title='bbox 642 3827 728 3908; x_wconf 91' lang='grc' dir='ltr'><strong>μόνον</strong></span> <span class='ocrx_word' id='word_1_399' title='bbox 755 3824 960 3911; x_wconf 80' lang='grc' dir='ltr'><strong>διαφερούσας,</strong></span> <span class='ocrx_word' id='word_1_400' title='bbox 990 3826 1034 3890; x_wconf 89' lang='grc' dir='ltr'><strong>ότι</strong></span> <span class='ocrx_word' id='word_1_401' title='bbox 1062 3833 1100 3910; x_wconf 71' lang='grc' dir='ltr'><strong>τῇ</strong></span> <span class='ocrx_word' id='word_1_402' title='bbox 1129 3828 1181 3911; x_wconf 78' lang='grc' dir='ltr'><strong>μέν</strong></span> <span class='ocrx_word' id='word_1_403' title='bbox 1208 3827 1273 3892; x_wconf 80' lang='grc' dir='ltr'><strong>κατ’</strong></span> <span class='ocrx_word' id='word_1_404' title='bbox 1299 3829 1443 3914; x_wconf 84' lang='grc' dir='ltr'><strong>ἐνέργειαν</strong></span> <span class='ocrx_word' id='word_1_405' title='bbox 1470 3830 1512 3895; x_wconf 84' lang='grc' dir='ltr'><strong>αἰ·</strong></span> 
     </span>
     <span class='ocr_line' id='line_1_36' title="bbox 211 3926 1558 4019; baseline 0.002 -28"><span class='ocrx_word' id='word_1_406' title='bbox 211 3949 246 3998; x_wconf 82' lang='lat'><strong>³5</strong></span> <span class='ocrx_word' id='word_1_407' title='bbox 265 3931 370 4011; x_wconf 85' lang='grc' dir='ltr'><strong>σθήσει</strong></span> <span class='ocrx_word' id='word_1_408' title='bbox 391 3928 424 3989; x_wconf 88' lang='grc' dir='ltr'><strong>τὸ</strong></span> <span class='ocrx_word' id='word_1_409' title='bbox 447 3928 522 3991; x_wconf 90' lang='grc' dir='ltr'><strong>εἰναί</strong></span> <span class='ocrx_word' id='word_1_410' title='bbox 541 3927 616 3991; x_wconf 87' lang='grc' dir='ltr'><strong>ἐστιν</strong></span> <span class='ocrx_word' id='word_1_411' title='bbox 639 3929 670 3990; x_wconf 89' lang='grc' dir='ltr'><strong>ἐν</strong></span> <span class='ocrx_word' id='word_1_412' title='bbox 686 3932 730 4012; x_wconf 78' lang='grc' dir='ltr'><strong>τιγῑ</strong></span> <span class='ocrx_word' id='word_1_413' title='bbox 752 3926 830 4013; x_wconf 79' lang='grc' dir='ltr'><strong>ἔχειν</strong></span> <span class='ocrx_word' id='word_1_414' title='bbox 853 3931 886 3993; x_wconf 90' lang='grc' dir='ltr'><strong>τὸ</strong></span> <span class='ocrx_word' id='word_1_415' title='bbox 909 3929 986 3999; x_wconf 87' lang='grc' dir='ltr'><strong>εἰὸυς</strong></span> <span class='ocrx_word' id='word_1_416' title='bbox 1007 3935 1058 3993; x_wconf 85' lang='grc' dir='ltr'><strong>τοῦ</strong></span> <span class='ocrx_word' id='word_1_417' title='bbox 1077 3930 1221 4015; x_wconf 89' lang='grc' dir='ltr'><strong>αἰσθητοῦ</strong></span> <span class='ocrx_word' id='word_1_418' title='bbox 1243 3932 1336 4015; x_wconf 78' lang='grc' dir='ltr'><strong>χωρὶς</strong></span> <span class='ocrx_word' id='word_1_419' title='bbox 1356 3937 1409 4017; x_wconf 80' lang='grc' dir='ltr'><strong>τῆς</strong></span> <span class='ocrx_word' id='word_1_420' title='bbox 1430 3934 1512 4019; x_wconf 76' lang='grc' dir='ltr'><strong>ὕλης,</strong></span> <span class='ocrx_word' id='word_1_421' title='bbox 1527 3950 1558 3993; x_wconf 79' lang='grc' dir='ltr'><strong>ετ</strong></span> 
     </span>
    </p>
   </div>
   <div class='ocr_carea' id='block_1_4' title="bbox 202 4165 1570 4935">
    <p class='ocr_par' dir='ltr' id='par_1_4' title="bbox 203 4165 1570 4500">
     <span class='ocr_line' id='line_1_37' title="bbox 204 4165 1570 4244; baseline 0.007 -28"><span class='ocrx_word' id='word_1_422' title='bbox 204 4165 296 4236; x_wconf 76' lang='grc' dir='ltr'><strong>θγὸρ]</strong></span> <span class='ocrx_word' id='word_1_423' title='bbox 316 4165 417 4217; x_wconf 80' lang='lat' dir='ltr'>cilnd.</span> <span class='ocrx_word' id='word_1_424' title='bbox 488 4166 552 4236; x_wconf 84' lang='grc' dir='ltr'><strong>ἄλλη</strong></span> <span class='ocrx_word' id='word_1_425' title='bbox 572 4167 608 4226; x_wconf 85' lang='grc' dir='ltr'><strong>τίς</strong></span> <span class='ocrx_word' id='word_1_426' title='bbox 626 4169 671 4234; x_wconf 86' lang='lat' dir='ltr'><strong>Sp.</strong></span> <span class='ocrx_word' id='word_1_427' title='bbox 743 4169 786 4219; x_wconf 86' lang='grc' dir='ltr'><strong>καί</strong></span> <span class='ocrx_word' id='word_1_428' title='bbox 805 4167 854 4221; x_wconf 84' lang='lat' dir='ltr'><strong>G²:</strong></span> <span class='ocrx_word' id='word_1_429' title='bbox 874 4167 896 4218; x_wconf 82' lang='grc' dir='ltr'><strong>εἰ</strong></span> <span class='ocrx_word' id='word_1_430' title='bbox 914 4166 974 4220; x_wconf 81' lang='lat' dir='ltr'><strong>libri</strong></span> <span class='ocrx_word' id='word_1_431' title='bbox 1045 4166 1157 4237; x_wconf 81' lang='grc' dir='ltr'><strong>ήαίιτὴ]</strong></span> <span class='ocrx_word' id='word_1_432' title='bbox 1177 4167 1242 4239; x_wconf 80' lang='grc' dir='ltr'><strong>αῦτη</strong></span> <span class='ocrx_word' id='word_1_433' title='bbox 1260 4170 1276 4239; x_wconf 80' lang='grc' dir='ltr'>ἠ</span> <span class='ocrx_word' id='word_1_434' title='bbox 1295 4173 1379 4226; x_wconf 64' lang='lat' dir='ltr'>Fosi</span> <span class='ocrx_word' id='word_1_435' title='bbox 1397 4171 1441 4239; x_wconf 81' lang='lat' dir='ltr'><strong>Sp.</strong></span> <span class='ocrx_word' id='word_1_436' title='bbox 1513 4171 1570 4244; x_wconf 65' lang='grc' dir='ltr'><strong>3η</strong></span> 
     </span>
     <span class='ocr_line' id='line_1_38' title="bbox 203 4250 1570 4327; baseline 0.006 -22"><span class='ocrx_word' id='word_1_437' title='bbox 203 4253 262 4305; x_wconf 81' lang='lat' dir='ltr'><strong>add.</strong></span> <span class='ocrx_word' id='word_1_438' title='bbox 278 4254 344 4304; x_wconf 86' lang='lat' dir='ltr'>vict.</span> <span class='ocrx_word' id='word_1_439' title='bbox 410 4252 427 4302; x_wconf 87' lang='grc'>4</span> <span class='ocrx_word' id='word_1_440' title='bbox 445 4251 473 4322; x_wconf 79' lang='grc' dir='ltr'><strong>η]</strong></span> <span class='ocrx_word' id='word_1_441' title='bbox 492 4255 536 4305; x_wconf 85' lang='grc' dir='ltr'><strong>καὶ</strong></span> <span class='ocrx_word' id='word_1_442' title='bbox 549 4255 614 4306; x_wconf 78' lang='lat' dir='ltr'>vict.</span> <span class='ocrx_word' id='word_1_443' title='bbox 625 4253 669 4322; x_wconf 83' lang='lat' dir='ltr'><strong>Sp.</strong></span> <span class='ocrx_word' id='word_1_444' title='bbox 733 4256 758 4306; x_wconf 80' lang='lat'><strong>4.</strong></span> <span class='ocrx_word' id='word_1_445' title='bbox 772 4254 788 4306; x_wconf 82' lang='grc' dir='ltr'><strong>θ</strong></span> <span class='ocrx_word' id='word_1_446' title='bbox 808 4250 975 4323; x_wconf 81' lang='grc' dir='ltr'><strong>αἰσθανομένη</strong></span> <span class='ocrx_word' id='word_1_447' title='bbox 989 4252 1205 4308; x_wconf 77' lang='grc' dir='ltr'><strong>αἰσθάνοιτολίἰτί.</strong></span> <span class='ocrx_word' id='word_1_448' title='bbox 1218 4255 1275 4324; x_wconf 53' lang='lat' dir='ltr'><strong>Spa</strong></span> <span class='ocrx_word' id='word_1_449' title='bbox 1289 4256 1466 4327; x_wconf 76' lang='grc' dir='ltr'><strong>αἰσθανόμενοι</strong></span> <span class='ocrx_word' id='word_1_450' title='bbox 1478 4257 1570 4313; x_wconf 81' lang='grc' dir='ltr'><strong>αἰσθά·</strong></span> 
     </span>
     <span class='ocr_line' id='line_1_39' title="bbox 203 4339 1568 4416; baseline 0.008 -26"><span class='ocrx_word' id='word_1_451' title='bbox 203 4357 284 4392; x_wconf 87' lang='grc' dir='ltr'><strong>νοιντο</strong></span> <span class='ocrx_word' id='word_1_452' title='bbox 304 4339 361 4391; x_wconf 84' lang='lat' dir='ltr'>libri</span> <span class='ocrx_word' id='word_1_453' title='bbox 424 4339 561 4393; x_wconf 80' lang='grc' dir='ltr'><strong>ὃᾶνοόιί.</strong></span> <span class='ocrx_word' id='word_1_454' title='bbox 575 4342 619 4409; x_wconf 82' lang='lat' dir='ltr'><strong>Sp.</strong></span> <span class='ocrx_word' id='word_1_455' title='bbox 684 4339 859 4408; x_wconf 82' lang='grc' dir='ltr'><strong>θαίσθέσθαι]</strong></span> <span class='ocrx_word' id='word_1_456' title='bbox 880 4346 1049 4408; x_wconf 75' lang='lat' dir='ltr'>pr.08.v.V</span> <span class='ocrx_word' id='word_1_457' title='bbox 1113 4343 1300 4413; x_wconf 74' lang='grc' dir='ltr'><strong>θεῶνὸεθρ.ι</strong></span> <span class='ocrx_word' id='word_1_458' title='bbox 1319 4346 1384 4416; x_wconf 81' lang='grc' dir='ltr'><strong>τῷθι</strong></span> <span class='ocrx_word' id='word_1_459' title='bbox 1403 4347 1464 4401; x_wconf 80' lang='lat' dir='ltr'>libri</span> <span class='ocrx_word' id='word_1_460' title='bbox 1529 4349 1568 4401; x_wconf 87' lang='grc' dir='ltr'><strong>αἰ·</strong></span> 
     </span>
     <span class='ocr_line' id='line_1_40' title="bbox 203 4424 1494 4500; baseline 0.006 -22"><span class='ocrx_word' id='word_1_461' title='bbox 203 4424 355 4494; x_wconf 85' lang='grc' dir='ltr'><strong>σθανόμινυν</strong></span> <span class='ocrx_word' id='word_1_462' title='bbox 375 4426 517 4479; x_wconf 82' lang='lat' dir='ltr'>Schwartz:</span> <span class='ocrx_word' id='word_1_463' title='bbox 536 4427 711 4496; x_wconf 85' lang='grc' dir='ltr'><strong>αἰσθανόμενοι</strong></span> <span class='ocrx_word' id='word_1_464' title='bbox 729 4429 789 4481; x_wconf 88' lang='lat' dir='ltr'>libri</span> <span class='ocrx_word' id='word_1_465' title='bbox 863 4427 902 4479; x_wconf 89' lang='lat'><strong>10.</strong></span> <span class='ocrx_word' id='word_1_466' title='bbox 919 4430 947 4478; x_wconf 90' lang='lat' dir='ltr'>il</span> <span class='ocrx_word' id='word_1_467' title='bbox 969 4428 996 4480; x_wconf 83' lang='grc' dir='ltr'><strong>αἰ</strong></span> <span class='ocrx_word' id='word_1_468' title='bbox 1011 4447 1038 4481; x_wconf 84' lang='grc' dir='ltr'><strong>τι</strong></span> <span class='ocrx_word' id='word_1_469' title='bbox 1057 4430 1164 4497; x_wconf 85' lang='lat' dir='ltr'>scripsi:</span> <span class='ocrx_word' id='word_1_470' title='bbox 1184 4429 1258 4483; x_wconf 84' lang='grc' dir='ltr'><strong>αὗται</strong></span> <span class='ocrx_word' id='word_1_471' title='bbox 1276 4431 1336 4485; x_wconf 89' lang='lat' dir='ltr'>libri</span> <span class='ocrx_word' id='word_1_472' title='bbox 1355 4434 1439 4499; x_wconf 87' lang='grc' dir='ltr'><strong>(αυται</strong></span> <span class='ocrx_word' id='word_1_473' title='bbox 1459 4435 1494 4500; x_wconf 90' lang='lat' dir='ltr'><strong>V)</strong></span> 
     </span>
    </p>

    <p class='ocr_par' dir='ltr' id='par_1_5' title="bbox 202 4513 1569 4935">
     <span class='ocr_line' id='line_1_41' title="bbox 207 4513 1542 4588; baseline 0.007 -24"><span class='ocrx_word' id='word_1_474' title='bbox 207 4515 245 4565; x_wconf 93' lang='lat' dir='ltr'><strong>ll.</strong></span> <span class='ocrx_word' id='word_1_475' title='bbox 261 4514 291 4565; x_wconf 70' lang='lat'><strong>12</strong></span> <span class='ocrx_word' id='word_1_476' title='bbox 304 4515 434 4578; x_wconf 84' lang='grc' dir='ltr'><strong>τά-πῶν]</strong></span> <span class='ocrx_word' id='word_1_477' title='bbox 444 4514 476 4565; x_wconf 82' lang='grc' dir='ltr'><strong>τὰ</strong></span> <span class='ocrx_word' id='word_1_478' title='bbox 488 4513 563 4584; x_wconf 89' lang='grc' dir='ltr'><strong>αἰσθη</strong></span> <span class='ocrx_word' id='word_1_479' title='bbox 577 4526 603 4567; x_wconf 80' lang='grc' dir='ltr'><strong>ει</strong></span> <span class='ocrx_word' id='word_1_480' title='bbox 615 4521 667 4567; x_wconf 85' lang='grc' dir='ltr'><strong>τῶν</strong></span> <span class='ocrx_word' id='word_1_481' title='bbox 681 4517 708 4567; x_wconf 91' lang='lat' dir='ltr'>in</span> <span class='ocrx_word' id='word_1_482' title='bbox 722 4517 760 4567; x_wconf 87' lang='lat' dir='ltr'>lit.</span> <span class='ocrx_word' id='word_1_483' title='bbox 772 4520 794 4564; x_wconf 93' lang='lat' dir='ltr'>V</span> <span class='ocrx_word' id='word_1_484' title='bbox 853 4516 883 4565; x_wconf 85' lang='lat'><strong>14</strong></span> <span class='ocrx_word' id='word_1_485' title='bbox 896 4516 918 4566; x_wconf 85' lang='grc' dir='ltr'><strong>εἰ</strong></span> <span class='ocrx_word' id='word_1_486' title='bbox 928 4515 985 4582; x_wconf 86' lang='lat' dir='ltr'>Sp.:</span> <span class='ocrx_word' id='word_1_487' title='bbox 1000 4516 1020 4568; x_wconf 89' lang='grc' dir='ltr'><strong>εἰ</strong></span> <span class='ocrx_word' id='word_1_488' title='bbox 1033 4518 1089 4585; x_wconf 59' lang='lat' dir='ltr'><strong>bv:</strong></span> <span class='ocrx_word' id='word_1_489' title='bbox 1103 4516 1141 4586; x_wconf 86' lang='grc' dir='ltr'><strong>εἰη</strong></span> <span class='ocrx_word' id='word_1_490' title='bbox 1151 4519 1187 4569; x_wconf 73' lang='lat' dir='ltr'><strong>Sa</strong></span> <span class='ocrx_word' id='word_1_491' title='bbox 1242 4517 1273 4569; x_wconf 82' lang='lat' dir='ltr'>l&#39;i</span> <span class='ocrx_word' id='word_1_492' title='bbox 1287 4517 1336 4579; x_wconf 79' lang='grc' dir='ltr'><strong>ἰξιι</strong></span> <span class='ocrx_word' id='word_1_493' title='bbox 1345 4520 1402 4588; x_wconf 83' lang='lat' dir='ltr'>sp.:</span> <span class='ocrx_word' id='word_1_494' title='bbox 1415 4518 1464 4580; x_wconf 76' lang='grc' dir='ltr'><strong>ἰξιν</strong></span> <span class='ocrx_word' id='word_1_495' title='bbox 1478 4522 1542 4574; x_wconf 85' lang='lat' dir='ltr'>iibri</span> 
     </span>
     <span class='ocr_line' id='line_1_42' title="bbox 205 4601 1569 4678; baseline 0.007 -27"><span class='ocrx_word' id='word_1_496' title='bbox 205 4601 236 4652; x_wconf 88' lang='lat'><strong>18</strong></span> <span class='ocrx_word' id='word_1_497' title='bbox 249 4606 308 4668; x_wconf 85' lang='lat' dir='ltr'><strong>post</strong></span> <span class='ocrx_word' id='word_1_498' title='bbox 318 4605 394 4652; x_wconf 81' lang='grc' dir='ltr'><strong>τοῦτο</strong></span> <span class='ocrx_word' id='word_1_499' title='bbox 408 4602 568 4667; x_wconf 79' lang='lat' dir='ltr'>interpunxi.</span> <span class='ocrx_word' id='word_1_500' title='bbox 589 4602 744 4670; x_wconf 76' lang='lat' dir='ltr'>Spengeiius</span> <span class='ocrx_word' id='word_1_501' title='bbox 758 4610 816 4669; x_wconf 88' lang='lat' dir='ltr'>post</span> <span class='ocrx_word' id='word_1_502' title='bbox 830 4601 931 4671; x_wconf 80' lang='grc' dir='ltr'><strong>ἄπειρον</strong></span> <span class='ocrx_word' id='word_1_503' title='bbox 999 4603 1027 4653; x_wconf 84' lang='grc'><strong>19</strong></span> <span class='ocrx_word' id='word_1_504' title='bbox 1042 4603 1085 4654; x_wconf 73' lang='grc' dir='ltr'><strong>οὖν</strong></span> <span class='ocrx_word' id='word_1_505' title='bbox 1097 4604 1126 4655; x_wconf 87' lang='grc' dir='ltr'><strong>τὸ</strong></span> <span class='ocrx_word' id='word_1_506' title='bbox 1137 4607 1181 4657; x_wconf 83' lang='lat' dir='ltr'><strong>GF</strong></span> <span class='ocrx_word' id='word_1_507' title='bbox 1242 4606 1275 4676; x_wconf 68' lang='grc' dir='ltr'><strong>τη</strong></span> <span class='ocrx_word' id='word_1_508' title='bbox 1287 4605 1411 4676; x_wconf 67' lang='grc' dir='ltr'><strong>αἰτήθμα</strong></span> <span class='ocrx_word' id='word_1_509' title='bbox 1424 4607 1472 4676; x_wconf 82' lang='grc' dir='ltr'><strong>τὴν</strong></span> <span class='ocrx_word' id='word_1_510' title='bbox 1484 4607 1569 4678; x_wconf 77' lang='grc' dir='ltr'><strong>αότην</strong></span> 
     </span>
     <span class='ocr_line' id='line_1_43' title="bbox 202 4686 1569 4765; baseline 0.007 -28"><span class='ocrx_word' id='word_1_511' title='bbox 202 4687 262 4739; x_wconf 86' lang='lat' dir='ltr'>iibri</span> <span class='ocrx_word' id='word_1_512' title='bbox 317 4686 350 4738; x_wconf 72' lang='lat'><strong>22</strong></span> <span class='ocrx_word' id='word_1_513' title='bbox 369 4689 411 4739; x_wconf 80' lang='grc' dir='ltr'><strong>καὶ</strong></span> <span class='ocrx_word' id='word_1_514' title='bbox 430 4686 526 4755; x_wconf 58' lang='lat' dir='ltr'>tisri:</span> <span class='ocrx_word' id='word_1_515' title='bbox 545 4706 572 4740; x_wconf 84' lang='grc' dir='ltr'><strong>τε</strong></span> <span class='ocrx_word' id='word_1_516' title='bbox 592 4688 708 4740; x_wconf 61' lang='lat' dir='ltr'>trilibri</span> <span class='ocrx_word' id='word_1_517' title='bbox 770 4688 803 4739; x_wconf 72' lang='lat'><strong>23</strong></span> <span class='ocrx_word' id='word_1_518' title='bbox 823 4707 845 4740; x_wconf 86' lang='grc' dir='ltr'><strong>τι</strong></span> <span class='ocrx_word' id='word_1_519' title='bbox 864 4691 970 4755; x_wconf 81' lang='lat' dir='ltr'>scripsi:</span> <span class='ocrx_word' id='word_1_520' title='bbox 990 4690 1236 4758; x_wconf 75' lang='grc' dir='ltr'><strong>τὸἰίὁιίιέσταιὸρ.</strong></span> <span class='ocrx_word' id='word_1_521' title='bbox 1301 4692 1447 4762; x_wconf 68' lang='grc' dir='ltr'><strong>θέτηῖὸρα</strong></span> <span class='ocrx_word' id='word_1_522' title='bbox 1467 4696 1569 4765; x_wconf 74' lang='grc' dir='ltr'><strong>τῇτῶν</strong></span> 
     </span>
     <span class='ocr_line' id='line_1_44' title="bbox 202 4773 1569 4852; baseline 0.007 -27"><span class='ocrx_word' id='word_1_523' title='bbox 202 4774 262 4826; x_wconf 83' lang='grc' dir='ltr'><strong>ἰίθιί</strong></span> <span class='ocrx_word' id='word_1_524' title='bbox 316 4773 629 4845; x_wconf 75' lang='grc' dir='ltr'><strong>θί.28κέγρωσταί8ρ.ι</strong></span> <span class='ocrx_word' id='word_1_525' title='bbox 647 4774 864 4846; x_wconf 80' lang='grc' dir='ltr'><strong>κεχρῶσθαιίίὸιί</strong></span> <span class='ocrx_word' id='word_1_526' title='bbox 920 4778 955 4827; x_wconf 82' lang='lat'><strong>30</strong></span> <span class='ocrx_word' id='word_1_527' title='bbox 972 4776 1128 4829; x_wconf 76' lang='grc' dir='ltr'><strong>πολλακισν</strong></span> <span class='ocrx_word' id='word_1_528' title='bbox 1183 4778 1216 4831; x_wconf 77' lang='lat'><strong>32</strong></span> <span class='ocrx_word' id='word_1_529' title='bbox 1235 4779 1569 4852; x_wconf 83' lang='grc' dir='ltr'><strong>ἰχρήσατο-ᾶπορίαςοίι·</strong></span> 
     </span>
     <span class='ocr_line' id='line_1_45' title="bbox 202 4860 1533 4935; baseline 0.008 -24"><span class='ocrx_word' id='word_1_530' title='bbox 202 4861 355 4928; x_wconf 86' lang='lat' dir='ltr'>cumscripsi</span> <span class='ocrx_word' id='word_1_531' title='bbox 428 4861 461 4913; x_wconf 89' lang='lat'><strong>33</strong></span> <span class='ocrx_word' id='word_1_532' title='bbox 480 4860 615 4930; x_wconf 82' lang='grc' dir='ltr'><strong>δείκνυσιν]</strong></span> <span class='ocrx_word' id='word_1_533' title='bbox 634 4879 647 4911; x_wconf 89' lang='grc' dir='ltr'><strong>ν</strong></span> <span class='ocrx_word' id='word_1_534' title='bbox 667 4863 695 4913; x_wconf 87' lang='lat' dir='ltr'>in</span> <span class='ocrx_word' id='word_1_535' title='bbox 713 4862 786 4914; x_wconf 71' lang='grc' dir='ltr'><strong>θον</strong></span> <span class='ocrx_word' id='word_1_536' title='bbox 854 4863 887 4914; x_wconf 79' lang='grc'><strong>34</strong></span> <span class='ocrx_word' id='word_1_537' title='bbox 906 4862 1071 4935; x_wconf 78' lang='grc' dir='ltr'><strong>διαφέρουσαν</strong></span> <span class='ocrx_word' id='word_1_538' title='bbox 1086 4867 1154 4917; x_wconf 86' lang='lat' dir='ltr'>coni.</span> <span class='ocrx_word' id='word_1_539' title='bbox 1166 4865 1210 4934; x_wconf 88' lang='lat' dir='ltr'><strong>Sp.</strong></span> <span class='ocrx_word' id='word_1_540' title='bbox 1273 4866 1307 4920; x_wconf 84' lang='grc'><strong>35</strong></span> <span class='ocrx_word' id='word_1_541' title='bbox 1326 4867 1387 4920; x_wconf 83' lang='grc' dir='ltr'><strong>εἰναι</strong></span> <span class='ocrx_word' id='word_1_542' title='bbox 1400 4867 1533 4922; x_wconf 73' lang='lat' dir='ltr'>deiviri.</span> 
     </span>
    </p>
   </div>
   <div class='ocr_carea' id='block_1_5' title="bbox 0 0 1774 5610">
    <p class='ocr_par' dir='ltr' id='par_1_6' title="bbox 0 0 1774 5610">
     <span class='ocr_line' id='line_1_46' title="bbox 0 0 1774 5610; baseline 0 2"><span class='ocrx_word' id='word_1_543' title='bbox 0 0 1774 5610; x_wconf 95' lang='lat' dir='ltr'><strong> </strong></span> 
     </span>
    </p>
   </div>
  </div>
 </body>
</html>
