3540 5610
696 304 848 364 ΑΠΟΡΙΩΝ
868 305 930 362 ΚΑΙ
948 304 1081 363 Artabri

264 480 336 562 πρὸς
359 483 481 565 θάτερον
507 487 565 544 τῶν
588 481 722 545 ἐναντίων
745 480 965 565 ἐπιτηδειότητα
992 478 1069 565 ἔχει,
1098 480 1129 549 ἐξ
1152 480 1278 563 ἀνάγκης
1299 484 1347 544 καὶ
1370 483 1442 565 πρδς
1465 481 1516 543 θά-

264 605 361 665 τερον·
394 585 555 665 συνεισάγει
576 583 630 666 γὰρ
653 585 672 666 η
696 583 821 668 θατέρου
844 583 962 667 δόναμις
984 585 1035 666 τὴν
1058 583 1196 668 θατέρου.
1240 585 1260 667 ἡ
1283 583 1357 668 αὐτὴ
1381 583 1430 648 οὖν
1452 585 1514 646 ἀντὶ
1541 600 1556 641 ε

263 689 314 747 τοῦ
342 685 401 767 ἴση.
452 691 494 771 τῷ
522 685 577 770 γὰρ
604 687 637 748 τδ
664 686 782 768 δόναμίν
809 709 883 755 τινος
909 685 979 771 ἔχον
1008 685 1130 768 μηδέπω
1164 686 1215 768 μέν
1243 684 1316 749 εἶναι
1342 686 1373 749 ἐν
1399 686 1514 770 ἐκείνῳ,

263 788 403 852 δόναοθαι
431 789 464 851 δέ
487 791 674 874 μεταβάλλειν
702 791 743 858 εἰς
764 790 834 853 αὐτὸ
862 791 894 853 τδ
919 788 978 874 [δέ]
1002 790 1181 873 μεταβάλλον
1209 788 1252 858 είς
1273 813 1299 852 τι
1326 789 1356 860 ἐξ
1383 789 1513 852 ἐναντίου

228 893 338 960 5τινδς
360 891 442 977 αὐτῷ
467 893 649 978 μεταβάλλει.
688 893 735 955 καὶ
758 893 812 977 γὰρ
835 894 867 956 τδ
892 892 996 976 μεταξὺ
1019 892 1146 955 ἐναντίαν
1169 893 1215 956 ἀεὶ
1238 897 1281 976 τῷ
1304 893 1337 956 τδ
1360 894 1400 962 εἰς
1423 894 1558 956 tila-1⁰

264 995 358 1058 αντίον
382 998 434 1059 τινὶ
458 997 645 1080 μεταβάλλειν
669 997 774 1078 μέλλον
797 996 891 1081 ἐντῷ
915 996 1035 1080 ἐναντίῳ
1058 994 1147 1058 αὐτοῦ
1169 994 1256 1059 εἶναι·
1279 996 1314 1059 ἐκ
1336 997 1438 1060 τοότου
1459 995 1515 1079 γὰρ

261 1101 280 1182 ἡ
305 1099 461 1184 μεταβολή.
507 1101 539 1162 τὸ
563 1097 588 1161 δ’
617 1097 648 1162 ὃν
676 1096 706 1161 έν
729 1122 781 1162 τινι
809 1099 856 1162 καὶ
880 1099 1046 1183 ἀποβάλλον
1073 1097 1158 1172 αδτό,
1186 1102 1228 1168 ὡς
1256 1098 1396 1184 δέχεσθαι
1424 1097 1514 1161 αδτοῡ

262 1203 295 1265 τδ
318 1203 459 1277 ἐναντίον,
487 1202 533 1284 [η]
558 1201 731 1286 ἀμφοτέρων
754 1203 872 1284 δύναμιν
894 1199 959 1287 ἔχει
981 1207 1022 1285 τῷ
1047 1202 1184 1285 ἑκάτερον
1206 1200 1303 1265 αὐτῶν
1325 1201 1403 1286 παρὰ
1427 1201 1517 1286 μέρος
1531 1217 1557 1259 1⁸

260 1305 393 1390 κατέχειν
422 1306 470 1368 καὶ
498 1305 673 1389 ἀποβαλλειν
703 1304 854 1368 δόναοθαι.
903 1309 945 1389 τῷ
975 1302 1025 1367 οὖν
1053 1307 1229 1388 ουνειοάγειν
1255 1306 1308 1388 τὴν
1335 1309 1385 1368 τοῦ
1413 1305 1515 1389 ἐτέρου

212 1429 244 1474 ιο
262 1409 381 1491 δύναμιν
403 1409 451 1471 καὶ
474 1409 526 1489 τὴν
542 1406 678 1490 θατέρου,
700 1407 794 1492 τοότιμ
817 1406 927 1491 labri,
950 1407 1068 1490 δόναμις
1090 1414 1149 1471 τῶν
1165 1408 1300 1471 ἐναντίων
1322 1406 1445 1490 λέγεται.
1479 1408 1514 1469 τδ

261 1512 293 1574 δὲ
316 1515 372 1594 πῦρ
395 1510 489 1574 οὐκέτι
512 1514 563 1573 τοῦ
586 1514 699 1594 ψυχροῦ
723 1509 841 1591 δύναμιν
864 1507 929 1595 ἔχει
951 1511 1061 1594 θερμόν
1085 1508 1131 1587 όν,
1155 1509 1199 1574 ότι
1221 1511 1297 1593 μηδὲ
1318 1512 1428 1594 θερμὸν
1451 1508 1515 1573 οἶόν

260 1638 292 1677 τε
307 1616 427 1696 δυνάμει
449 1613 523 1676 εἶναί
537 1612 603 1675 τότε
618 1617 675 1697 πῦρ
691 1610 750 1697 [τε]
767 1612 798 1676 δν
813 1612 836 1695 †
851 1612 926 1675 ἀλλὰ
942 1615 961 1695 ἡ
978 1613 1106 1696 ἐνεργείᾳ
1129 1617 1267 1678 τοιοῦτον.
1311 1613 1360 1676 καὶ
1382 1614 1514 1676 καθόλου
1528 1628 1557 1670 ¹⁰

261 1718 370 1801 ἀληθὲς
384 1718 417 1780 τδ
434 1716 467 1780 οὖ
484 1739 524 1784 τις
546 1716 664 1799 δύναμιν
680 1714 754 1801 ἔχει,
777 1717 879 1779 τοότου
896 1717 1035 1780 δύνασθαι
1059 1717 1107 1779 καὶ
1129 1718 1161 1780 τδ
1177 1716 1380 1798 ἀντικείμενον.
1415 1715 1434 1799 ἢ
1457 1716 1514 1802 γάρ

260 1821 290 1890 ἐξ
312 1822 439 1903 ἀνάγκης
465 1821 496 1883 ἐν
523 1820 604 1903 αὐτῷ
628 1816 709 1882 ἔσται
736 1821 783 1882 καὶ
806 1819 840 1882 οδ
863 1821 1015 1903 δυνήσεται
1044 1817 1086 1882 ἔτι
1109 1819 1195 1895 αὐτό,
1224 1821 1251 1883 εί
1276 1819 1394 1884 δύναται
1414 1823 1512 1896 τοῦτο,

210 1944 240 1992 15
259 1924 411 2007 δυνήσεται
438 1923 508 1987 αὐτὸ
536 1923 601 1986 τότε
626 1919 630 2007 l
656 1924 696 2006 μὴ
723 1920 802 2008 ἐχειν
829 1922 900 1986 αότδ
928 1923 1047 2005 δύναμιν
1076 1922 1143 1992 ἕξει.
1188 1924 1215 1986 εί
1236 1923 1268 1987 δέ
1296 1923 1328 1986 τδ
1356 1924 1397 2005 μὴ
1420 1920 1500 2008 ἔχειν
1524 1929 1568 1985 112

259 2030 412 2092 ἀντίκειται
441 2031 484 2112 τῷ
512 2025 606 2111 ἔχειν,
638 2028 671 2089 τδ
698 2027 818 2103 δύναμιν
845 2024 914 2111 ἔχον
942 2028 1017 2095 τινὸς
1048 2027 1096 2089 κα1
1122 2031 1174 2089 τοῦ
1200 2026 1396 2108 ἀντικειμένου
1427 2025 1510 2109 αὐτῷ

260 2132 377 2212 δύναμιν
400 2128 474 2215 ἔχει.
513 2129 567 2192 οὐκ
588 2131 699 2213 ἀνάγκη
723 2131 755 2192 δέ
777 2134 835 2192 τῶν
858 2130 992 2192 ἐναντίων
1016 2131 1063 2192 καὶ
1087 2129 1138 2198 τὰς
1160 2132 1294 2213 δυνάμεις
1315 2131 1445 2198 ἐναντίας
1466 2128 1512 2191 λέ·

258 2257 325 2315 γειν.
371 2233 407 2295 τό
430 2233 482 2314 μὲν
504 2233 558 2317 γὰρ
587 2233 701 2295 ἐναντία
728 2233 867 2296 ἀδόνατον
895 2233 956 2313 ἀρα
983 2238 1025 2317 τῷ
1053 2232 1134 2317 αὐτῷ
1158 2233 1314 2318 ὑπάρχειν,
1346 2235 1375 2295 ἀί
1398 2233 1431 2297 δὲ
1452 2238 1511 2294 τῶν
1540 2250 1556 2290 ε

259 2336 394 2400 ἐναντίων
415 2338 550 2418 δυνάμεις
573 2337 635 2420 ἅμα
653 2337 725 2399 εἰσὶν
748 2335 778 2398 ἐν
794 2339 836 2421 τῷ
860 2335 1010 2420 δυναμένῳ
1026 2335 1110 2411 αὐτά,
1133 2334 1201 2398 όταν
1225 2336 1255 2399 ἐν
1271 2336 1423 2421 μηδετέριρ
1445 2359 1510 2407 πως

206 2461 240 2507 20
258 2441 353 2504 αὐτῶν
381 2435 401 2523 ᾖ
432 2440 569 2523 ἐνεργείᾳ.
615 2438 664 2502 ὅτε
690 2439 744 2522 γὰρ
772 2439 862 2523 κηρὸς
889 2439 1006 2502 δύναται
1033 2441 1080 2502 καὶ
1108 2440 1244 2524 τρίγωνος
1269 2438 1419 2522 γενέσθαι,
1446 2438 1513 2502 τότε

257 2545 373 2607 δύναται
397 2545 444 2606 καὶ
460 2544 625 2627 περιφερής.
664 2544 720 2627 πρδ
742 2546 793 2605 τοῦ
815 2547 884 2624 γοῦν
907 2542 937 2604 ἐν
959 2542 1110 2626 μηδετέρῳ
1134 2543 1242 2606 τυότων
1265 2541 1417 2607 εἶναιτῶν
1440 2565 1513 2628 σχη·
1529 2560 1557 2602 to

260 2650 358 2730 μάτων
389 2647 472 2710 οὐδὲν
502 2650 610 2727 μᾶλλον
642 2646 684 2714 εἰς
711 2647 744 2708 τδ
773 2645 871 2730 ἐτερον
900 2644 997 2708 αὐτῶν
1029 2646 1218 2730 μεταβάλλειν
1250 2645 1410 2732 (δόναταυ)
1440 2645 1512 2732 ἔχον

259 2750 356 2831 μέντοι
383 2750 557 2833 ἀμφοτέρων
587 2751 649 2831 ἅμα
677 2749 728 2817 τὰς
755 2750 890 2832 δυνάμεις
917 2749 973 2833 οὐχ
1000 2749 1094 2817 οὕτως
1125 2747 1188 2834 ἔχει
1216 2753 1256 2819 όις
1282 2751 1330 2813 καὶ
1360 2749 1512 2834 ἀμφότερα

259 2853 321 2936 ἀμα
343 2853 480 2923 δέξασθαι
504 2855 671 2936 δυνάμενον.
707 2851 867 2937 οὐδὲνγὰρ
890 2853 952 2935 ἀμα
975 2857 1032 2914 τῶν
1056 2853 1190 2915 ἐναντίων
1213 2853 1274 2917 ἐστὶ
1290 2853 1429 2931 δεκτικόν,
1454 2855 1558 2918 itai-1⁵

206 2975 238 3024 25
258 2979 300 3019 τοι
324 2957 385 3038 ἅμα
408 2957 503 3019 αὐτῶν
531 2957 582 3025 τάς
605 2958 741 3035 δυνάμεις
764 2953 843 3040 ἔχον.
889 2956 916 3018 εἰ
937 2954 991 3038 γὰρ
1015 2956 1056 3039 μὴ
1080 2953 1145 3040 ἔχοι
1173 2958 1192 3039 ί,
1216 2957 1270 3040 όλη
1297 2957 1360 3040 ἅμα
1382 2958 1453 3042 πρὸς
1475 2959 1512 3021 τά

258 3061 370 3123 ἐναντία
393 3059 622 3143 ἐπιτηδειότητα,
646 3059 720 3121 ἀλλὰ
742 3063 791 3121 νῦν
807 3063 859 3140 μὲν
882 3058 978 3122 αὐτῶν
1001 3059 1069 3123 τόδε
1089 3060 1213 3135 δόναιτο,
1239 3065 1287 3124 νῦν
1310 3061 1343 3124 δέ
1358 3060 1434 3140 τόδε,
1457 3061 1512 3124 οὐκ

258 3162 291 3225 ἀν
307 3162 353 3246 εἴη
369 3161 410 3226 ἔτι
426 3163 499 3226 κατὰ
515 3165 563 3226 τόν
583 3162 674 3245 αὐτῆς
696 3161 779 3244 λόγον
800 3161 900 3231 ἄποιος
923 3185 944 3225 a
966 3185 986 3225 ιι
1009 3184 1029 3224 ιι
1051 3163 1195 3247 παρουσίᾳ
1217 3186 1292 3233 τινος
1314 3166 1361 3227 καὶ
1384 3167 1510 3250 διαφορᾷ
1526 3184 1557 3225 τυ

257 3270 305 3327 νῦν
328 3268 360 3329 δέ
382 3267 414 3328 τὸ
439 3268 490 3348 μέν
506 3272 563 3328 τῶν
581 3266 725 3341 ἐναντίων,
747 3269 796 3327 νῦν
819 3266 899 3328 δὲτὸ
916 3265 1013 3348 ἕτερον
1030 3267 1193 3350 δυνήσεται.
1239 3268 1284 3330 διδ
1309 3268 1360 3336 τὰς
1375 3269 1427 3352 μὲν
1449 3275 1509 3332 τῶν

258 3369 393 3432 ἐναντίων
410 3370 545 3450 δυνάμεις
568 3368 601 3432 οὐ
619 3368 720 3453 ρητέον
743 3368 880 3442 ἐναντίας,
904 3367 935 3431 εί
945 3391 978 3451 γε
1001 3368 1085 3431 αὗται
1108 3369 1160 3449 μὲν
1183 3372 1427 3454 συνυπάρχουσιν,
1451 3371 1510 3457 οὐχ

204 3490 238 3539 30
257 3470 317 3534 οἶόν
341 3495 370 3533 τε
397 3472 429 3534 δέ
457 3473 653 3555 συνυπάρχειν
681 3472 716 3534 τά
739 3471 865 3546 ἐναντία,
892 3471 943 3540 τὰς
970 3470 996 3534 δ’
1023 3470 1070 3533 ἐπ’
1097 3471 1193 3535 αὐτῶν
1221 3474 1263 3542 εἰς
1288 3474 1341 3557 τὴν
1363 3474 1510 3558 ἐνέργειαν

258 3565 401 3657 προόδους
423 3574 551 3642 ἐναντίας
572 3575 692 3658 ἐροῦμεν
717 3574 753 3656 δὴ
775 3574 823 3636 καὶ
846 3573 945 3641 αδτάς.
972 3580 975 3655 l
1523 3595 1553 3637 aa

205 3880 215 3929 l
241 3876 300 3949 ἔχει,
324 3875 397 3947 (ἔχει)
421 3876 488 3926 coni.
508 3873 551 3942 Sp.
664 3873 680 3925 3
703 3872 762 3945 ἔχον
781 3873 837 3941 Sp.:
866 3872 931 3946 ἔχειν
950 3873 1010 3926 libri
1125 3876 1141 3927 4
1166 3874 1192 3927 δέ
1212 3875 1261 3929 del.
1281 3876 1327 3945 Sp.
1433 3878 1450 3932 5
1473 3883 1514 3949 τῷ
1536 3882 1567 3934 τὸ

202 3967 260 4034 Sp.:
289 3963 317 4015 τὸ
341 3964 412 4016 libri:
439 3965 477 4031 aq]
504 3963 570 4014 vtet.
696 3961 807 4014 θαύτοῦ
826 3961 875 4013 δεῖν
899 3962 960 4014 εἶναι
979 3963 1045 4014 vict.
1069 3962 1112 4031 Sp.
1237 3962 1355 4034 8ῆιίο1.
1375 3964 1409 4018 B’
1427 3965 1472 4034 Sp.

204 4054 236 4105 10
254 4053 300 4121 τὴν
319 4051 375 4120 Sp.:
395 4056 439 4102 τοῦ
458 4051 517 4101 libri
605 4047 689 4117 τοότιμ
708 4049 724 4118 ἡ
743 4048 807 4118 αὐτὴ
827 4048 885 4117 Sp.:
905 4052 1003 4101 τοότων
1023 4050 1086 4120 αὐτὴ
1108 4053 1193 4102 VHB:
1213 4050 1311 4103 τοότων
1329 4050 1393 4122 αὕτη
1413 4056 1472 4106 SFa

206 4142 233 4192 ll
255 4141 318 4210 μηδὲ
332 4141 389 4208 Sp.:
409 4139 473 4208 μήτε
493 4138 552 4189 libri
654 4138 684 4187 1⁸2
704 4138 748 4188 alt.
768 4139 807 4202 τε]
826 4156 852 4206 γε
873 4138 910 4189 rel
931 4138 979 4190 del.
993 4138 1051 4205 Sp.:
1071 4139 1179 4191 fortasse
1197 4143 1246 4209 πῦρ
1264 4156 1297 4209 γι
1315 4138 1351 4205 όν,
1370 4140 1417 4210 (μὴ
1437 4139 1564 4211 δυνάμει),

202 4229 265 4282 ἀλλά
290 4227 329 4297 [ἡ]
358 4226 501 4296 ἐνεργείᾳ
523 4229 637 4277 τοιοῦτον
744 4223 840 4294 ἀλλοίη
861 4228 983 4278 VHSBa:
1012 4224 1075 4277 ἀλλὰ
1094 4226 1109 4296 ἠ
1130 4230 1165 4280 G:
1190 4222 1243 4278 ἀλλ’
1264 4227 1302 4279 art
1321 4228 1388 4281 vict.
1407 4229 1452 4297 Sp.

205 4317 236 4369 13
264 4315 384 4368 δόναοθαι
403 4315 545 4367 Schwartz:
571 4312 673 4365 δόναται
691 4313 750 4365 libri
857 4314 873 4382 η
899 4318 921 4364 V
1035 4315 1066 4365 ll
1094 4314 1167 4379 αὐτὸ]
1195 4314 1265 4368 αὐτῶ
1288 4331 1304 4367 a
1410 4316 1449 4386 εί]
1475 4320 1522 4371 καλ
1542 4322 1563 4373 τί

203 4407 280 4456 vict:
308 4405 324 4472 η
349 4404 369 4455 εί
388 4405 456 4455 ιουί.
475 4402 520 4469 Sp.
540 4403 605 4453 bene
727 4402 757 4453 15
785 4401 845 4454 αὐτό
867 4401 935 4465 τότε]
960 4403 1002 4453 καλ
1024 4401 1085 4453 αότό
1109 4405 1146 4470 τῷ
1165 4421 1193 4455 τε
1212 4403 1279 4455 vict.
1297 4402 1342 4471 Sp.
1450 4405 1563 4460 sortasse

201 4490 411 4560 <ῆ>ε1δόναται,
438 4495 513 4542 τοῦτο
541 4489 671 4559 δυνήσεται
691 4487 776 4557 [αὐτὸ]
799 4489 855 4541 τότε
872 4486 960 4552 <,ότε>
1073 4490 1103 4541 11
1132 4496 1184 4541 τῶν
1204 4489 1323 4542 ἐναντίων
1342 4493 1387 4545 FG
1410 4491 1479 4545 Victa
1501 4493 1561 4561 Sp.:

200 4581 238 4649 τῷ
261 4579 364 4647 ἐναντίιρ
389 4581 499 4630 VllBSa
609 4577 640 4628 18
659 4575 780 4628 ἀδΰνατυν
800 4576 895 4629 (382821
919 4578 976 4642 Sp.:
1005 4576 1110 4629 δυνατόν
1133 4578 1217 4629 VHB¹
1326 4577 1356 4630 19
1384 4579 1518 4649 ἐναντίων]
1537 4599 1562 4634 τι

201 4669 228 4720 in
252 4668 332 4719 litv
444 4664 567 4736 μηδετέρᾳ
595 4666 662 4716 coni.
681 4664 725 4730 Sp.
833 4662 867 4715 20
888 4658 905 4736 η
924 4663 1032 4733 ἐνεργείᾳ
1051 4665 1107 4731 Sp.:
1135 4665 1279 4735 ηένίργεια
1296 4665 1355 4717 libri
1463 4666 1499 4719 22
1518 4667 1561 4721 δό-

201 4773 272 4807 ναται
290 4755 350 4806 add.
370 4754 438 4806 vtet.
547 4752 580 4804 23
599 4751 651 4823 ἔχει
670 4751 705 4809 ὡς
723 4751 781 4820 Sp.:
809 4750 912 4807 ἐκείνως
939 4750 996 4802 libri
1112 4751 1145 4803 25
1173 4752 1227 4821 ἔχοι
1249 4751 1307 4820 Sp.:
1335 4753 1393 4824 ίχον
1417 4753 1478 4807 libri

201 4842 233 4893 27
253 4842 372 4893 lacunam
392 4841 446 4894 ind.
464 4841 593 4893 Schwartz
684 4841 717 4892 28
736 4857 773 4906 pr.
793 4838 819 4890 δὲ
836 4841 903 4891 Vict.
917 4840 1079 4906 transposuit
1097 4844 1158 4892 anta
1177 4858 1242 4898 τινος
1261 4838 1315 4905 (tt)
1403 4840 1439 4894 30
1457 4841 1561 4895 ἐναντία

200 4930 283 4981 S¹B¹a
302 4928 359 4997 Sp.:
379 4929 444 4983 αίτια
464 4928 578 4982 VB¹GS¹
