3540 5610
207 325 250 390 94
685 325 890 381 κοοκκυουι
908 325 952 380 nd
972 312 1081 381 κυυικ

260 494 351 580 αύτής
373 498 406 561 δὲ
420 498 469 560 καί
485 497 628 582 δρμητική
648 498 742 560 τεκαὶ
758 498 902 583 δρεκτική,
925 495 1009 563 οὖσαι
1025 498 1098 582 μετὰ
1111 498 1164 581 τὴν
1179 500 1382 585 φανταστικήν.
1419 501 1510 562 πᾶσαι
1573 518 1577 525 ·

260 598 315 683 γὰρ
338 598 422 663 αὑται
445 600 496 683 μία
518 597 603 664 ούσαι
631 600 705 663 κατὰ
731 600 764 663 τδ
786 602 989 685 ὑποκείμενον,
1020 607 1082 671 ταῖς
1104 603 1253 685 διαφοραῖς
1278 607 1336 664 τῶν
1359 603 1550 682 δυνάμεωνοο

259 700 361 772 αὑταῖς
388 699 548 787 διῄρηνται.
593 701 654 767 ἔστι
682 703 715 766 δὲ
741 702 789 766 ἐπὶ
814 704 930 774 ταύταις
962 706 981 788 ή
1009 704 1109 788 λογικὴ
1137 705 1217 790 ψυχή
1248 728 1279 767 τε
1304 704 1353 767 καί
1380 704 1508 788 δύναμις,

259 804 372 891 ἐσχάτη
394 807 489 870 τεκαὶ
511 807 559 870 ἐπὶ
574 807 680 875 πάσαις
702 810 764 875 ταῖς
779 806 879 876 ἄλλαις
894 808 1049 891 δυνάμεσιν
1071 808 1120 870 καὶ
1134 812 1195 875 τοῖς
1208 807 1326 876 τελείοις
1346 812 1404 869 τῶν
1421 806 1508 893 ζῴων

232 906 358 991 σμόνοις
381 909 568 995 ὑπάρχουσα,
597 910 646 973 καὶ
668 908 736 973 οῦδὲ
755 909 866 979 τούτοις
888 909 921 974 ἐκ
946 915 1072 995 γενετῆς,
1099 909 1174 973 ἀλλὰ
1195 913 1342 993 προϊοῦσιν
1364 909 1438 973 κατὰ
1459 910 1508 973 τὸν

258 1034 372 1097 χρονον.

343 1115 406 1179 Ποῦ
428 1113 461 1179 δέ
487 1115 563 1179 ἐστιν
591 1116 624 1178 τδ
651 1115 822 1198 ἡγεμονικὸν
850 1121 902 1200 τής
931 1120 1029 1202 ψυχῆς
1042 1116 1110 1203 ’κάλ’
1131 1114 1161 1178 ἐν
1186 1116 1239 1178 τίνι
1265 1115 1358 1199 μορίιρ
1379 1120 1430 1180 τοῦ
1453 1118 1509 1180 σύ·

259 1241 348 1300 ματος
374 1219 424 1281 καὶ
451 1217 571 1302 πότερον
594 1218 629 1282 ’ἐν
657 1218 699 1281 ἑνί
726 1218 908 1302 ὑποκειμένῳ
936 1217 999 1283 κατ’
1027 1218 1151 1301 ἀριθμδν
1177 1223 1257 1283 πᾶσα
1282 1220 1302 1302 ή
1326 1218 1408 1303 ψυχή
1434 1220 1550 1281 κατὰου

258 1319 309 1388 τὰς
331 1323 466 1406 δυνάμεις
489 1320 575 1403 μόνον
597 1321 741 1385 καὶκατὰ
763 1321 812 1383 τδν
834 1319 918 1403 λόγον
942 1318 1054 1406 ἔχουσα
1076 1322 1128 1390 τὰς
1150 1323 1297 1407 διαφοράς,
1320 1322 1339 1405 ἢ
1362 1321 1411 1383 καὶ
1433 1322 1508 1385 κατὰ

218 1438 245 1483 1⁰
257 1421 346 1486 τόπον
360 1424 432 1487 εἰσὶν
447 1423 584 1506 ἀλλήλων
606 1424 636 1486 αἱ
652 1427 704 1506 τῆς
724 1428 821 1508 ψυχῆς
838 1424 973 1505 δυνάμεις
994 1424 1218 1510 κεχωρισμέναι,
1240 1422 1318 1494 ἄξιον
1333 1424 1381 1487 ἐπὶ
1395 1425 1508 1494 τούτοις

258 1527 338 1590 ἰδεῖν.
383 1527 409 1589 εί
430 1526 466 1609 δὴ
494 1525 524 1588 ἐν
547 1529 648 1602 πᾶσιν,
677 1524 706 1587 ἐν
729 1525 773 1595 οἷς
798 1527 831 1589 τδ
859 1525 911 1610 μέν
937 1527 966 1589 τί
990 1527 1051 1591 ἐστι
1076 1525 1267 1612 τελειότερον,
1294 1527 1327 1590 τδ
1355 1527 1387 1589 δὲ
1410 1527 1508 1590 ἀτελέ-

207 1628 218 1653 ’
258 1650 368 1714 στερον,
390 1629 547 1714 προσθήκῃ
570 1629 623 1691 τινὶ
643 1629 676 1691 τδ
696 1628 797 1697 ἀτελὲς
818 1628 923 1711 γίνεται
944 1629 1062 1704 τέλειον,
1085 1631 1104 1713 ή
1128 1631 1161 1693 δὲ
1176 1629 1331 1714 προσθήκη
1353 1634 1397 1714 τῷ
1421 1632 1508 1715 προῦ·

258 1733 400 1817 πάρχοντι
425 1730 652 1815 προστιθεμένου
679 1732 755 1800 τινδς
776 1730 898 1813 γίνεται,
925 1729 1040 1796 ἔστιδὲ
1067 1734 1114 1795 καὶ
1143 1732 1174 1795 ἐν
1201 1737 1238 1816 τῇ
1262 1736 1347 1816 ψυχή
1371 1733 1390 1815 ἡ
1414 1756 1507 1816 προει-

258 1835 368 1919 ρημένη
385 1835 519 1919 διαφορά,
543 1830 547 1919 Ι
572 1836 618 1898 δεῖ
637 1835 686 1897 καί
701 1834 748 1896 ἐπὶ
768 1838 821 1917 τῆς
834 1838 942 1919 ψυχῆς,
968 1834 998 1898 ἐν
1021 1832 1046 1918 ᾦ
1069 1836 1088 1918 ή
1111 1835 1226 1919 ἀτελής,
1242 1836 1278 1898 ’ἐν
1300 1835 1394 1920 τούτῳ
1417 1835 1489 1900 είναι
1507 1853 1561 1897 κου,

217 1953 244 1998 15
256 1938 304 2001 καὶ
321 1937 378 2029 τήν
397 1937 516 2013 τέλειον,
538 1937 570 2000 εί
583 1960 617 2020 γε
635 1918 710 2000 κάτὰ
732 1936 858 1999 ἐπίδοσίν
880 1960 941 2000 τινα
963 1939 1011 2000 καὶ
1033 1938 1203 2020 προσθήκην
1225 1939 1258 2001 τδ
1282 1938 1381 2006 ἀτελὲς
1402 1942 1508 2022 γίνεται

258 2041 376 2105 τέλειον.
412 2039 474 2104 ἔστι
496 2041 529 2103 δὲ
548 2045 606 2102 τῶν
628 2045 681 2124 τῆς
695 2044 794 2124 ψυχῆς
815 2040 963 2121 δυνάμεων
985 2041 1005 2123 ή
1026 2040 1166 2123 θρεπτική
1190 2039 1308 2123 δύναμις
1323 2041 1506 2127 ἀτελεστέρα.

257 2144 288 2207 ἐν
316 2138 341 2229 ᾧ
365 2141 423 2226 ἄρα
447 2145 467 2227 ἡ
491 2144 631 2228 θρεπτικὴ
655 2141 788 2225 δύναμις,
820 2141 851 2205 ἐν
876 2141 971 2226 τούτῳ
1000 2143 1047 2205 καὶ
1073 2144 1103 2206 αί
1125 2141 1307 2227 τελειότεραι.
1351 2143 1427 2207 ἀλλὰ
1449 2146 1507 2229 μἠν
1565 2128 1569 2133 ¹

258 2248 324 2332 περὶ
346 2246 398 2329 τὴν
421 2244 539 2329 καρδίαν
562 2247 581 2329 ή
606 2245 746 2329 θρεπτική
768 2245 863 2330 ψυχή,
885 2243 966 2327 εἴγε
988 2249 1039 2308 τοῦ
1062 2245 1114 2328 μὲν
1137 2250 1189 2330 ζῆν
1212 2246 1274 2330 ἥδεΙ
1287 2245 1379 2324 αἰτία,
1406 2251 1448 2332 τῷ
1474 2249 1507 2313 δὲ

258 2354 310 2434 ζῆν
334 2350 388 2432 όλη
412 2346 533 2433 ὑγρότης
555 2371 587 2411 τε
608 2348 655 2410 καὶ
678 2344 838 2431 θερμότης,
866 2351 994 2416 τοιοῦτος
1015 2349 1048 2410 δὲ
1074 2350 1098 2412 ό·
1114 2350 1179 2434 περὶ
1204 2349 1257 2432 τήν
1279 2349 1397 2432 καρδίαν
1419 2349 1507 2421 τόπος
1533 2368 1548 2411 ι

215 2468 244 2513 ευ
258 2454 396 2536 μαλιστα,
424 2454 464 2521 ὡς
490 2451 666 2535 προείρηται.
716 2446 758 2512 ἔτι
785 2452 826 2519 ὑις
851 2450 900 2513 ἐπὶ
926 2455 984 2513 τῶν
1011 2455 1126 2535 φυτῶν,
1152 2449 1271 2534 εὔλογον
1299 2451 1347 2514 καὶ
1375 2450 1422 2516 ἐπὶ
1449 2458 1507 2518 τῶν

257 2555 354 2619 σίλλων
377 2553 519 2639 ἐμψύχων
541 2551 630 2639 ἔχειν.
672 2552 703 2615 ἐν
725 2552 758 2615 δὲ
779 2557 840 2622 τοῖς
862 2557 961 2637 φυτοῖς
984 2552 1053 2615 όθεν
1075 2555 1095 2637 ή
1118 2553 1197 2638 ἀρχή
1220 2558 1272 2638 τῆς
1293 2552 1454 2638 αὐξήσεως,
1476 2557 1507 2620 ἐν

257 2658 352 2742 τούτῳ
374 2658 423 2721 καὶ
445 2656 628 2741 ήθρεπτική
651 2656 751 2740 ψυχή·
781 2656 825 2718 διδ
849 2653 952 2737 μεταξύ
975 2657 1058 2718 δοκεῖ
1076 2653 1148 2718 εἶναι
1172 2655 1252 2740 ῥίζης
1273 2680 1305 2719 τε
1326 2659 1375 2720 καὶ
1398 2662 1507 2723 καυλοῦ

255 2763 310 2846 ήδε
332 2762 352 2844 ή
374 2758 494 2840 δύναμις
521 2759 552 2821 ἐν
574 2756 681 2827 αὑτοῖς.
726 2758 802 2822 ὥστε
825 2756 871 2842 εἴη
899 2756 934 2821 ἂν
961 2760 1009 2821 καὶ
1036 2759 1084 2821 ἐπὶ
1110 2762 1169 2821 τῶν
1191 2758 1276 2845 ζῴων
1306 2759 1336 2823 ἐν
1364 2761 1459 2847 τούτῳ
1486 2765 1507 2847 ή

257 2863 396 2946 θρεπτικὴ
420 2862 517 2946 ψυχή,
545 2861 614 2925 όθεν
640 2859 738 2931 αὑτοῖς
764 2861 784 2944 ή
808 2861 886 2945 ἀρχὴ
914 2865 967 2944 τῆς
992 2860 1151 2944 αὐξήσεως.
1197 2863 1255 2925 ἀπδ
1278 2864 1395 2947 καρδίας
1423 2865 1455 2927 δὲ
1476 2865 1508 2928 ἐν

216 2981 244 3025 κο
257 2963 356 3034 αὑτοῖς
382 2966 402 3049 d,
426 2970 478 3048 τῆς
499 2962 651 3049 αῦίήσειύς
673 2987 704 3026 τε
725 2965 773 3027 καὶ
799 2968 908 3048 τροφής
929 2964 970 3033 είς
991 2967 1047 3027 πᾶν
1070 2965 1103 3027 τὸ
1126 2968 1213 3047 σῶμα
1239 2965 1372 3050 χορηγία.
1416 2967 1464 3029 καὶ
1487 2968 1507 3050 ἡ

259 3068 399 3153 θρεπτικὴ
427 3066 485 3150 ἄρα
511 3065 630 3150 δύναμις
655 3067 685 3130 ἐν
714 3066 805 3150 ταύτη
832 3066 852 3148 ἢ
879 3066 910 3128 ἐν
936 3071 978 3151 τῷ
1006 3067 1145 3149 ἀναλογον
1173 3067 1275 3151 ταύτη.
1319 3072 1370 3132 τοῦ
1397 3069 1429 3131 δὲ
1454 3069 1507 3152 τἠν
1521 3086 1549 3129 ιο

257 3170 397 3256 χορηγίαν
423 3173 484 3237 τοῖς
506 3166 594 3254 ζῴοις
621 3173 673 3253 τῆς
694 3173 804 3253 τροφῆς
830 3168 889 3233 ἀπδ
911 3169 1017 3254 ταύτης
1042 3168 1114 3232 εἶναι
1141 3173 1261 3253 σημεῖον
1288 3172 1318 3233 αἱ
1345 3172 1450 3257 φλέβες
1476 3175 1507 3236 αί

255 3278 308 3358 τῆς
329 3277 438 3357 τροφῆς
464 3270 594 3335 τουτέστι
620 3274 671 3333 τοῦ
699 3271 819 3354 αἵματος
846 3272 972 3335 διάκονοι
993 3271 1121 3356 (ἐσχάτη
1148 3273 1202 3356 γὰρ
1229 3273 1322 3357 τροφή
1349 3274 1382 3336 τδ
1404 3274 1506 3358 αἴμα)·
1574 3295 1577 3299 ’

257 3377 342 3441 αῦται
362 3375 416 3460 γὰρ
432 3373 480 3438 διὰ
502 3374 554 3458 μὲν
569 3376 627 3437 τῶν
649 3372 746 3436 ἄλλων
768 3380 863 3458 μερῶν
886 3378 936 3437 τοῦ
954 3377 1089 3458 σώματος
1111 3375 1329 3460 διαπεφύκασιν,
1352 3375 1386 3438 ἐκ
1408 3377 1441 3439 δὲ
1455 3382 1508 3461 τής

214 3496 242 3541 ³0
255 3480 374 3564 καρδίας
401 3477 595 3562 ἐκπεφύκασιν
624 3476 724 3544 ‹bc-dx
749 3477 856 3561 ταύτης
883 3477 935 3560 τήν
962 3477 1057 3563 ἀρχὴν
1085 3475 1207 3564 ἔχουσαι
1234 3482 1287 3561 τῆς
1309 3478 1507 3563 βλαστήσεως.

201 3777 218 3830 3
245 3774 318 3848 ψυχή
335 3791 364 3826 τι
382 3773 426 3825 καὶ
443 3787 494 3825 om.
618 3766 686 3822 5-6
714 3768 758 3820 καὶ
776 3765 983 3841 οῦδὲ-χρόνον]
1005 3771 1061 3823 und
1082 3771 1175 3822 dassen
1194 3770 1317 3823 Existenz
1336 3770 1410 3823 nicht
1427 3772 1456 3823 in
1475 3772 1562 3825 dieser

202 3864 251 3916 Art
269 3863 314 3915 der
326 3861 419 3914 Thiere
437 3874 496 3912 τοο
515 3857 636 3911 δεωεΙε
655 3856 795 3924 geboren
813 3857 917 3910 worden
935 3858 998 3925 (von
1012 3857 1118 3923 damals,
1137 3873 1174 3910 wo
1194 3872 1221 3910 σε
1233 3858 1347 3925 geboren
1364 3858 1467 3911 worden
1486 3848 1562 3927 istd),

200 3950 314 4004 sondern
331 3949 399 4001 nach
417 3947 535 4016 langores
553 3945 611 3997 Zeit
710 3942 726 3993 7
745 3947 794 3995 που
813 3942 839 3996 δέ
858 3943 935 4013 ἐστιν]
955 3960 993 3997 wo
1012 3945 1049 3997 sei
1152 3943 1297 3997 14-1512
1316 3940 1479 4014 ῷ-τίλειαν]
1498 3945 1561 4000 dass

202 4039 230 4091 in
249 4037 305 4090 dem
325 4036 404 4105 Ding,
423 4035 503 4088 werin
522 4033 567 4086 der
584 4031 687 4100 Mangel
705 4031 733 4082 in
752 4030 793 4082 ihr
811 4029 908 4099 [liegt]‚
927 4033 993 4085 auch
1012 4032 1054 4084 die
1072 4031 1307 4084 Vollkommonheit
1325 4031 1450 4084 bestehen
1468 4033 1532 4086 wird

203 4126 235 4178 16
253 4122 410 4194 ἀτελεστίρα]
430 4123 472 4175 die
491 4118 705 4189 mangelhafteste
810 4115 845 4168 20
862 4116 910 4186 ἔτι]
929 4118 983 4171 also
1090 4117 1123 4170 ⁸22
1142 4117 1248 4186 καυλοῦ]
1268 4118 1342 4170 ihren
1362 4118 1484 4188 Zweigen

201 4212 304 4266 24-25
323 4211 349 4264 δδ
367 4210 393 4263 ἐν
411 4207 496 4266 αὑτοῖς
514 4223 564 4261 om.
670 4205 704 4259 25
722 4202 840 4279 χορηγία]
859 4205 967 4274 gelangt
1073 4203 1106 4258 26
1124 4203 1216 4276 ταύτῃ]
1235 4206 1292 4258 dem
1312 4205 1412 4259 Ηοτεευ

203 4472 295 4535 lfort.
313 4471 339 4525 δὲ
357 4469 436 4540 καλή
519 4467 614 4520 οὑσακ
702 4463 886 4541 3διήρηταιε
974 4467 1038 4520 ὑέκ
1056 4469 1157 4536 γενετῆς
1175 4468 1280 4536 scripsi:
1300 4467 1434 4537 δγγενητὴς
1453 4469 1498 4533 m',
1516 4469 1560 4522 ἐκ·

201 4560 307 4631 γινητλγς
325 4556 407 4611 m²V:
425 4555 455 4608 ἐκ
473 4556 611 4626 γενητὴςα
709 4555 725 4606 7
748 4555 818 4626 ,περὶ
836 4557 881 4606 τοῦ
899 4558 947 4606 τοῦ
964 4554 1071 4606 τακτέον
1089 4552 1118 4606 τὸ
1136 4553 1287 4624 ἡγεμονικὸν
1306 4557 1351 4623 τῆς
1369 4555 1455 4625 ψυχῆς
1471 4556 1515 4608 καί
1533 4557 1560 4609 ἐν

200 4647 249 4701 τίνι
267 4645 346 4719 μορίῳ
365 4647 410 4697 τοῦ
428 4642 570 4711 σύμετος“.
606 4646 655 4695 ποῦ
673 4640 699 4694 δέ
718 4643 758 4695 Va
872 4641 937 4694 ἐστιν
956 4643 990 4693 V:
1008 4642 1149 4693 τακτέονε
1263 4643 1370 4714 θήοι
1389 4643 1448 4713 ήλί

203 4736 232 4788 11
253 4733 365 4787 είδιῖνθ
471 4730 503 4783 12
523 4727 691 4802 προσθήκηε
792 4729 824 4781 15
842 4727 939 4781 κατύ
1043 4728 1073 4781 16
1092 4727 1239 4801 ἀτελεστίρα
1257 4746 1284 4782 a:
1303 4730 1436 4804 ἀττλίστιρ
1454 4730 1559 4796 (sic)V

203 4822 303 4875 16-17
323 4818 461 4890 ύναμις-ιή
480 4815 603 4889 θρεπτικὴ
622 4815 651 4869 δύ
669 4817 698 4869 ίυ
717 4831 768 4884 mg.
787 4816 872 4884 suppl.
892 4816 961 4868 m¹V
1051 4815 1082 4868 19
1101 4814 1148 4886 ὕλη
1168 4816 1207 4869 Va
1294 4817 1329 4870 20
1346 4817 1383 4877 ὡς
1400 4816 1558 4891 προείρηται]

201 4907 376 4976 39‚21-40‚3
394 4907 428 4960 cf.
445 4904 665 4972 4913327110
