3540 5610
617 275 758 334 ΒΙΒΛΙΟΝ
778 277 958 334 ΔΕΥἸῈΡΟΝ
978 280 1080 332 21-’22
1489 285 1524 346 ῖ1

224 455 345 523 ἑαυτοὺς
374 457 414 523 ὡς
445 455 534 538 μηδὲν
559 452 775 537 Ἀριστοτέλους
806 454 871 536 περὶ
899 455 1032 538 προνοίας
1066 455 1224 538 εἰρηκότος,
1258 455 1400 517 δεικνύναι
1432 454 1476 516 δτι

224 558 313 641 μηδὲν
336 555 400 640 μετ’
421 557 602 627 ἐπιστάσεώς
624 558 717 620 τεκαὶ
739 558 889 641 φροντίδος
911 557 1050 639 λέγουσιν.
1488 574 1513 614 ιυ

221 779 321 843 XXII.
367 778 554 864 Ἐξηγησις
584 775 712 847 λέξεως
742 779 779 842 ἐκ
810 784 869 843 τοῦ
901 781 1068 863 δευτέρου
1099 781 1181 864 ΙΙεμὶ
1213 781 1385 862 γενέσεως
1419 781 1475 842 καὶ

220 883 354 967 φθορᾶς
374 882 640 968 Ἀριστοτέλους
663 881 776 951 ἄλλως
806 881 937 968 ἔχουσα
968 883 1059 967 παρὰ
1085 886 1145 966 τὴν
1173 885 1206 945 ἐν
1235 889 1281 968 τῷ
1314 884 1364 951 είς
1390 881 1474 945 αὐτὸ

182 984 461 1069 δύπυμνηματι·
484 988 503 1069 ἡ
527 987 564 1048 δὲ
587 984 678 1052 λέξις
700 983 793 1047 ἐστὶν
816 987 891 1069 ἥδε·
911 985 969 1048 ιἐν’
992 986 1052 1065 μὲν
1075 983 1133 1047 οὖν
1156 988 1203 1052 εἰς
1220 985 1364 1069 ἄπειρον
1387 984 1474 1047 εἶσιν
1490 1001 1516 1043 ια

220 1089 275 1152 ἐπὶ
292 1089 328 1151 τδ
345 1089 454 1164 κάτω,
477 1088 538 1152 οὐκ
559 1086 660 1150 ἔσται
675 1089 808 1170 ἀνάγκη
832 1088 869 1149 τὸ
885 1088 1031 1171 ὕστερον
1055 1089 1133 1150 τάδε
1156 1089 1320 1169 γενέσθαι
1344 1088 1474 1159 ἁπλῶς,

220 1190 292 1254 ἀλλ’
320 1191 354 1261 ἐξ
382 1191 599 1260 ὑποθέσεως·
633 1191 688 1252 ἀεὶ
715 1190 778 1273 γάρ
808 1190 929 1274 ἕτερον
958 1189 1159 1274 ἔμπροσθεν
1193 1196 1325 1275 ἀνάγκη
1361 1189 1473 1265 ἔσται,

537 1292 579 1357 δι’
608 1292 761 1356 ὃέκεῖνο
785 1294 918 1376 ἀνάγκη
941 1292 1148 1376 γενέσθαι”.
1342 1302 1345 1308 “
1488 1309 1515 1350 νυ

295 1449 331 1515 E?
353 1451 383 1513 ἐν
405 1451 449 1521 οἷς
470 1452 502 1514 τδ
525 1451 644 1535 ὕστερον
665 1452 695 1520 ἐξ
718 1452 853 1532 ἀνάγκης,
876 1447 932 1533 <ἐν>
948 1450 1068 1517 ἐκείνοις
1085 1449 1182 1532 μύνοις
1205 1451 1316 1532 ἀληθὲς
1337 1451 1470 1534 δειχθείη

163 1574 199 1620 10
216 1554 251 1615 τδ
267 1551 309 1616 Ιεἰ
324 1555 357 1616 τδ
374 1560 497 1637 πρῶτον,
521 1554 551 1623 ἐξ
566 1553 702 1639 ἀνάγίκης
724 1555 756 1617 τδ
781 1551 923 1636 ύστερον’,
947 1552 993 1614 ἐπὶ
1011 1553 1043 1614 δὲ
1059 1558 1111 1635 τῆς
1126 1554 1166 1620 είς
1181 1553 1298 1636 ἀπειρον
1314 1553 1454 1634 γενέσεως
1478 1559 1525 1615 134

216 1657 271 1720 οὐκ
293 1655 353 1720 ἔστι
375 1659 408 1720 τὸ
432 1658 549 1742 ὕστερον
573 1658 602 1728 ἐξ
624 1659 751 1740 ἀνάγκης
780 1659 822 1740 τῷ
852 1657 926 1738 μηδὲ
948 1655 1077 1736 γίνεσθαι
1101 1657 1133 1716 τὸ
1156 1654 1242 1725 αὐτύ,
1269 1653 1329 1716 οὐδ’
1359 1655 1393 1717 ἀν
1416 1656 1471 1737 πρὸ

216 1765 267 1823 τοῦ
291 1761 418 1844 ἐσχάτου
440 1761 589 1842 γινομένου
614 1761 714 1828 ἁπλῶς
737 1759 770 1823 ἀν
794 1782 819 1820 τι
847 1758 877 1827 ἐξ
901 1759 1029 1840 ἀνάγκης
1056 1758 1157 1838 γίνοιτο
1181 1764 1222 1840 τῷ
1248 1759 1344 1840 μόνως
1367 1758 1401 1820 τά
1425 1782 1472 1839 με·
1499 1774 1513 1816 ὁ

216 1863 286 1932 ταξὺ
308 1867 358 1926 τοῦ
381 1865 546 1926 τελευταίου
569 1865 602 1927 τὸ
625 1865 779 1944 ἀναγκαῖον
803 1863 904 1930 ἁπλῶς
927 1858 1005 1945 ἔχειν
1029 1862 1106 1942 παρὰ
1129 1866 1179 1922 τοῦ
1204 1862 1312 1937 τέλους,
1337 1863 1363 1923 εί
1386 1867 1469 1925 τοῦτο

215 1967 317 2035 ἁπλῶς
340 1967 372 2029 τδ
394 1966 542 2049 γινύμενον
570 1966 601 2036 ἐξ
628 1968 762 2050 ἀνάγκης.
809 1966 835 2027 εί
857 1965 912 2048 γάρ
934 1965 1028 2027 ἐκεῖνο
1056 1965 1086 2033 ἐξ
1115 1965 1240 2048 ἀνάγκης
1263 1965 1378 2037 ἁπλῶς,
1405 1964 1470 2026 τύτε

161 2088 194 2136 15
215 2069 263 2131 καὶ
286 2069 321 2130 τά
344 2069 399 2153 πρὸ
422 2070 511 2132 αὐτοῦ
529 2071 559 2141 ἐξ
574 2071 700 2152 ἀνάγκης
722 2067 814 2133 ἔσται,
837 2072 895 2133 τῶν
919 2068 1023 2149 μεταξὺ
1047 2066 1069 2148 †
1093 2072 1143 2130 τοῦ
1166 2091 1198 2130 τε
1222 2067 1266 2129 ἐπ’
1288 2067 1406 2150 ἄπειρον
1429 2090 1467 2148 γι·

214 2172 336 2255 νομένου
364 2172 484 2236 ἕκαστον
506 2172 537 2242 ἐξ
564 2173 733 2241 ὑποθέσεως
756 2173 788 2235 τδ
812 2172 965 2252 ἀναγκαῖον
988 2169 1068 2255 ἔχον.
1114 2171 1139 2233 εἰ
1162 2170 1215 2253 γὰρ
1243 2173 1275 2232 τὸ
1305 2173 1356 2252 μὲν
1383 2170 1470 2232 ταύτὸ
1485 2186 1511 2226 ιο

215 2273 311 2350 ἔσται,
338 2278 453 2339 δεῖκαὶ
476 2281 560 2339 τοῦτο
588 2275 620 2339 δν
643 2277 698 2360 πρδ
720 2275 825 2348 αὐτοῦ,
856 2275 903 2337 κοιὶ
926 2275 1034 2354 ὁμοίιος
1056 2276 1142 2336 πάλιν
1171 2275 1232 2336 ἐκεῖ
1257 2275 1289 2336 τδ
1314 2272 1467 2356 ἀναγκαῖον

214 2379 271 2447 ἕξει
293 2379 317 2461 †
338 2379 393 2464 γὰρ
418 2380 512 2443 ἐκεῖνο
535 2376 616 2443 ἔσται
642 2380 671 2448 ἐξ
699 2381 835 2462 ἀνάγκης,
867 2378 892 2438 εἰ
918 2378 950 2439 τδ
979 2378 1051 2457 μετὰ
1076 2382 1171 2450 τοῦτο,
1201 2378 1248 2438 καὶ
1275 2377 1366 2445 οὕτως
1392 2387 1469 2459 προϊ-

215 2482 323 2549 ύντων,
351 2482 414 2544 ἐπεὶ
439 2483 529 2565 μηδὲν
552 2481 677 2567 ἔσχατόν
704 2482 765 2544 ἐστι
793 2485 844 2543 τού
867 2480 985 2564 ἀπείρου
1013 2480 1042 2549 ἐξ
1070 2483 1196 2562 ἀνάγκης
1224 2481 1377 2560 μέλλοντος
1398 2481 1468 2562 γίνε-
1484 2497 1508 2538 ιε

155 2607 193 2653 ‘20
213 2588 298 2653 σθαι,
322 2586 421 2653 ἁπλῶς
444 2585 475 2655 ἐξ
497 2586 624 2669 ἀνάγκης
646 2586 754 2666 ἐγίνετο
777 2586 825 2647 καὶ
848 2584 883 2645 τὰ
906 2585 961 2666 πρδ
985 2583 1087 2652 αὐτοῦ,
1116 2584 1157 2652 οἷς
1182 2587 1265 2646 πάλιν
1289 2584 1318 2652 ἐξ
1342 2585 1468 2666 ἀνάγκης

210 2687 369 2770 γινομένοις
390 2689 488 2752 εἵπετο
504 2690 551 2752 καὶ
567 2689 599 2751 τδ
616 2691 778 2751 τελευταῖον
803 2687 832 2756 ἐξ
855 2687 982 2770 ἀνάγκης
1004 2686 1144 2768 γίνεσθαι,
1169 2689 1194 2749 εἰ
1216 2688 1251 2749 τὰ
1274 2693 1385 2770 πρῶτα.
1420 2685 1466 2748 ού-

212 2790 272 2855 κέτ’
300 2792 347 2854 ἐπὶ
370 2798 428 2855 τῶν
455 2792 532 2855 οὕτω
559 2792 715 2874 γινομένων
745 2789 825 2854 ἔσται
853 2792 950 2875 λαβεῖν
979 2792 1031 2873 τὴν
1059 2791 1192 2874 τοιαύτην
1216 2791 1390 2853 ἀκολουθίαν
1414 2792 1465 2871 τὴν
1482 2805 1510 2846 νυ

212 2894 238 2957 εί
265 2895 297 2957 τὸ
325 2899 449 2976 πρῶτον,
483 2894 513 2965 ἐξ
539 2896 666 2978 ἀνάγκης
693 2899 724 2957 τδ
754 2895 881 2979 ὕστερον.
926 2896 958 2957 τδ
986 2895 1018 2957 δὲ
1045 2894 1138 2958 ιὥστε
1166 2896 1192 2956 εί
1215 2895 1254 2976 μὴ
1284 2891 1360 2956 ἔστιν
1389 2894 1467 2977 ἀρχὴ

211 3000 262 3058 τοῦ
290 2996 424 3079 ἀπείρου,
457 2996 526 3060 οὐδὲ
554 2999 587 3060 τδ
622 3003 736 3082 πρῶτον
766 2995 861 3069 ἔσται,
896 2997 934 3060 δι’
965 2997 980 3060 ὃ
1015 2999 1168 3078 ἀναγκαῖον
1196 2996 1275 3059 ἔσται
1307 2993 1466 3076 γενέσθαι’,

152 3118 188 3166 25
211 3098 272 3161 ἴσον
306 3100 365 3163 ἐστὶ
397 3104 440 3184 τῷ
471 3097 563 3164 Ιῶστε
596 3102 622 3163 εί
658 3102 699 3184 μὴ
727 3099 788 3165 ἔστι
815 3101 896 3169 τέλος
929 3106 979 3164 τοῦ
1013 3100 1169 3185 ἀπείρου’·
1208 3102 1303 3184 ἀρχὴν
1336 3101 1390 3183 γὰρ
1418 3104 1507 3161 νδνυι

210 3204 243 3264 τδ
265 3201 347 3271 τέλος
367 3202 462 3272 εἶπεν,
490 3205 553 3267 ἐπεὶ
576 3203 634 3266 ἀπὸ
656 3204 788 3266 τοιούτου
812 3205 908 3288 ἀρχή,
937 3206 963 3266 εἰ
986 3207 1148 3284 ἀναγκαίως
1171 3206 1274 3284 γίνοιτο
1304 3205 1335 3265 τὸ
1359 3207 1406 3264 καὶ
1430 3202 1464 3264 τά

211 3304 266 3387 πρδ
289 3304 378 3368 αὐτοῦ
401 3307 494 3368 πάντα
520 3307 550 3374 ἐξ
577 3307 705 3390 ἀνάγκης
733 3307 857 3390 δφειλειν
885 3309 1025 3389 γίνεσθαι.
1071 3309 1097 3369 εί
1119 3309 1151 3369 δὲ
1176 3307 1178 3390 Ι
1205 3307 1244 3389 μὴ
1269 3304 1329 3369 ἔστι
1352 3309 1446 3383 τοῦτο,
1470 3311 1516 3369 135

211 3406 279 3470 οὐδὲ
301 3409 321 3490 ἡ
344 3408 503 3471 ἀκολουθία
525 3409 598 3492 αὕτη
622 3407 672 3472 ἐπ’
698 3409 785 3472 αὐτοῦ
810 3411 925 3493 ἀληθής
947 3411 1022 3473 ἐστιν
1046 3435 1064 3492 η
1089 3409 1221 3490 λέγουσα,
1245 3410 1271 3470 εἰ
1292 3409 1324 3470 τδ
1349 3413 1463 3490 πρῶτον

210 3509 242 3570 τὸ
266 3509 399 3594 ὕστερον,
425 3515 468 3594 τῷ
496 3512 548 3594 τὴν
576 3511 708 3595 τοιαύτην
737 3513 911 3575 ἀκολουθίαν
940 3514 1038 3594 ἀληθῆ
1066 3513 1195 3593 γίνεσθαι
1223 3512 1253 3573 ἐν
1281 3511 1323 3579 οἷς
1350 3511 1413 3572 ἐστί
1437 3535 1463 3572 τι

151 3631 190 3679 30
209 3608 333 3695 ἔσχατον
356 3612 386 3682 ἐξ
408 3614 539 3696 ἀνάγκης
560 3614 707 3697 γινόμενον
735 3620 776 3699 τῷ
801 3614 924 3677 ἕπεσθαι
948 3619 1031 3677 τοῦτο
1055 3620 1096 3697 τῷ
1121 3615 1151 3683 ἐξ
1173 3617 1298 3697 ἀνάγκης
1321 3615 1461 3698 γινομένῳ
1489 3630 1503 3672 υ

207 3714 243 3777 τά
264 3716 312 3778 καὶ
335 3717 390 3798 πρὸ
413 3715 501 3778 αὐτοῦ
530 3716 561 3786 ἐξ
587 3717 713 3802 ἀνάγκης
737 3742 767 3781 τε
790 3719 937 3800 γίγνεσθαι
960 3719 1007 3779 καὶ
1032 3719 1143 3800 ἀληθὲς
1167 3717 1239 3779 εἶναι
1263 3716 1309 3800 ἐφ’
1338 3718 1461 3779 ἑκάστου

208 3817 359 3880 αὐτῶντὸ
382 3818 408 3880 εί
434 3819 466 3880 τὸ
490 3825 619 3902 πρῶτον,
648 3822 696 3882 καὶ
723 3821 755 3882 τὸ
779 3821 907 3905 ὕστερον.
953 3822 1064 3904 ἀνάγκη
1087 3823 1156 3902 γάρ,
1186 3821 1211 3881 εί
1236 3820 1335 3900 μέλλοι
1363 3845 1381 3903 η
1405 3845 1460 3882 τοι·

207 3920 280 4002 αύτη
309 3920 468 3984 ἀκολουθία
497 3922 612 4005 ἀληθὴς
639 3921 773 3995 ἔσεσθαι,
805 3924 880 3987 εἶναί
905 3948 929 3985 τι
959 3924 1048 4004 πέρας
1079 3923 1108 3984 ἐν
1135 3928 1193 3990 τοῖς
1221 3924 1458 4006 λαμβανομένοις.
1476 3942 1501 3983 νυ

206 4021 250 4083 ὅτι
272 4021 299 4084 δ’
324 4024 420 4108 ἀρχὴν
443 4026 491 4086 καί
514 4024 547 4086 τὸ
570 4026 660 4108 πέρας
682 4026 768 4107 λέγει,
793 4025 898 4095 ἔδειξεν
923 4026 959 4089 δι’
981 4028 1021 4088 ὧν
1046 4023 1107 4105 μετ’
1134 4026 1229 4106 ὀλίγον
1251 4026 1328 4087 εἶπεν
1352 4027 1458 4096 οὕτως·

151 4268 248 4341 3Περλ
267 4273 387 4340 γινίυιως
405 4275 448 4325 καὶ
470 4271 578 4343 φθορᾶς]
597 4274 800 4326 1111.337:›:.·›
908 4277 923 4326 θ
944 4293 981 4342 με.
1001 4273 1042 4342 τὸ]
1062 4293 1075 4326 υ
1096 4276 1122 4325 in
1143 4276 1179 4325 lit.
1201 4279 1221 4324 V
1331 4275 1390 4325 εἰσιν
1412 4279 1432 4324 V

150 4359 180 4411 τὸ
204 4362 297 4412 Arist:
322 4365 374 4411 τῶν
397 4360 454 4413 libri
583 4361 599 4413 8
622 4360 659 4413 διὸ
682 4363 726 4413 καὶ
748 4363 829 4415 ἐκεῖνο
856 4364 921 4415 Vict.
1047 4364 1061 4413 θ
1086 4363 1110 4413 ἐν
1135 4362 1192 4412 add.
1212 4382 1226 4412 ιι
1246 4367 1289 4427 sp.
1400 4361 1510 4434 δειχθείη

149 4446 180 4498 τὸ
203 4449 271 4499 coni.
295 4448 351 4515 Sps
379 4445 469 4520 δειχθῇ
491 4448 519 4500 τδ
543 4450 562 4514 (ι
581 4451 679 4501 subscr.
700 4467 721 4500 v.
742 4451 775 4514 c.)
797 4455 830 4500 V:
859 4450 977 4519 δειγθῆτυ
1001 4470 1016 4501 ιν
1141 4451 1171 4500 Ιθ
1199 4450 1219 4500 τί
1244 4450 1272 4500 τὸ
1297 4468 1317 4499 s.
1339 4467 1360 4498 v.
1383 4454 1404 4499 V

152 4534 184 4586 13
202 4534 291 4593 ἁπλῶς
309 4542 457 4604 suspectum
564 4538 585 4588 τί
599 4537 655 4603 Sp.:
679 4538 716 4607 εἰη
736 4539 773 4589 sic
788 4543 819 4590 V:
839 4537 905 4606 εἴην
1016 4541 1045 4590 1:
1065 4539 1092 4588 τδ
1107 4546 1254 4604 suspectum
1366 4538 1394 4588 15:
1415 4556 1441 4588 τε
1462 4539 1510 4590 ιΙιΙ.

149 4623 194 4690 Sp.
310 4623 339 4674 17
367 4625 420 4676 ἐκεῖ
442 4624 471 4676 τὸ
490 4629 519 4675 V:
546 4624 627 4676 ἔκειτο
649 4629 697 4677 Sa:
720 4626 800 4677 ἐκεῖνο
822 4627 850 4678 τι)
873 4628 939 4677 vict.
959 4632 1002 4692 Sp.
1116 4625 1145 4676 18
1174 4624 1233 4692 ἔξει]
1259 4644 1278 4676 ιι
1298 4644 1317 4674 s.
1338 4642 1360 4674 v.
1383 4630 1402 4673 V

148 4711 330 4781 <καὶ>γάρ8μ
420 4711 450 4764 ’21
476 4715 508 4765 πά
527 4717 550 4762 V
640 4714 673 4763 :23
694 4715 766 4781 γιι.εί
788 4715 845 4781 Sp.:
869 4715 903 4771 είς
926 4716 983 4766 libri
1084 4715 1116 4765 ’.Ι-λ
1139 4713 1167 4764 τὸ
1187 4719 1288 4782 πρῶτον
1309 4712 1388 4779 ἕαται]
1410 4721 1508 4782 πρῶτον

148 4799 218 4850 ἔσται
235 4798 308 4851 οὐδὲν
329 4801 407 4851 Arist.
497 4800 529 4851 '2ss
549 4801 570 4852 εί
589 4800 646 4868 sp.:
666 4803 755 4870 είηυίιι
772 4807 802 4852 V:
825 4802 862 4871 εἴη
887 4822 901 4853 ιι
990 4804 1018 4855 τὸ
1039 4805 1080 4853 καλ
1099 4804 1128 4852 τά
1148 4804 1203 4868 ὅρη
1224 4806 1267 4852 τοῦ
1290 4804 1332 4852 καὶ
1351 4800 1379 4853 τδ
1399 4803 1455 4853 libri

148 4885 182 4938 28
202 4885 311 4956 ἀληθής]
333 4884 425 4959 ἀληθές
449 4887 493 4955 Sp.
583 4888 617 4939 30
635 4888 833 4957 τηίέξ]τδέξιι
923 4890 1014 4959 ούτως]
1036 4889 1190 4942 1.e.335n6
