3540 5610
222 303 282 374 164
539 302 744 363 ALEXANDRI
768 301 811 360 DE
835 304 945 360 AMMA
969 301 1062 360 LIBRI
1085 304 1256 362 MANTISSA

272 482 439 557 συντείνειν;
464 485 534 567 πρὸς
555 482 583 545 τί
603 479 664 558 οὑν,
687 480 713 544 εἰ
736 481 776 565 μὴ
799 481 872 567 πρὸς
893 482 926 543 τὸ
949 480 1045 562 τέλος;
1069 480 1136 544 οὐτε
1157 480 1210 565 γὰρ
1235 481 1269 545 ἂν
1291 484 1311 566 ἡ
1333 482 1418 568 φύσις
1440 484 1521 570 ἐβοὺ-
1549 500 1564 540 ⁶

271 587 347 658 λετο,
372 583 438 648 οὐθ’
466 588 484 669 ἡ
509 585 596 669 αἱρετὴ
621 582 828 668 προσέταττεν,
851 581 917 646 οὐθ’
946 584 961 647 ὑ
985 584 1075 669 σοφδς
1096 584 1253 667 ἐξελέγετο,
1275 583 1356 670 εἴπερ
1378 586 1462 649 οὐδὲν
1485 589 1523 650 δι·

271 682 373 769 ἔφερεν
405 685 482 772 ἔχειν
510 686 583 750 αὐτὰ
610 687 630 769 ἦ
654 688 706 771 μή.
751 685 820 749 οὐδὲ
841 685 895 770 γὰρ
922 685 997 770 άλλη
1026 709 1069 754 τις
1096 686 1184 771 τέχνη
1212 687 1362 771 ἐκλέγεταί
1384 712 1410 752 τι
1432 686 1523 752 αὐτοῦ

271 789 354 871 χάριν
378 793 428 852 τοὺ
452 788 623 858 ἐκλέξασθαι
646 788 750 872 μὺνου,
782 789 856 852 ἀλλὰ
883 790 998 852 πάντων
1026 790 1044 872 ή
1068 789 1173 872 ἐκλογή
1201 791 1274 874 πρὸς
1299 792 1332 854 τδ
1355 791 1438 860 τέλος
1458 789 1523 877 ἔχει

243 890 322 972 υτήν
344 891 501 976 ἀναφοράν.
535 891 566 954 ἐν
588 892 642 976 γὰρ
665 895 702 975 τῇ
725 892 831 976 χρήσει
851 895 910 954 τῶν
925 890 1133 975 ἐκλεγομένων,
1156 890 1209 954 οὐκ
1231 893 1261 956 ἐν
1276 899 1313 977 τῇ
1331 895 1439 977 ἐκλογῇ
1463 900 1521 956 τῶν

271 993 469 1078 ὑποκειμένων
490 995 523 1057 τὸ
550 995 646 1069 τέλος,
674 995 721 1057 καὶ
748 994 876 1058 καθόλου
904 1000 967 1064 πῶς
994 993 1047 1057 οὐκ
1069 993 1177 1057 ἄτοπον
1204 996 1236 1058 τδ
1264 996 1317 1079 τὴν
1345 998 1450 1081 ἀρετήν
1474 997 1521 1060 ἐπὶ

269 1097 353 1158 τοῦτο
375 1096 465 1179 λέγειν
492 1096 565 1160 εἶναι
588 1096 689 1180 μόνον,
719 1098 767 1160 ἐπὶ
789 1097 822 1159 τδ
849 1096 1034 1179 ἐκλέγεσθαι;
1067 1096 1093 1158 εί
1115 1095 1168 1180 γὰρ
1196 1096 1353 1184 ἀδιάφορος
1378 1102 1397 1183 ή
1421 1105 1522 1184 κτῆσις

269 1202 327 1260 τῶν
352 1198 547 1282 ἐκλεγομένων
570 1201 617 1263 καὶ
641 1200 682 1283 μὴ
705 1199 888 1263 συντείνουσα
911 1200 981 1282 πρὸς
1003 1200 1036 1262 τδ
1059 1199 1150 1275 τέλος,
1178 1200 1247 1285 κενὴ
1270 1200 1305 1265 ἂν
1328 1201 1374 1279 εἴη
1398 1203 1445 1265 καὶ
1469 1227 1521 1282 μα·
1536 1221 1564 1261 ιιι

269 1300 334 1363 ταία
363 1304 381 1383 ή
406 1302 521 1386 ἐκλογή.
566 1301 625 1365 ἀλλ’
654 1303 680 1365 εἰ
702 1303 750 1365 καὶ
777 1303 796 1386 ἡ
819 1300 986 1383 εὐδαιμονία
1013 1302 1043 1364 ἐν
1065 1308 1107 1388 τῷ
1135 1300 1168 1365 εὑ
1196 1308 1247 1388 ζῆν
1270 1302 1332 1388 εἴη,
1360 1305 1428 1368 οὐδὲ
1451 1307 1523 1389 πρὸς

228 1417 254 1460 ιο
268 1407 352 1466 τοὺτο
375 1407 393 1486 ή
415 1404 504 1490 ἀρετὴ
528 1405 684 1490 αὐτάρκης.
720 1403 832 1487 λέγεται
854 1403 908 1487 γὰρ
931 1401 963 1466 εὑ
987 1408 1039 1488 ζῆν
1062 1406 1078 1468 ὑ
1098 1408 1252 1490 χρώμενος
1273 1407 1364 1492 ἀρετή
1389 1409 1437 1472 καὶ
1462 1413 1520 1481 ζῶν

267 1506 340 1568 κατὰ
368 1507 472 1591 ἀρετὴν
500 1509 547 1570 καὶ
573 1509 705 1591 πράττων
732 1531 766 1570 τι.
811 1506 841 1569 ἐν
862 1506 916 1590 γὰρ
947 1508 1046 1591 πράξει
1073 1513 1142 1591 ποιᾷ
1169 1511 1188 1592 ή
1216 1510 1324 1580 εὐζωία
1351 1510 1521 1596 ἀνθρώπου,

268 1615 325 1672 τῶν
348 1611 381 1672 δέ
403 1610 533 1694 πράξεων
555 1612 584 1673 αἱ
602 1609 654 1693 μέν
677 1610 748 1674 εἰσιν
771 1609 909 1693 κτητικαί,
934 1611 963 1672 αἱ
986 1611 1018 1672 δὲ
1033 1611 1188 1694 χρηστικαλ
1211 1617 1271 1680 τοῖς
1293 1614 1450 1696 κτηθεῖσιν.
1489 1615 1519 1677 ἐν

268 1713 319 1791 μὲν
342 1710 392 1775 οὑν
416 1717 477 1780 ταῖς
499 1719 646 1796 κτητικαῖς
667 1712 720 1776 οὐκ
743 1711 778 1776 ἂν
801 1711 846 1794 εἴη
869 1712 902 1774 τδ
925 1711 1006 1780 τέλος
1027 1712 1141 1797 (ἑτέρου
1164 1714 1217 1797 γὰρ
1240 1716 1325 1800 χάριν
1347 1714 1461 1798 αὗται),
1489 1718 1520 1780 ἐν

266 1815 298 1876 δὲ
320 1821 382 1884 ταῖς
404 1821 582 1901 χρηστικαῖς.
628 1815 696 1879 οὐδὲ
717 1816 771 1900 γὰρ
794 1820 853 1884 τοῖς
874 1817 1016 1900 τεχνίταις
1043 1817 1075 1878 τδ
1098 1816 1180 1886 τέλος
1208 1818 1239 1881 ἐν
1267 1822 1309 1903 τῷ
1332 1820 1459 1882 κτᾶσθαι
1483 1820 1518 1882 τὰ

226 1933 251 1976 15
265 1917 307 1986 οἷς
330 1920 504 2003 χρήσονται,
535 1920 589 1982 ἀλλ
622 1920 652 1981 ἐν
675 1922 712 2000 τῇ
736 1919 840 2003 χρήσει
866 1918 975 1981 τοὺτων
1003 1922 1041 2001 τῇ
1068 1919 1141 1981 κατὰ
1168 1920 1220 2002 τήν
1251 1920 1365 2005 τέχνην.
1409 1924 1457 1985 καὶ
1480 1928 1560 2006 τήισ

267 2021 357 2104 ἀρετή
382 2022 417 2103 δὴ
441 2021 473 2083 τὺ
496 2019 621 2105 ἔσχατον
650 2022 697 2083 καὶ
724 2021 756 2083 τδ
779 2020 860 2089 τέλος
887 2019 961 2102 αὕτη
985 2020 1075 2104 τέχνῃ
1103 2023 1151 2084 καὶ
1174 2023 1248 2106 αὐτῇ
1279 2023 1332 2087 οὐκ
1354 2024 1384 2087 ἐν
1408 2025 1516 2109 ἐκλογή

264 2125 311 2187 καὶ
334 2126 517 2211 περιποιήσει
540 2131 635 2199 τινῶν,
658 2121 717 2185 ἀλλ’
745 2123 776 2185 ἐν
799 2124 904 2208 χρήσει
926 2129 983 2184 τῶν
1006 2125 1262 2207 περιποιηθέντων.
1300 2126 1327 2188 εἰ
1349 2124 1374 2189 δ’
1403 2128 1433 2190 ἐν
1456 2125 1518 2197 ταῖς

263 2231 434 2310 χρηστικαῖς
457 2232 514 2289 τῶν
538 2227 687 2310 ἐνεργειῶν
710 2227 757 2288 καὶ
781 2226 911 2309 πράξεων
938 2227 956 2307 ή
980 2225 1146 2310 εὐδαιμονία
1168 2228 1216 2289 καὶ
1238 2229 1257 2310 ή
1281 2228 1404 2301 εὐζωΐα,
1432 2229 1517 2293 αὑται

264 2330 296 2391 δὲ
318 2328 372 2393 οὐκ
394 2329 462 2393 ἄνευ
489 2335 545 2392 τῶν
568 2335 741 2412 σωματικῶν
769 2330 888 2411 ἀγαθῶν
913 2329 960 2390 καὶ
987 2333 1044 2389 τῶν
1067 2329 1149 2397 ἐκτδς
1178 2329 1225 2391 καλ
1248 2334 1305 2391 τῶν
1329 2331 1442 2394 οἰκείων
1466 2335 1514 2397 καλ

223 2447 250 2491 ου
264 2432 338 2495 κατὰ
360 2433 461 2518 φὺσιν,
488 2433 529 2495 ὧν
552 2457 570 2514 η
600 2433 687 2515 ἀρετὴ
712 2432 877 2514 ἐκλεκτική,
909 2430 961 2492 οὐκ
985 2429 1019 2493 ἂν
1046 2432 1065 2514 ή
1089 2432 1178 2515 αἱρετή
1205 2431 1252 2515 εἴη
1275 2431 1421 2517 αὐτάρκης
1443 2438 1516 2520 πρδς

266 2536 389 2608 εὐζωΐαν
411 2558 443 2598 τε
466 2537 513 2598 καὶ
536 2535 728 2617 εὐδαιμονίαν.
762 2532 804 2596 ἔτι
826 2535 852 2596 εί
875 2535 931 2597 ὑπδ
954 2539 1006 2617 τῆς
1028 2533 1144 2618 φὺσεως
1166 2535 1198 2596 τδ
1222 2540 1307 2617 σῶμα
1332 2535 1451 2619 ὄργανον
1473 2544 1518 2624 τῷ

266 2640 416 2724 ἀνθρώπῳ
439 2640 511 2722 πρύς
533 2640 583 2706 τὰς
599 2637 713 2722 πράξεις
728 2637 851 2711 δέδοται,
874 2638 921 2699 καὶ
945 2639 980 2699 τὰ
1000 2637 1103 2698 τοὺτου
1127 2638 1224 2720 ἀγαθὰ
1240 2642 1376 2702 συντείνοι
1394 2639 1428 2703 ἂν
1444 2642 1515 2726 πρδς
1528 2661 1558 2702 νο

264 2744 296 2805 τὸ
318 2742 348 2805 ἐν
372 2745 434 2810 ταῖς
455 2741 589 2825 πράξεσιν
618 2740 727 2822 ἀγαθὸν
758 2742 809 2801 τοὺ
837 2740 993 2823 ἀνθρώπου
1020 2741 1068 2802 καὶ
1095 2741 1127 2802 τδ
1151 2742 1247 2810 τέλος,
1275 2743 1374 2826 ῶσπερ
1396 2745 1444 2806 καλ
1468 2746 1515 2809 ἐπὶ

260 2851 318 2908 τῶν
341 2849 462 2929 τεχνῶν.
507 2843 631 2925 καὶγὰρ
657 2842 690 2904 τδ
717 2847 774 2904 τῶν
802 2841 899 2904 αὐλῶν
926 2842 1037 2923 αἰγαθδν
1067 2843 1138 2926 πρδς
1167 2844 1198 2905 τδ
1225 2841 1257 2906 εὖ
1280 2843 1387 2908 αὐλεῖν.
1432 2847 1459 2910 εὐ
1482 2851 1514 2912 δέ

219 2954 359 3019 αοτοὺτο,
387 2947 439 3010 οὐκ
461 2945 607 3029 αὐτάρκης
633 2947 651 3028 ή
676 2945 763 3029 ἀρετὴ
793 2945 863 3029 πρὸς
886 2944 1078 3027 εὐδαιμονίαν.
1122 2945 1148 3006 εἰ
1170 2946 1224 3028 γὰρ
1252 2949 1341 3030 μηδὲν
1368 2950 1442 3032 πρὸς
1462 2952 1515 3034 τὴν

262 3051 336 3115 κατὰ
357 3050 405 3113 τύν
429 3050 488 3133 βίον
511 3048 654 3132 ἐνέργειαν
677 3049 725 3110 καὶ
747 3048 798 3130 τἠν
821 3047 1002 3128 εὐδαιμονίαν
1030 3049 1077 3111 καὶ
1100 3049 1132 3110 τὸ
1156 3049 1237 3116 τέλος
1259 3054 1347 3112 ταῦτα
1370 3055 1510 3125 συντελοῖ,

260 3156 353 3237 μάτην
375 3151 409 3214 δν
433 3150 479 3233 εἴη
508 3152 564 3213 ὑπὸ
590 3155 643 3234 τῆς
664 3151 780 3235 φὺσεως
806 3151 875 3232 ήμῖν
903 3149 1056 3231 δεδομένον
1078 3151 1111 3212 τὸ
1134 3155 1230 3232 σῶμα.
1275 3151 1386 3237 οὐγὰρ
1410 3156 1462 3239 δή,
1491 3155 1510 3218 ἃ

258 3254 386 3340 παρόντα
410 3257 531 3339 ὠφελεῖ,
561 3258 651 3315 ταῦτα
674 3253 783 3315 άπὺντα
806 3251 858 3315 οὐκ
882 3252 999 3315 ἐλαττοῖ
1024 3254 1056 3316 τδ
1079 3251 1175 3336 ἔργον,
1203 3252 1218 3316 ὃ
1242 3255 1361 3338 ὠφελεῖ.
1408 3254 1449 3319 ἔτι
1473 3259 1509 3330 εἰ,

260 3359 315 3422 ὅσοι
338 3364 389 3441 τῆς
409 3359 538 3442 ἰατρικῆς
562 3357 636 3418 ἐστιν
659 3356 764 3430 ἕνεκεν,
789 3361 877 3418 ταῦτα
900 3358 947 3418 καὶ
970 3362 1022 3439 τής
1038 3357 1143 3438 ὑγιείας
1166 3358 1250 3441 χάριν
1273 3357 1348 3420 ἐστὶν
1367 3363 1419 3442 τῆς
1440 3379 1552 3442 γινο-ετ

218 3477 246 3520 εν)
260 3461 348 3544 μένης
372 3456 420 3523 ὑπ’
448 3457 554 3542 αὐτῆς,
580 3460 627 3522 καὶ
651 3457 706 3521 θσα
732 3463 783 3542 τῆς
806 3459 1026 3543 κυβερνητικῆς,
1054 3460 1102 3521 καὶ
1124 3463 1176 3542 τῆς
1198 3459 1349 3534 εὐπλοίας,
1378 3461 1414 3544 ἢν
1436 3461 1510 3548 αὐτή

257 3569 347 3638 ποιεῖ,
374 3563 422 3626 καὶ
450 3561 505 3625 ὅσα
532 3568 585 3646 τῆς
611 3563 716 3645 ἀρετῆς
742 3560 852 3635 ἕνεκεν,
879 3563 927 3624 καὶ
950 3567 1002 3644 τῆς
1023 3561 1204 3642 εὐδαιμονίας
1226 3561 1321 3633 ἔσται,
1352 3564 1377 3625 εἰ
1404 3565 1510 3651 ταύτης

259 3665 340 3750 ἔργον
368 3668 387 3749 ἡ
410 3665 591 3747 εὐδαιμονία,
625 3666 660 3727 τολ
683 3666 715 3728 δέ
741 3664 892 3748 σωματικὰ
919 3665 967 3727 καὶ
994 3664 1029 3726 τὰ
1056 3664 1139 3732 ἐκτὸς
1167 3666 1214 3727 καὶ
1241 3665 1324 3728 αὐτοί
1345 3688 1431 3750 φασιν
1454 3674 1506 3752 τῆς

259 3771 365 3853 ἀρετῆς
388 3769 472 3832 ἕνεκα
494 3768 576 3837 εἶναι,
600 3767 680 3836 ὑπως
703 3768 854 3850 ἐκλέγητοιι
876 3765 950 3829 αὐτὰ
973 3767 1020 3827 καὶ
1043 3772 1238 3850 περιποιήται,
1268 3769 1413 3832 ὥστεκαὶ
1437 3772 1509 3854 πρὸς

256 3873 289 3933 τδ
316 3872 397 3941 τέλος
426 3876 516 3934 ταῦτα
543 3871 684 3956 χρήσιμα.
733 3870 758 3932 εἰ
786 3870 818 3931 δὲ
844 3873 944 3938 τοῦτο,
972 3869 1023 3931 οὐκ
1050 3869 1194 3954 αὐτάρκης
1222 3872 1292 3955 πρὸς
1319 3873 1351 3934 τὸ
1379 3872 1461 3941 τέλος
1489 3875 1508 3956 ή

215 3992 242 4035 ,ιο
257 3975 355 4058 ἀρετή.
399 3973 440 4037 ἔτι
461 3975 517 4038 ὅσα
539 3978 589 4037 τοὺ
613 3973 711 4055 ίατροὺ
734 3972 828 4057 χάριν,
851 3968 871 4056 γ’,
899 3971 1004 4054 ίατρὺς,
1028 3977 1117 4035 ταῦτα
1140 3974 1187 4035 καὶ
1210 3979 1262 4056 τῆς
1284 3974 1401 4056 ὑγιείας,
1425 3974 1441 4037 θ
1466 3977 1509 4038 τέ-

256 4082 305 4147 λος
328 4077 388 4140 ἐστὶ
411 4078 459 4139 καὶ
481 4077 589 4145 σκοπὸς
616 4079 658 4159 τῷ
682 4075 786 4158 ἰατρῷ,
817 4077 863 4137 καὶ
887 4074 941 4137 ὅσα
965 4078 1014 4136 τοὺ
1038 4076 1212 4159 κυβερνήτου
1235 4078 1334 4161 χάριν,
1360 4073 1382 4161 ᾗ
1407 4079 1508 4162 κυβερ-

256 4183 355 4264 νήτης,
378 4184 467 4241 ταὺτα
491 4181 538 4242 καὶ
561 4184 613 4261 της
635 4176 786 4251 εὐπλοίας,
810 4177 825 4239 ὑ
848 4180 929 4247 τέλος
952 4178 1013 4240 ἐστὶ
1036 4182 1087 4240 τοὺ
1110 4179 1298 4262 κυβερνήτου.
1321 4181 1369 4243 καὶ
1392 4180 1448 4244 ὑσα
1470 4182 1507 4265 δὴ

256 4288 306 4346 τοὺ
330 4283 486 4366 ἀνθρώπου
510 4281 616 4353 ἕνεκεν,
639 4274 659 4364 ᾖ
679 4278 842 4363 ἅνθρωπος,
871 4285 958 4342 ταῦτα
983 4282 1030 4342 καὶ
1053 4285 1102 4343 τοῦ
1127 4281 1225 4351 τέλους
1248 4281 1337 4344 αὐτοῦ
1361 4285 1507 4348 τουτέστιν
1522 4302 1549 4344 συ

201 4559 217 4611 3
235 4558 252 4630 ἢ
272 4560 299 4611 in
318 4558 390 4612 lit.V
502 4560 518 4610 4
537 4557 614 4626 μόνου
632 4573 696 4611 corr.
715 4576 755 4611 ex.
775 4558 852 4625 μόνον
872 4559 892 4608 V
1009 4559 1025 4611 5
1045 4558 1082 4627 ἐν]
1102 4579 1115 4610 ν
1133 4561 1161 4612 in
1180 4560 1219 4612 lit.
1232 4560 1251 4612 V
1371 4560 1403 4613 10
1422 4561 1499 4632 ἀρετὴ
1519 4562 1561 4613 καὶ

201 4646 239 4699 Va
358 4648 385 4698 ll
407 4647 466 4698 ποιὰ
484 4663 499 4698 a
619 4645 649 4696 16
668 4645 693 4696 ἐν
712 4647 735 4695 V
755 4646 880 4713 Sylburg:
900 4645 925 4696 ἐν
945 4662 993 4697 om.
1013 4664 1028 4696 ο
1146 4648 1177 4698 19
1196 4648 1280 4717 ἐκτὸς]
1300 4667 1313 4700 ο
1334 4649 1360 4700 in
1380 4648 1419 4700 lit.
1434 4650 1455 4699 V

201 4732 234 4785 25
253 4733 270 4804 ἢ
289 4751 304 4786 a
393 4734 426 4785 26
446 4733 555 4786 συντελεῖ
571 4751 586 4786 ο
676 4733 709 4784 ’28
728 4733 741 4784 δ
762 4733 866 4784 δολίοις
886 4733 899 4784 δ
921 4737 957 4785 Va
1046 4735 1079 4784 :³9
1099 4735 1180 4802 ὑγείας
1198 4737 1237 4787 Va
1325 4735 1359 4787 32
1378 4735 1487 4788 εὐδαινία
1507 4753 1522 4787 a

201 4820 283 4890 αὐτοί]
303 4819 366 4874 αὐτὰ
385 4820 497 4890 Sylburg
621 4821 654 4874 θῶ
673 4821 763 4891 ὑγιείας
784 4822 817 4871 V:
836 4820 918 4889 ὑγείας
936 4838 952 4874 a
1079 4822 1180 4876 36-δῖ
1201 4825 1244 4876 καὶ
1263 4823 1355 4881 σκοπὸς
1373 4828 1411 4895 τῷ
1418 4823 1470 4877 -ὑ
1490 4825 1561 4882 τέλος

201 4909 252 4962 ἐστὶ
271 4925 321 4962 om.
340 4926 356 4962 ιι
375 4910 488 4963 λἰιολλει
507 4910 619 4980 Sylburg
725 4908 757 4960 37
777 4908 864 4979 ταὺλτοὶ
885 4909 905 4960 V
