3540 5610
204 336 424 392 VERBORUH
1292 330 1417 398 ἐναντίος
1504 328 1565 392 251

256 511 317 578 τέρα
345 508 426 562 πολλὰ
453 510 640 578 α’ντιμαρτυριῖν
668 513 720 559 τῶν
748 507 859 575 ἐναργῶν
912 503 1039 560 ἐκτιαός
1060 502 1152 563 19239

260 596 359 661 16430
395 597 510 662 Ρατίραίἰ
528 597 559 647 de
583 595 637 646 fato
657 595 776 646 doctriua
803 593 860 656 165,
911 591 1003 648 ἐκτός
1022 590 1097 653 3337
1121 587 1274 648 1013123.
1286 588 1319 639 28
1338 586 1433 649 21133
1470 583 1568 651 κόσμον

261 682 424 746 14-17137
452 684 600 736 Stoicorum
619 682 651 733 de
670 680 724 732 fato
741 680 860 731 doctrina
968 676 1060 742 10132
1095 674 1178 745 ἀγαθά
1200 676 1291 736 14139

257 770 427 821 ιιθιιιιιίνιαέιιι
447 768 671 832 17138-17236
700 765 762 819 εἰναί
776 784 800 817 τι
813 767 859 834 τὴν
911 767 1055 836 ἐκτρέπω
1078 764 1169 828 19924

259 857 288 909 εἰ.
311 857 403 913 ίκανῶς
431 856 447 924 ἡ
473 861 526 907 τῶν
551 854 696 924 ἀνθρώπων
721 853 860 921 συνίστησιν
912 853 1051 924 ἐκτροπή
1075 850 1168 913 15430

257 941 382 1013 πρόληψις
410 941 509 1005 16534
550 942 577 994 ἐν
600 949 652 1000 τοῖς
675 941 742 993 κατὰ
764 959 787 992 τ.
811 941 859 1008 εἰμ.
912 941 995 993 ἐκῶν
1018 938 1091 1000 1293

257 1029 395 1098 γινομένοις
415 1027 503 1100 χώραν
522 1029 573 1101 ἔχει
596 1029 628 1081 τὰ
651 1030 718 1098 παρὰ
741 1029 787 1097 τὴν
811 1027 860 1094 ιίμ.
912 1028 1020 1080 ἐλαιον
1040 1024 1117 1088 7335
1136 1024 1214 1085 2293

260 1115 340 1178 170,7
377 1116 445 1168 αἰτία
465 1122 516 1175 τοῖς
539 1116 674 1185 γινομένοις
700 1114 796 1177 16635
832 1115 858 1166 ἐν
911 1113 1025 1171 έλατός
1044 1112 1121 1177 7332

256 1211 310 1260 τοῖς
336 1211 477 1271 ποιητικοῖς
505 1203 591 1262 αἰτίοις
621 1201 717 1265 16734
753 1202 780 1254 ἐν
807 1209 859 1259 τοῖς
911 1200 1056 1253 ἐλαττόω
1076 1199 1170 1261 23237

257 1290 331 1342 ἐνεκά
343 1306 389 1341 τοο
402 1289 537 1356 γινομένοις
555 1288 629 1353 1693
655 1289 675 1341 ἐ.
688 1306 711 1340 τ.
724 1288 744 1341 ί.
757 1307 779 1340 τ.
792 1290 859 1340 κατὰ
910 1287 1032 1340 ἐλαὺνω
1052 1286 1148 1348 21730

256 1376 327 1446 μ’νσιν
350 1395 373 1445 γ.
401 1375 499 1438 16918
534 1374 626 1428 ταθτδν
649 1378 699 1445 εἰμ.
723 1380 766 1430 καί
788 1376 859 1446 ριἰσις
911 1373 1042 1445 ἐλεγχος
1065 1371 1138 1436 1933

261 1464 351 1527 16939
387 1464 430 1515 καί
449 1463 526 1530 νόμος
543 1462 641 1516 ἐναντία
659 1464 755 1527 20933
911 1460 1029 1532 ἐλέγχω
1053 1458 1144 1522 17835
1167 1456 1259 1519 18033
1278 1457 1356 1519 2003
1376 1455 1453 1520 2115
1473 1453 1567 1517 21536

203 1552 279 1619 εἰμί.
321 1550 349 1603 τὸ
371 1550 396 1602 τί
417 1550 449 1619 ἠν
472 1550 535 1602 ε1ναι
555 1550 617 1613 433
653 1552 713 1603 dist.
741 1551 769 1605 εὖ
797 1553 859 1605 εἰναι
964 1547 1059 1608 33339

257 1638 333 1702 6336
369 1644 422 1689 τῶν
446 1636 527 1689 ὄντων
545 1637 646 1706 ἄριστον
669 1638 747 1702 6238
782 1639 811 1691 τὸ
831 1638 859 1691 ὄν
911 1632 1138 1704 ἐλευθεριότης
1160 1631 1251 1695 12332
1274 1631 1366 1693 14639

257 1724 330 1787 3731
378 1723 395 1793 ἢ
420 1722 515 1792 ἀγαθὸν
537 1722 554 1792 ἢ
578 1724 659 1776 κακὸν
682 1725 698 1794 ἡ
723 1724 858 1797 ἀδιάφορον
910 1720 1077 1792 έλιὺθερος
1096 1720 1175 1786 6833
1196 1717 1288 1780 18932
1308 1716 1386 1778 2005

259 1811 352 1874 12430
401 1810 439 1864 ὅτι
462 1813 497 1881 μὴ
521 1812 623 1880 ἄπειρον
650 1811 856 1876 10130-1073
910 1807 994 1860 ἕλκω
1013 1807 1073 1869 723
1084 1823 1122 1873 sq.

257 1900 270 1951 δ
296 1898 369 1968 λόγος
391 1898 517 1952 δειανΰναι
539 1897 624 1951 θέλων
649 1899 751 1968 ἄπειρον
774 1899 803 1951 τὸ
828 1897 856 1951 δν
909 1895 1044 1948 ἐλλείπω
1067 1895 1142 1956 1636

256 1985 296 2038 διὰ
322 1991 367 2037 τοῦ
394 1986 438 2038 τὸν
466 1987 492 2038 ἐν
519 1987 557 2056 τῷ
580 1989 625 2037 τοῦ
648 1985 745 2052 κόσμου
770 1987 857 2054 πέρατι
909 1980 995 2042 ἐλξις
1013 1982 1091 2047 7333

256 2074 312 2143 ἤτοι
336 2074 445 2126 ίκτενεῐν
473 2077 518 2125 τοῦ
546 2073 643 2139 κόσμου
670 2072 717 2141 τὴν
745 2081 817 2143 χεῖρα
839 2074 855 2140 ἡ
909 2068 1025 2130 ἐλπίζω
1047 2068 1135 2132 17231

256 2159 449 2230 κωλυθήσεσθαι
462 2161 599 2227 101‚10sq.
612 2158 855 2227 1023010539αιγ.
909 2154 996 2212 ἐλπίς
1018 2155 1093 2218 1733

257 2247 350 2309 10632
385 2250 415 2299 τδ
435 2246 540 2316 μηδέπω
560 2245 588 2298 ὄν
608 2245 685 2307 3732
725 2245 857 2314 τδμὴόν
908 2242 1057 2311 ἐμβάλλω
1077 2242 1169 2305 23131

259 2335 334 2396 1830
352 2333 412 2397 27,6
431 2333 509 2396 3733
535 2332 627 2397 10531
651 2332 726 2394 1073
767 2333 797 2385 ἐκ
820 2334 856 2402 μὴ
909 2328 1037 2397 ἐμμένω
1057 2328 1211 2392 7330743
1238 2326 1445 2390 1723818835

256 2420 326 2478 ὄντος
344 2419 622 2488 γίνεσθαιεάναιτίως
634 2419 744 2488 γίνεσθαι
763 2419 856 2486 19235
909 2417 1050 2488 ἐμμηνος
1068 2416 1127 2478 64,6

255 2505 441 2576 τὴνάλίγθειαν
463 2506 511 2575 τὴν
534 2507 630 2564 ἐντοῖς
653 2506 856 2580 σὐσινμιτέρχε-
909 2503 1041 2571 ἰμπαλιν
1069 2502 1146 2566 8737
1179 2501 1273 2565 12730
1304 2501 1396 2564 13034
1423 2499 1565 2559 1343521

255 2591 313 2647 σθαι
329 2593 421 2657 17134
453 2592 515 2646 εἰναί
528 2611 600 2660 τινος,
621 2595 682 2665 πρός
693 2613 717 2647 τι
730 2593 805 2658 5431
819 2611 856 2663 sq.
965 2591 1058 2655 14430

255 2699 303 2734 τινι
334 2682 418 2743 1833.
429 2681 510 2749 22sq.
539 2680 617 2746 3433
645 2681 705 2743 353
732 2687 782 2734 etc.
834 2701 859 2734 τι
909 2676 1055 2746 ἐμπίπτω
1077 2678 1152 2743 1333
1171 2676 1266 2740 23838

256 2768 334 2834 4833
353 2768 414 2832 353
461 2769 517 2837 περί
539 2785 562 2819 τι
586 2767 666 2832 2030
709 2767 774 2820 ἐστιν
800 2769 857 2832 153
910 2765 1002 2833 ἐμπίς
1021 2765 1117 2829 22638

255 2855 369 2918 53325
388 2855 466 2918 6839
485 2854 580 2919 21736
617 2854 683 2907 ἐστιν
701 2853 743 2908 ὅτε
765 2855 855 2921 13537
909 2852 1057 2921 ἐμπλέκω
1079 2853 1170 2915 19534
1190 2852 1281 2915 21731

202 2942 309 3012 εἰρμός
330 2941 401 3005 1923
427 2942 519 3008 19539
910 2941 1070 3008 έμποδίζω
1089 2939 1149 3002 538
1168 2939 1245 3001 8239
1275 2939 1345 3000 1213
1375 2935 1468 2998 13430
1495 2933 1566 2996 1353

202 3027 252 3086 τίς.
294 3029 354 3100 πρὸς
383 3028 409 3081 ἓν
438 3026 553 3098 λέγεσθαι
582 3043 641 3095 opp.
669 3026 805 3102 πολλαχῶς
835 3029 857 3080 λ.
968 3028 1060 3093 16930
1083 3025 1194 3089 170351
1218 3024 1308 3088 18137
1329 3024 1406 3088 2365

257 3114 351 3178 12835
910 3114 1059 3183 ἐμπόδιος
1078 3115 1170 3178 20331

202 3201 318 3270 εἰσάγω
350 3202 485 3266 253920
515 3203 580 3266 263
614 3202 745 3262 105,4.15
779 3201 858 3264 1743
911 3200 1137 3269 ἐμποδῶν237
1162 3198 1349 3263 105341683

259 3287 333 3353 1853
356 3288 447 3352 19233
466 3288 543 3352 2015
562 3289 640 3354 2125
911 3286 1086 3359 ἐμπροσθεν
1110 3288 1201 3352 13232
1223 3285 1316 3348 19438

203 3376 381 3446 εἰσποίησις
399 3375 494 3441 20237
911 3375 1052 3444 ἐμφαίνω
1071 3376 1130 3438 773
1154 3374 1227 3438 1235

202 3464 270 3516 ιίτα
288 3461 346 3526 463
368 3462 464 3530 20135
483 3462 578 3525 20235
911 3462 1042 3531 έμρασις
1062 3461 1121 3525 973

202 3548 302 3603 ιίωθα
323 3550 398 3614 1715
911 3549 1055 3622 ἔμψυχος
1073 3550 1142 3612 331.
1155 3550 1186 3601 12
1207 3548 1284 3611 2030
1302 3546 1379 3609 4836

202 3637 342 3695 ἕκαστος.
378 3639 409 3688 τὰ
433 3635 580 3689 καθέκαστα
603 3653 663 3703 ορμ.
686 3637 719 3688 τὰ
737 3639 811 3688 κοινά
834 3636 859 3701 7,
911 3637 949 3689 ἐν.
986 3638 1011 3689 ἐν
1030 3637 1205 3706 ἁμαρτήμασιν
1224 3637 1286 3687 εἶναι
1310 3633 1403 3699 12933
1423 3632 1456 3683 cf.
1478 3629 1568 3692 12437

256 3723 284 3775 21
294 3741 333 3791 sq.
353 3723 413 3787 59,5
423 3739 462 3792 sq.
481 3723 559 3789 8832
581 3724 651 3786 1323
666 3738 704 3789 sq.
911 3727 1040 3791 ἐναιμος
1058 3724 1153 3785 23834

202 3811 355 3863 ἑκάστοτε
375 3811 441 3875 133.
452 3811 484 3862 27
504 3811 565 3876 305
585 3810 659 3875 4231
682 3809 756 3871 5131
911 3812 1055 3869 ἐναντίος
1073 3811 1149 3875 3231
1162 3828 1200 3878 sq.
1224 3809 1363 3877 175398ιγ.
1394 3807 1423 3859 τὸ
1436 3805 1531 3875 κυρίως
1549 3806 1569 3856 ἐ.

202 3896 330 3955 ἐκθέσις
348 3897 444 3962 20234
967 3899 1043 3962 1630
1079 3899 1198 3968 ποιητικὰ
1216 3904 1268 3950 τῶν
1291 3897 1311 3948 έ.
1330 3895 1409 3959 3230
1432 3910 1492 3961 opp.
1517 3893 1569 3944 στέ-

202 3984 341 4053 έκκρίνω
360 3984 455 4048 22335
474 3984 569 4050 23135
589 3984 674 4049 2323.
686 3983 719 4034 29
964 4001 1034 4054 ρησις
1052 3984 1130 4047 5532
1141 4002 1180 4053 sq.
1216 3985 1284 4055 παρὰ
1303 3985 1377 4052 μέρος
1399 3987 1452 4033 τῶν
1475 3981 1494 4031 ἐ.
1514 3979 1569 4032 δεκ-

201 4069 350 4142 έκκροΰω
371 4071 464 4136 17034
574 4139 575 4142 γ
964 4072 1034 4124 τικόν
1054 4072 1131 4138 2032
1151 4072 1210 4137 333
1248 4072 1274 4124 ἐν
1293 4070 1422 4140 μηδετέρῳ
1438 4066 1466 4119 δν
1478 4073 1530 4119 τῶν
1549 4068 1569 4119 ἐ.

202 4157 341 4227 ἐκλειψις
362 4158 455 4220 19333
964 4159 1042 4222 3235
1087 4159 1140 4227 ἅμα
1168 4159 1233 4228 ἐγειν
1261 4159 1304 4216 τὰς
1332 4163 1384 4209 τῶν
1412 4157 1432 4207 ἐ.
1455 4155 1570 4221 δυνάμεις

203 4245 352 4302 ἐκοὺσιος
371 4260 433 4314 opp.
452 4245 569 4303 ἀκούσιος
592 4245 665 4310 1303
676 4262 714 4314 sq.
734 4245 783 4297 def.
800 4245 859 4310 131,
963 4248 1039 4313 3237
1076 4247 1108 4298 τὰ
1126 4247 1146 4298 ἐ.
1165 4246 1205 4298 διὰ
1226 4247 1250 4298 τί
1268 4244 1284 4314 ἠ
1304 4245 1351 4297 οὐκ
1372 4242 1397 4303 ἐξ
1416 4242 1534 4310 ἀλλήλων
1553 4241 1569 4307 ἡ

255 4331 289 4384 33
300 4348 338 4400 sq.
359 4332 451 4396 18337
471 4333 532 4384 dist.
551 4333 580 4385 τὸ
599 4331 644 4400 ἐφ’
662 4332 722 4401 ἡμῖν
744 4332 835 4396 18336
963 4334 1011 4386 οἰνκ
1031 4334 1056 4393 ἐξ
1076 4333 1159 4386 ἄλλων
1179 4333 1238 4396 283
1251 4350 1288 4401 sq.
1326 4331 1395 4384 εἰτὸ
1415 4331 1498 4400 ἕτερον
1517 4337 1569 4383 τῶν

203 4418 348 4471 ἐκπίπτω
367 4421 413 4488 τὴν
432 4418 556 4490 αἰσθητὴν
574 4419 647 4487 φθσιν
669 4418 761 4483 10533
963 4422 1083 4473 ἐναντίων
1107 4419 1255 4493 πολλαχῶς,
1285 4421 1328 4472 καὶ
1351 4419 1380 4470 τὸ
1403 4419 1487 4486 ἕτερον
1510 4417 1570 4470 πολ-

203 4505 378 4574 ἐκπθρωσις
397 4507 492 4572 22637
963 4507 1050 4580 λαγῶς
1077 4507 1169 4569 13134
1180 4524 1218 4574 sq.
1260 4509 1292 4558 τὰ
1314 4506 1334 4558 ἐ.
1358 4505 1471 4559 πλεῖστον
1495 4504 1568 4574 άλλη·

203 4593 330 4651 1κτασις
351 4593 444 4657 16735
466 4593 555 4658 17531
577 4593 671 4654 21732
963 4593 1015 4646 λων
1044 4594 1172 4664 διέστηκεν
1200 4595 1227 4646 ἐν
1253 4595 1291 4662 τῷ
1314 4594 1385 4663 αὐτῷ
1407 4593 1469 4660 γένει
1494 4592 1570 4655 1918

204 4678 336 4732 ἐκτείνω
358 4681 448 4744 10131
474 4681 566 4744 10230
588 4681 681 4744 10530
701 4682 794 4745 10637
963 4683 995 4733 τὰ
1014 4681 1033 4732 έ.
1053 4685 1091 4750 τῷ
1110 4681 1180 4750 αὐτῷ
1199 4681 1318 4752 ὒπάρχειν
1337 4679 1402 4730 κατὰ
1421 4679 1498 4730 ταίντὸ
1511 4678 1570 4731 ἀδίκ-

204 4765 357 4836 ἐκτίθημι
380 4767 458 4831 6632
482 4767 557 4832 7731
594 4768 686 4831 19238
710 4769 813 4833 23333.
824 4769 857 4820 29
963 4787 1036 4820 νατον
1057 4767 1188 4829 243530
1224 4773 1278 4825 πῶς
1296 4767 1401 4835 λέγομεν
1425 4767 1471 4836 τὴν
1490 4766 1570 4835 αὐτὴν

256 4852 330 4906 παίθα
350 4852 446 4915 20236
963 4853 1066 4922 δύναμιν
1086 4853 1138 4923 ἅμα
1157 4854 1276 4906 ἐναντίων
1294 4855 1354 4905 εἰναι
1377 4853 1567 4918 5926-6031
