3540 5610
655 315 711 385 [DE
734 316 843 371 ANfflA
867 317 969 370 LIBER
992 318 1117 386 ALTER]
1502 318 1563 382 153

261 490 338 555 ἐστιν
361 490 441 575 αὐτῷ
466 491 496 554 ἐν
520 491 656 576 συνεχείᾳ
683 490 730 572 (τὸ
753 489 806 572 γὰρ
828 489 902 552 κατὰ
924 490 1022 574 φύσιν,
1053 489 1128 552 καθά
1152 490 1212 554 ἐστι
1235 493 1266 553 τδ
1289 491 1360 554 εἶναι
1383 491 1510 574 ἑκάστῳ,

260 595 318 677 ἡδί
348 616 379 656 τε
411 595 458 657 καὶ
475 595 595 658 ὀἰκεῖον
625 594 673 655 καί
703 597 816 676 πρῶτον
848 591 979 674 ὀρεκτόν)
1008 593 1234 676 διηρθρωμένως
1263 594 1348 675 λέγει.
1397 594 1429 656 τδ
1457 593 1511 676 γὰρ

261 696 375 758 παιδίον
398 701 441 780 τῳ
466 696 588 779 μηδέπω
611 681 723 776 λογικδν
747 694 818 758 εἰναι
841 694 894 758 οόκ
918 694 951 757 ἂν
968 695 1013 779 εἰη
1038 701 1150 778 πρῶτον
1170 696 1355 780 οἰκειωμένον
1377 701 1415 778 τῇ
1438 695 1512 759 κατὰ

261 802 348 861 τοῦτο
371 799 512 883 ἐνεργείᾳ,
539 798 615 861 ἀλλὰ
637 798 699 861 ἐπεὶ
721 796 891 880 αἰσθητικάν
919 798 979 861 ἐστι
1002 803 1064 866 ταῖς
1090 799 1164 861 κατὰ
1192 800 1242 868 τόις
1264 800 1415 883 αἰσθήσεις
1438 799 1512 882 ἐνερ·

231 902 352 984 εγείαις
378 901 425 986 εἴη
450 901 483 965 ὀν
506 901 766 986 προσοικειωμένον
794 901 841 962 καὶ
868 897 910 962 ἔτι
939 905 980 983 τῷ
1011 900 1176 985 τρέφεσθαι.
1223 902 1380 985 ὀρεγόμενα
1406 903 1439 964 δὲ
1461 906 1512 984 τῆς

260 1004 339 1067 καθά
363 1005 440 1067 ἐστιν
464 1004 606 1089 ἐνεργείας
627 1003 846 1084 άνεμποδίστου,
874 1007 923 1065 τοῦ
947 1026 977 1064 τε
1000 1004 1104 1067 οἰκείου
1128 1005 1240 1087 ἀγαθοῦ
1263 1005 1311 1067 καὶ
1333 1010 1385 1086 τῆς
1407 1006 1513 1087 ἡδονῆς
1527 1019 1553 1062 45

262 1107 298 1171 ἂν
320 1108 459 1192 ὀρέγοιτο,
483 1106 513 1170 εί
523 1106 557 1189 γέ
572 1107 647 1170 ἐστιν
670 1106 761 1190 ἡδονὴ
778 1105 906 1188 ἐνέργεια
929 1111 981 1189 τῆς
998 1107 1070 1168 κατὰ
1090 1106 1174 1189 φύσιν
1197 1106 1284 1176 ἕξεως
1304 1105 1513 1190 ἀνεμπόδιστος
1610 1176 1612 1181 ,

261 1212 311 1274 καί
333 1208 374 1273 ἔτι
397 1213 448 1272 τοῦ
470 1209 568 1278 αὐτοῖς
590 1209 789 1293 περιγενέσθαι
811 1207 902 1293 αότήν
923 1209 990 1293 (τῆς
1012 1210 1064 1292 γὰρ
1081 1210 1152 1278 ἰδίοις
1175 1209 1317 1293 ἐνεργείας
1340 1209 1511 1293 ὀρέγονται).

262 1312 356 1396 ὀγὰρ
383 1318 436 1398 τῆς
465 1312 571 1382 οἰκείας
600 1310 743 1394 ἐνεργείας
770 1315 822 1393 τῆς
848 1310 923 1375 καθά
952 1312 1012 1376 ἐστι
1040 1314 1158 1394 δυνάμει
1187 1312 1357 1396 ὀρεγόμενος
1383 1312 1512 1396 ὀρέγεται

225 1431 252 1474 10
267 1416 320 1498 μὲν
348 1414 481 1500 δηλονότι
507 1420 559 1499 τῆς
586 1415 796 1496 άνεμποδίστου
822 1414 869 1496 (τδ
896 1414 949 1498 γὰρ
972 1416 1131 1478 κωλυτικδν
1159 1416 1207 1477 καί
1233 1415 1433 1497 ἐμποδιστικδν
1461 1421 1512 1499 τῆς

261 1519 405 1604 ἐνεργείας
432 1519 554 1603 φευκτὸν
582 1522 624 1602 τῷ
652 1516 816 1601 ὀρεγομένῳ
844 1516 964 1601 αὐτῆς),
998 1518 1059 1600 ἅμα
1086 1519 1118 1581 δέ
1144 1519 1163 1600 ἡ
1191 1516 1307 1601 τοιαύτη
1341 1519 1390 1580 καί
1417 1518 1510 1601 ἡδεῖα.

262 1622 394 1706 ὀρέγεται
417 1621 450 1684 δέ
471 1620 529 1705 οὐχ
552 1621 652 1689 ἁπλῶς
673 1619 825 1704 ἐνεργείας,
853 1619 927 1681 ἀλλὰ
949 1626 999 1683 τοῦ
1022 1621 1093 1684 αότδ
1116 1621 1239 1703 ἐνεργεῖν
1263 1621 1384 1705 καὶτῆς
1407 1620 1513 1689 οἰκείας

263 1722 328 1808 [τοῦ
351 1722 423 1787 αότδ
445 1723 570 1807 ἥδεσθαι
596 1722 724 1806 ὀρέγοιτο
752 1721 799 1805 ἄν]
832 1726 941 1803 μᾶλλον
969 1725 1001 1787 δέ
1024 1725 1086 1787 ἐπεὶ
1110 1725 1128 1807 ί,
1152 1722 1241 1805 ἡδονὴ
1270 1723 1370 1787 ἕπεται
1395 1727 1432 1806 τῇ
1457 1746 1511 1786 τοι·
1525 1739 1553 1781 το

262 1826 337 1910 αύτῃ
365 1826 494 1910 ἐνεργείᾳ
521 1826 592 1909 πρδς
617 1827 653 1910 ἢν
681 1827 834 1891 οἰκειοῦται
862 1828 988 1909 πρώτην.
1034 1810 1079 1889 σθ’
1095 1826 1149 1910 γὰρ
1173 1826 1281 1889 σκοπὸν
1309 1831 1361 1909 τῆς
1390 1824 1513 1909 ὀρέξεως

218 1946 246 1988 15
261 1930 314 2011 τὴν
337 1930 444 2013 ἡδονὴν
466 1929 637 2010 πεποίηται,
665 1929 740 1991 ἀλλὰ
764 1926 826 2012 ἔχει
850 1929 993 2013 ἑπομένην
1020 1929 1110 2013 αότὴν
1136 1934 1175 2012 τῇ
1199 1929 1335 2012 ἐνεργείᾳ.
1380 1932 1436 1990 πάν
1458 1927 1513 2011 γὰρ

261 2034 296 2096 τδ
319 2031 500 2116 κατὰφύσιν
522 2031 587 2113 ἡδύ.
632 2030 742 2115 οὐγὰρ
766 2033 867 2114 ἡσθεὶς
889 2037 1017 2116 πρῶτον,
1044 2028 1101 2094 εἶθ’
1130 2033 1222 2100 οὕτως
1245 2031 1375 2115 ὀρέγεται
1397 2035 1448 2093 τοῦ
1471 2029 1507 2093 δι’
1596 2086 1603 2099 ,

259 2135 294 2200 οδ
318 2136 409 2220 ἥσθη.
454 2133 487 2197 οό
510 2134 563 2217 γάρ
587 2135 622 2217 δὴ
646 2133 734 2216 λέγον
764 2136 838 2218 γεὴ
868 2134 953 2219 φάσις
980 2135 1086 2198 οἰκείου
1113 2138 1232 2220 χρῄζει,
1264 2131 1323 2197 ἀλλ’
1352 2134 1451 2197 ἕπεται
1473 2138 1512 2216 τῇ

261 2241 361 2322 τοιᾷδε
383 2240 464 2322 ἀρχῇ
492 2243 551 2305 τοῖς
572 2236 730 2320 γινομένοις
751 2237 836 2321 φύσει
858 2239 972 2307 πάντως
998 2238 1035 2301 τά
1061 2237 1122 2322 μετ’
1150 2238 1240 2322 αὐτὴν
1269 2239 1317 2300 καὶ
1339 2235 1448 2300 τοιόνδε
1470 2235 1512 2297 τέ-

260 2345 320 2417 λος,
342 2342 369 2403 εἰ
385 2341 476 2424 μηδὲν
498 2340 658 2421 ἐμποδίζοι,
681 2339 714 2402 οό
731 2340 891 2423 προνοηθὲν
915 2343 955 2409 ως
970 2339 1018 2403 ἐπὶ
1040 2346 1097 2402 τῶν
1113 2345 1235 2425 τεχνῶν,
1258 2339 1317 2404 ἀλλ’
1339 2340 1415 2403 οὕτω
1433 2362 1512 2402 κατε-

216 2461 247 2505 ’.νο
261 2443 466 2525 σκευασμένον.
490 2443 657 2527 σίιμρωνον
680 2443 712 2505 δὲ
734 2466 770 2525 τη
796 2442 915 2525 τοιαύτη
939 2443 1020 2527 ἀρχῇ
1043 2443 1091 2506 καί
1113 2444 1145 2505 τὸ
1169 2444 1250 2512 τέλος
1272 2445 1304 2506 τδ
1327 2442 1401 2507 κατὰ
1420 2442 1495 2527 Ἀρι·
1517 2458 1566 2502 1551

251 2547 396 2630 ’στοτέλη
420 2545 451 2609 δν
467 2546 594 2630 ἐνέργεια
609 2545 682 2608 κατὰ
697 2546 811 2630 ἀρετήν.
846 2545 920 2628 λέγει
944 2546 1021 2608 δὲέν
1037 2552 1079 2631 τῳ
1095 2548 1209 2631 δεκάτῳ
1231 2552 1288 2610 τῶν
1305 2544 1512 2632 Νικομαχείων

263 2650 387 2715 Ηθικῶν
416 2651 465 2713 καὶ
483 2647 687 2733 Ἀριστοτέλης
713 2650 804 2718 οὕτως
832 2649 897 2733 περὶ
925 2649 1041 2711 τούτου·
1071 2646 1240 2735 (ὀρέγεσθαι
1268 2651 1301 2712 δὲ
1328 2654 1379 2732 τῆς
1405 2650 1512 2733 ἡδονῆς

260 2753 377 2837 οἰηθείη
399 2775 441 2822 τις
457 2751 490 2815 ὀν
506 2734 645 2828 ἅπαντας,
670 2750 714 2814 ὅτι
736 2752 851 2815 καὶτοῦ
875 2755 926 2835 ζῆν
942 2752 1066 2820 ἅπαντες
1087 2751 1223 2836 ἐφίενται,
1262 2753 1281 2836 ἡ
1305 2752 1337 2814 δὲ
1354 2752 1414 2836 ζωὴ
1437 2751 1512 2835 ἐνέρ-

260 2858 325 2940 γειά
350 2857 393 2926 τίς
424 2855 500 2932 ἐστι,
532 2855 581 2917 καί
607 2854 729 2923 ἕκαστος
759 2855 824 2938 περὶ
851 2859 939 2917 ταῦτα
970 2855 1017 2917 καί
1050 2855 1161 2924 τούτοις
1187 2856 1310 2939 ἐνεργεῖ,
1343 2854 1362 2917 ἃ
1389 2857 1513 2936 μάλιστα

215 2976 245 3020 25
259 2961 369 3042 ἀγαπᾷ.
414 2960 432 3042 ί,
456 2959 488 3022 δέ
510 2957 600 3041 ἡδονὴ
627 2960 734 3020 τελειοῖ
760 2957 811 3026 τὰς
834 2957 990 3041 ἐνεργείας,
1018 2958 1064 3019 καὶ
1091 2958 1123 3021 τδ
1147 2961 1199 3040 ζῆν
1222 2957 1268 3036 δέ,
1300 2957 1334 3021 οὖ
1356 2957 1511 3041 ὀρέγονται.
1539 2973 1553 3015 5

259 3051 387 3144 εόλόγως
414 3058 464 3123 οὖν
495 3060 542 3123 καὶ
569 3065 620 3144 τῆς
654 3061 761 3144 ἡδονῆς
787 3060 926 3144 ἐφίενται·
960 3064 1067 3123 τελειοῖ
1085 3059 1139 3143 γὰρ
1163 3060 1277 3145 ἑκάστῳ
1306 3061 1337 3123 τό
1367 3065 1418 3145 ζῆν
1442 3060 1512 3145 ὅπερ

259 3166 337 3230 ἐστὶν
360 3160 505 3249 αίρετέν’.

560 3401 639 3470 Ὅτι
665 3390 990 3469 ἀντακολοοθοδσιν
1013 3407 1047 3468 αἱ
1075 3405 1203 3488 ἀρεταί.

345 3577 387 3643 Τό
411 3579 461 3647 τὰς
483 3558 588 3663 ἀρέτόις
610 3577 834 3645 ἀντακολουθεῖν
861 3578 1001 3661 ἀλλήλαις
1028 3579 1075 3640 καὶ
1099 3577 1189 3659 ταύτῃ
1213 3577 1265 3660 μὲν
1289 3575 1322 3640 ἂν
1345 3577 1511 3650 δεικνύοιτο,

215 3678 278 3769 3οῄ
307 3684 446 3747 ἀδύνατον
471 3682 536 3763 μίαν
559 3680 621 3744 τινὰ
644 3681 673 3750 ἐξ
688 3680 784 3744 αὐτῶν
808 3678 887 3765 ἔχειν
903 3679 1062 3764 ὁλόκληρον
1086 3681 1127 3764 μὴ
1150 3681 1197 3743 καὶ
1214 3679 1263 3749 τοίς
1285 3680 1374 3748 ἄλλας
1396 3677 1511 3764 ἔχοντα.

257 3786 328 3850 οὔτε
356 3786 411 3868 γὰρ
438 3784 619 3865 δικαιοσύνην
647 3783 708 3847 οἶόν
736 3807 767 3846 τε
795 3781 874 3868 ἔχειν
898 3781 1001 3867 μόνην,
1031 3781 1062 3844 εί
1079 3806 1112 3864 γε
1133 3786 1184 3845 τοῦ
1211 3784 1263 3866 μέν
1290 3783 1399 3845 δικαίου
1427 3782 1459 3844 τὸ
1482 3782 1511 3844 ἐν

205 3978 215 4028 l
247 3983 310 4043 post
329 3973 356 4025 ἐν
376 3972 504 4041 συνεχείᾳ,
527 3973 578 4024 nisi
598 3977 746 4039 corruptum
771 3975 822 4037 est,
845 3972 946 4041 aliquid
968 3972 1097 4024 excidisse
1121 3972 1230 4024 videtur.
1267 3975 1402 4039 exspectas
1427 3973 1495 4024 enim
1519 3972 1566 4040 τὴν

200 4062 270 4115 καθδ
289 4061 318 4113 τό
333 4059 396 4112 εἷναί
413 4060 479 4112 ἐστιν
491 4058 563 4128 αότῷ
582 4060 648 4111 κατὰ
665 4059 735 4130 φόσιν
748 4060 870 4130 ἐνέργειαν
888 4061 954 4125 (sive
974 4059 1022 4120 ἕξιν
1041 4061 1095 4112 sive
1107 4059 1261 4129 τελειότητα)
1280 4059 1312 4110 cf.
1329 4058 1430 4125 15],31,
1451 4059 1565 4124 153,6,7.

200 4152 218 4205 5
237 4150 269 4203 ἂν
289 4163 340 4202 om.
359 4164 375 4200 ιι
467 4147 706 4219 προσοικειωμίνον]
727 4163 741 4200 σ
759 4149 796 4200 ml
815 4147 900 4214 suppl.
920 4147 947 4198 in
965 4150 1017 4215 mg.
1036 4155 1097 4200 ante
1116 4163 1130 4200 σ
1147 4163 1202 4200 una
1219 4147 1257 4198 lit.
1277 4161 1350 4198 erasa
1369 4147 1391 4199 V
1484 4135 1565 4219 ὀρεγό-

201 4237 279 4307 μενα]
300 4236 314 4289 ὀ
333 4238 363 4289 in
380 4235 470 4288 lim:
489 4232 662 4307 ὀριγόμεθαα
772 4234 925 4287 δίοτίιιεεε
944 4232 1027 4291 αὐτοῖς
1137 4235 1198 4292 ἰδίοις
1216 4234 1262 4300 αιί,
1279 4232 1350 4303 ἡδίας
1368 4235 1404 4285 m¹
1414 4235 1448 4285 V:
1471 4233 1566 4293 ἰδίαςκ

202 4327 234 4380 τί.
256 4323 353 4390 152,26
460 4322 489 4374 ll
511 4321 581 4392 ἠδεία
600 4338 664 4375 corr.
683 4340 723 4375 ex.
741 4322 800 4393 ηδία
818 4323 841 4376 V
950 4321 980 4373 12
999 4321 1060 4374 αότδ
1079 4321 1196 4394 ἐνεργεῖν]
1215 4328 1350 4390 exspectas
1368 4320 1444 4380 αότός
1461 4322 1566 4392 ἐνεργεῖν

201 4418 228 4466 εἰ
245 4411 325 4469 αὐτὸς
342 4407 455 4479 ἥδεσθαι,
475 4410 528 4462 sed.
547 4409 580 4461 cf·
598 4410 655 4463 Ind.
675 4426 695 4463 s.
709 4427 733 4462 ι.
752 4415 872 4463 neutrum
991 4410 1022 4462 13
1049 4414 1094 4462 τοῦ
1112 4409 1173 4462 αότὸ
1192 4407 1295 4478 ἥδεσθαι
1313 4407 1424 4479 ὀρέγοιτο
1442 4408 1484 4479 ἂν]
1503 4411 1566 4462 haec

201 4502 255 4554 nisi
274 4500 470 4566 transposueris
489 4502 549 4565 post
567 4497 628 4567 πρὸς
646 4498 676 4567 ἣν
695 4497 829 4550 οἰκειοῦται
848 4497 952 4570 πρώτην
970 4513 1024 4550 non
1043 4488 1166 4565 in'tellego
1276 4497 1306 4547 14
1334 4496 1391 4568 γὰρ]
1411 4514 1424 4568 ρ
1442 4498 1471 4549 in
1489 4497 1565 4573 lim

202 4589 238 4641 ’20
254 4585 455 4657 ὀριττοτίληνο
554 4585 585 4636 θλ
607 4584 667 4637 δνα
764 4586 863 4655 δεκάτῳ
883 4586 988 4652 scn'psi:
1007 4588 1024 4635 'i
1044 4586 1136 4637 θεῖα
1231 4583 1257 4635 ἐν
1275 4586 1313 4652 τιγῑ
1332 4581 1430 4652 δεκάτῳ
1448 4591 1502 4636 τῶν
1521 4580 1565 4638 Νι-

202 4673 352 4748 κομαχιίων
371 4669 496 4741 Ἠθικῶν]
517 4675 561 4725 Ar.
580 4672 639 4724 Eth.
658 4673 714 4725 Nic.
737 4674 794 4738 10‚3
816 4673 940 4725 1175210
1038 4672 1071 4724 22
1090 4671 1116 4724 δὲ
1134 4688 1184 4725 om.
1203 4689 1219 4723 a
1313 4670 1346 4723 24
1366 4670 1427 4740 ἐστι]
1447 4673 1508 4724 εἶναι
1527 4673 1567 4725 Va

203 4762 310 4814 ίιαστον
329 4763 369 4814 Va
451 4759 485 4812 ‘26
504 4756 564 4828 ὅπερ
583 4759 648 4812 ἐστίν
666 4760 762 4829 αἱρετόν
782 4761 833 4812 Va:
853 4759 948 4827 αἱρετὸν
967 4758 995 4811 ὀν
1014 4759 1094 4812 Arist.
1177 4759 1211 4811 28
1225 4757 1279 4812 Ὅτι
1298 4757 1523 4812 ἀντακολουθοῦσιν
1541 4760 1567 4811 αἰ

203 4847 300 4917 ἀρεταί]
319 4847 352 4900 cf.
373 4847 516 4900 Alexandri
536 4851 635 4916 quaest.
655 4851 708 4899 nat.
728 4851 752 4900 εἰ
772 4861 834 4899 mor.
853 4846 913 4912 422
1021 4846 1054 4898 29
1078 4844 1225 4898 ἀκολουθεῖν
1244 4863 1259 4899 τι
1364 4846 1396 4898 31
1421 4847 1487 4919 ἔχειν
1505 4863 1530 4898 τ.
1543 4862 1565 4898 c.

203 4935 256 5004 ἰχει
274 4936 310 4987 m'
321 4935 356 4987 V:
377 4935 443 5008 ἰγειν
461 4951 477 4987 a
