3540 5610
571 300 800 359 ΑΛΕΞΑΝΔΡΟΥ
819 301 972 360 ΑΙΙΟΡΙΩΝ
992 301 1053 358 ΚΑΙ
1072 300 1208 358 ΛΥΣΕΩΝ

260 613 343 677 XVI.
391 611 525 681 λέξεως
547 612 713 695 ἐξήγησις
736 613 928 696 εἰρημένης
950 614 984 676 ἐν
1008 620 1054 698 τῷ
1078 627 1097 677 <i
1119 619 1181 697 τῆς
1207 613 1365 698 Φυσικῆς
1393 612 1562 695 άκροά-το

261 738 348 786 σεως
372 714 638 800 Ἀριστοτέλους
673 719 752 800 περὶ
787 721 846 779 τοῦ
879 717 1045 780 τάναντία
1078 741 1149 786 πως
1175 717 1234 787 τὰς
1268 717 1379 801 ἀρχὰς
1406 720 1519 778 ποιεῖν

820 842 959 888 παντας.

338 985 419 1053 Ὅτι
442 990 503 1071 μέν
527 988 587 1052 οὖν
616 990 778 1052 τάναντία
806 1013 877 1058 πως
903 992 1029 1059 πάντες
1056 995 1195 1054 ποιοῦσι
1222 990 1281 1060 τὰς
1304 992 1433 1076 ἀρχάς,
1462 993 1561 1074 δήὸ

224 1093 326 1160 ελον.
372 1093 428 1155 καί
455 1091 547 1155 τοῦτ’
575 1091 757 1174 εόλόΙγως·
791 1095 846 1155 δεῖ
866 1093 928 1176 γδρ
956 1094 1017 1163 τὰς
1043 1094 1157 1178 ἀρχᾶς
1184 1096 1270 1178 μήτε
1297 1094 1332 1163 ἐξ
1355 1094 1520 1176 ἀλλήλων
1540 1101 1574 1155 57

259 1194 351 1256 εἶναι
381 1195 469 1276 μήτε
496 1196 531 1264 ἐΕ
558 1195 688 1270 ἄλλων,
719 1197 774 1258 καὶ
802 1196 840 1259 ἐκ
867 1197 998 1259 τούτων
1027 1199 1146 1259 πάντα.
1192 1203 1266 1266 τοῖς
1292 1196 1318 1260 δ’
1346 1197 1521 1265 ἐναντίοις

260 1302 332 1365 τοῖς
355 1301 506 1381 πρώτοις
528 1300 684 1383 ὑπάρχει
706 1303 831 1373 ταῦτα,
858 1299 914 1362 διὰ
938 1299 998 1381 μὲν
1021 1300 1058 1361 τδ
1081 1305 1201 1383 πρῶτα
1224 1298 1313 1362 εἶναι
1337 1301 1382 1382 μὴ
1406 1299 1441 1369 ἐξ
1463 1297 1521 1360 ἄλ·
1547 1315 1563 1356 ὅ

259 1403 341 1476 λων,
372 1401 427 1463 διὰ
455 1402 492 1463 δέ
518 1402 556 1464 τδ
583 1403 723 1482 ἐναντία
750 1403 796 1484 μή
824 1401 858 1469 ἐξ
885 1402 1060 1485 ἀλλήλων.
1106 1400 1239 1486 ἠπόρησε
1261 1405 1290 1464 τί
1311 1401 1375 1465 πότ’
1403 1403 1464 1466 ἐστι
1487 1403 1521 1465 τδ

259 1502 411 1586 εἰρημένον
435 1504 482 1567 διὰ
498 1504 605 1586 ταύτης
627 1509 679 1588 τῆς
693 1503 810 1577 λέξεως,
833 1505 881 1566 καὶ
903 1504 949 1568 διὰ
973 1505 1000 1566 τί
1021 1505 1039 1587 ἢ
1057 1504 1110 1567 οὐκ
1135 1504 1164 1572 ἐξ
1180 1507 1316 1589 ἀλλήλων
1339 1505 1374 1567 τὰ
1397 1505 1521 1577 ἐναντία,

208 1624 240 1670 10
259 1605 277 1688 ή
301 1605 355 1669 οὐκ
377 1606 407 1676 ἐξ
429 1605 526 1670 ἄλλων
550 1605 625 1690 (καὶ)
649 1607 685 1669 τό
708 1608 843 1690 πρότερα.
889 1604 921 1669 τό
944 1629 975 1668 τε
1001 1607 1054 1690 γὰρ
1078 1608 1108 1676 ἐξ
1130 1608 1267 1690 ἀλλήλων
1289 1606 1325 1670 τὰ
1347 1608 1461 1670 ἐναντία
1483 1609 1521 1689 γί·
1536 1623 1564 1666 ιο

261 1710 362 1772 νεσθαι
385 1709 472 1778 αὐτὸς
495 1710 589 1791 ὀλίγον
612 1711 766 1792 προελθὼν
789 1709 865 1790 λέγει
894 1709 1004 1792 (δείξας
1033 1712 1088 1794 γάρ
1111 1733 1173 1772 τινα
1196 1710 1368 1793 ἐπήνεγκεν·
1401 1710 1431 1772 εί
1453 1711 1522 1772 τοί·

258 1834 316 1873 νυν
340 1811 430 1874 τοῦτ’
452 1810 548 1874 ἔστιν
571 1813 718 1896 ἀληθές,
742 1813 831 1875 ἅπαν
856 1812 894 1874 άν
917 1813 1047 1893 γίνοιτο
1071 1813 1110 1874 τδ
1132 1812 1320 1894 γινόμενον
1344 1815 1401 1876 καὶ
1424 1814 1522 1897 φθεί·

258 1937 356 1998 ροιτο
379 1917 415 1978 τὸ
438 1914 675 1999 φθειρόμενον
704 1915 722 1997 ἢ
746 1915 780 1984 ἐξ
804 1915 970 1977 ἐναντίων
993 1914 1040 1998 (ᾖ)
1067 1917 1117 1983 εἰς
1140 1915 1279 1978 ἐναντία
1302 1917 1359 1978 καὶ
1382 1915 1423 1977 τὰ
1444 1915 1520 1977 τού·

258 2040 325 2078 των
353 2017 490 2099 μεταξό.
540 2018 579 2080 τὰ
607 2018 644 2080 δέ
672 2018 800 2101 μεταξὺ
828 2018 866 2081 ἐκ
893 2024 959 2080 τῶν
987 2018 1151 2081 ἐναντίων
1179 2019 1288 2094 ἐστίν,
1319 2018 1397 2081 οἷον
1427 2020 1518 2102 χριό-
1536 2033 1564 2075 ιι

209 2139 237 2186 15
258 2142 348 2203 ματα
371 2119 408 2181 ἐκ
431 2122 558 2182 λευκοῦ
582 2121 640 2183 καὶ
663 2119 827 2202 μέλανος,
851 2121 941 2183 ὥστε
963 2121 1074 2182 πάντα
1098 2119 1136 2182 ἂν
1159 2119 1214 2205 εἴη
1238 2119 1278 2182 τὰ
1300 2122 1403 2204 φύσει
1426 2118 1518 2201 γινό·

259 2246 345 2302 μενα
374 2222 393 2305 ή
421 2222 560 2285 ἐναντία
589 2224 609 2306 ἢ
636 2223 671 2292 ἐξ
697 2223 893 2304 ἐναντίων),
921 2222 953 2285 τό
976 2246 1007 2285 τε
1030 2223 1121 2305 λέγειν
1148 2223 1184 2285 τὰ
1206 2227 1309 2306 πρῶτα
1336 2223 1451 2286 ἐναντία
1475 2224 1516 2305 μή

258 2325 289 2394 ἐξ
311 2325 407 2389 ἄλλων
431 2327 560 2407 γίνεσθαι
577 2328 726 2410 ἀπορήσαι
749 2350 790 2395 τις
805 2325 851 2399 άν,
875 2332 937 2394 πῶς
953 2326 1076 2407 λέγεται.
1111 2323 1239 2387 καθόσον
1263 2326 1315 2407 μέν
1338 2326 1392 2408 γὰρ
1416 2330 1565 2408 πρῶταὶθ

260 2426 409 2491 ὑπόκειται
432 2429 556 2503 ἐναντία,
583 2429 635 2493 οὐκ
660 2429 694 2492 ἂν
718 2429 763 2513 εἴη
786 2428 921 2512 γινόμενα
944 2428 977 2491 ἔκ
1004 2452 1088 2490 τινων
1112 2427 1361 2513 προϋπαρχόντων
1383 2429 1519 2492 ἐναντίων

261 2529 372 2610 (οὐκέτι
395 2531 449 2614 γὰρ
471 2531 503 2593 ἂν
526 2532 600 2594 αὐτὰ
623 2538 727 2615 πρῶτα
750 2532 822 2614 εἴη),
845 2536 908 2600 πῶς
931 2530 958 2594 δ’
979 2533 1005 2592 εἰ
1027 2532 1068 2614 μή
1093 2535 1177 2593 τοῦτο
1199 2532 1314 2613 γίνοιτο,
1337 2532 1414 2593 ἀίδια
1437 2528 1521 2593 ἔσται

204 2653 237 2700 ‘20
260 2633 295 2694 τὰ
319 2640 420 2714 πρῶτα
443 2635 573 2716 ἐναντία;
604 2635 623 2717 ἦ
647 2635 702 2718 γὰρ
725 2635 822 2715 δεήσει
845 2634 919 2696 αὐτὰ
947 2635 988 2702 εἰς
1012 2630 1125 2715 ἄλληλα
1149 2634 1354 2717 μεταβάλλειν,
1376 2633 1458 2700 ὅπως
1480 2633 1519 2715 γί·
1534 2648 1564 2691 κε

256 2736 333 2799 νοιτό
357 2760 382 2798 τι
405 2736 436 2805 ἐξ
458 2736 554 2800 αὐτῶν
576 2738 687 2819 (οὕτως
710 2739 741 2799 δέ
765 2734 859 2800 οὐκέτ’
878 2735 912 2798 ἂν
936 2739 1060 2807 σώζοιτο
1083 2735 1151 2798 οὐδὲ
1175 2736 1220 2797 ἀεὶ
1245 2734 1248 2799 !
1275 2737 1365 2818 μένοι,
1388 2734 1451 2798 οὐδ’
1479 2735 1515 2798 ἂν
1536 2744 1574 2800 58

257 2836 393 2921 ἄφθαρτα
416 2838 463 2922 εἴη
491 2838 553 2902 οὐδ’
580 2840 770 2923 ἀμετάβλητα
798 2840 840 2906 εἰς
862 2837 1006 2921 ἄλληλα),
1035 2861 1054 2919 η
1079 2839 1104 2899 εί
1131 2838 1177 2899 ἀεὶ
1201 2838 1281 2917 μένοι
1308 2839 1343 2901 τό
1365 2838 1455 2912 αὐτοί,
1484 2838 1521 2901 οὐ

256 2943 329 3002 κατὰ
359 2941 522 3023 μεταβολὴν
552 2939 585 3001 ἂν
612 2943 682 3003 οὐδὲ
712 2939 775 3003 κατ’
805 2940 959 3003 ἀλλοίωσίν
987 2962 1049 3001 τινα
1078 2939 1112 3001 τὰ
1139 2939 1274 3022 γινόμενα
1296 2939 1415 3021 γίνοιτο,
1443 2940 1520 3003 ἀλλὰ

257 3042 391 3105 συνθέσει
414 3045 508 3104 τεκαὶ
527 3044 678 3126 συγκρίσει
700 3044 748 3105 καὶ
772 3043 911 3126 διακρίσει
934 3046 991 3103 τῶν
1015 3045 1139 3125 πρώτων
1163 3042 1234 3124 πρδς
1249 3042 1362 3125 ἄλληλα
1385 3044 1433 3105 καὶ
1448 3048 1520 3128 ποιᾷ
1548 3059 1563 3102 ι

205 3164 237 3212 25
258 3145 339 3207 θέσει
363 3147 410 3206 καὶ
433 3146 520 3213 τάξει.
565 3145 622 3228 οὐχ
645 3146 722 3207 οὕτω
745 3142 771 3206 δ’
799 3141 879 3228 ἔχειν
908 3143 987 3228 αὐτῷ
1014 3146 1105 3205 δοκεῖ.
1150 3143 1223 3227 ήέί
1249 3144 1385 3227 άλλήλων
1408 3146 1461 3226 μὲν
1482 3144 1519 3208 οὔ

256 3268 327 3330 φησι
361 3248 492 3328 γίνεσθαι
525 3247 560 3308 τὰ
589 3247 715 3319 ἐναντία,
752 3244 795 3307 ότι
824 3245 865 3328 μὴ
900 3245 993 3313 οὕτως
1020 3246 1149 3326 γίνεσθαι
1176 3245 1205 3313 ἐξ
1233 3245 1369 3328 ἀλλήλων
1400 3248 1518 3311 δόναται

257 3354 297 3417 όις
320 3348 522 3432 ὑπομενόντων
546 3348 596 3429 (οὐ
612 3348 666 3432 γὰρ
689 3347 828 3428 ὑπομένει
851 3348 883 3409 τό
905 3347 1002 3430 ἕτερον
1025 3352 1083 3409 τῶν
1106 3347 1243 3410 ἐναντίων
1267 3348 1413 3431 θάτερον),
1437 3351 1521 3413 δοκεῖ
1534 3367 1561 3409 ιο

256 3452 288 3513 δέ
317 3457 373 3513 πᾶν
402 3451 553 3534 γινόμενον
581 3448 614 3513 ἔκ
646 3473 721 3516 τινος
753 3453 793 3517 ὡς
821 3449 1012 3531 ὑπομένοντος
1040 3449 1128 3512 αὐτοῦ
1161 3449 1303 3532 γίνεσθαι,
1339 3453 1380 3518 ὡς
1407 3456 1519 3535 προῖὼν

255 3553 342 3621 αὐτὸς
365 3555 491 3616 δείκνυσί
518 3576 549 3615 τε
573 3554 620 3614 καὶ
644 3552 768 3633 διορίζει.
814 3553 840 3613 εἰ
867 3549 891 3615 δ’
921 3553 998 3614 οὕτω
1028 3552 1080 3634 μὲν
1110 3551 1139 3620 ἐξ
1170 3553 1307 3634 ἀλλήλων
1335 3554 1375 3635 μή
1398 3555 1518 3635 γίνεται,

203 3675 237 3723 30
256 3656 329 3719 κατὰ
353 3657 452 3738 δὲτὴν
475 3660 526 3718 τοῦ
543 3654 734 3737 ὑποκειμένου
759 3655 837 3739 παρὰ
861 3654 947 3737 μέρος
963 3655 1003 3722 είς
1024 3655 1165 3737 ἑκάτερον
1181 3655 1276 3717 αὐτῶν
1294 3657 1457 3740 μεταβολήν
1479 3659 1518 3741 γί-
1535 3676 1560 3718 ιε

205 3932 215 3982 l
240 3930 321 3997 ἐντῷ
341 3927 551 3998 ατῐγςΦυσικής
574 3927 732 3999 ἀκροάσεως]
757 3928 834 3993 Phys.
853 3943 923 3978 ausc.
944 3926 964 3989 Ι,
978 3926 1002 3978 5.
1026 3926 1133 3978 188⁸·26
1159 3926 1194 3992 (v.
1215 3929 1231 3979 θ
1250 3926 1283 3978 cf.
1302 3928 1336 3978 ib.
1359 3926 1482 3994 188b21)

202 4016 356 4069 ίτάναντία
369 4016 424 4083 Su:
444 4016 543 4067 ἐναντία
555 4019 630 4067 vBa:
650 4013 761 4070 ἐναντίας
774 4016 862 4067 GFSL
946 4009 1139 4081 5τοῠτ’]τόα
1223 4013 1407 4085 Ἱίιπάρχτινο
1493 4017 1510 4069 8
1534 4018 1572 4088 μὴ

203 4106 237 4154 V¹
258 4107 285 4156 in
310 4120 359 4171 mg.
484 4091 595 4172 ήπόρησε
620 4102 710 4168 (supra
729 4119 740 4152 ε
760 4101 902 4167 paullulum
928 4102 1025 4166 rasum)
1049 4104 1109 4152 VB:
1137 4101 1264 4172 ἠπόρηται
1289 4103 1394 4153 GFSLa
1417 4101 1463 4169 Sp.

202 4191 276 4259 ποτ’]
296 4192 394 4243 insrao
416 4189 559 4257 paullulum
587 4206 672 4241 rasum
695 4193 715 4238 V
824 4192 839 4239 θ
863 4188 878 4255 'll
899 4204 947 4239 om.
968 4207 983 4239 a
1002 4188 1047 4255 Sp.
1158 4189 1189 4239 10
1219 4189 1263 4240 καὶ
1286 4188 1345 4240 add.
1366 4188 1433 4240 vict.
1453 4189 1499 4257 Sp.

206 4280 233 4329 ll
255 4276 402 4346 προσελθὼν
423 4278 457 4326 V¹
477 4278 552 4342 (eurr.
577 4278 622 4342 V‘·')
713 4276 837 4344 ἐπήγαγεν
856 4294 872 4325 ιι
890 4275 934 4341 sp.
1035 4274 1065 4326 13
1085 4274 1100 4342 l
1120 4275 1178 4326 adl.
1199 4276 1242 4343 Sp.
1338 4276 1370 4327 λθ
1389 4276 1521 4341 ἐναντίων]
1540 4296 1573 4328 αν

202 4381 281 4432 supra
300 4381 400 4415 versum
422 4370 443 4415 V
528 4365 556 4415 τὸ
576 4363 601 4415 δὲ
625 4364 691 4415 l'ict.
783 4364 811 4413 λθ
831 4358 857 4413 δ’
878 4361 911 4429 el}
931 4361 967 4412 δεῖ
985 4380 1000 4411 a
1090 4362 1120 4413 ⁴21
1143 4361 1200 4414 ουδὲ
1220 4363 1257 4414 ἀεὶ
1277 4364 1347 4429 μένοι
1368 4365 1390 4415 G
1410 4363 1492 4414 vicu:
1512 4362 1572 4416 οὐδὲ

202 4455 224 4505 τί
250 4453 321 4519 μένοι
340 4455 436 4505 VSBu:
465 4451 615 4517 οὺδεείμενοι
634 4454 676 4501 Fu
785 4449 817 4500 :u
846 4450 915 4514 μένοι
934 4449 1014 4515 (μένει
1034 4450 1067 4511 Β)
1087 4450 1118 4500 τὰ
1142 4448 1206 4501 αὐτά
1226 4453 1354 4503 BGFSLa
1371 4446 1429 4516 Su:
1458 4455 1514 4517 μὲν,
1538 4452 1573 4503 τὰ

203 4539 241 4602 (τό
261 4556 339 4605 supra
358 4540 388 4590 τὰ
403 4539 447 4600 V¹)
466 4538 529 4589 αὐτα
549 4541 585 4588 οἰκ·
605 4542 628 4586 V
649 4538 716 4604 quud
736 4536 864 4604 quomodo
885 4537 1025 4587 correxerit
1046 4536 1080 4584 V²
1099 4538 1226 4588 incertum
1312 4536 1346 4588 23
1365 4535 1394 4588 δν
1409 4538 1469 4589 WB
1486 4539 1571 4590 lieu:

203 4626 292 4678 lvV':
313 4641 362 4677 om.
383 4629 488 4679 Gl‘sLa
578 4623 610 4673 2’5
634 4621 702 4674 οὕτω
723 4619 760 4690 δ’]
781 4621 865 4674 οὕτωσ
885 4622 920 4673 V¹
939 4626 1013 4685 (corr.
1031 4623 1075 4685 Vl)
1166 4623 1274 4676 fortasse
1293 4623 1369 4686 δοκεῖ,
1389 4624 1416 4676 εἰ
1435 4623 1461 4683 ἐξ

203 4713 236 4765 ’27
267 4711 395 4780 ὑπομένει]
421 4729 442 4762 ει
461 4713 487 4763 in
508 4712 588 4762 lit.V
696 4710 805 4761 fortasse
825 4710 930 4778 θάτερον
950 4710 1099 4777 (γινόμενον)
1207 4711 1239 4762 ’ὶθ
1259 4709 1368 4778 διορίζει]
1389 4710 1469 4777 Phys.
1490 4714 1572 4764 Auac.

203 4801 259 4863 1‚7.
283 4798 391 4850 λθθυθθ
402 4816 458 4866 sqq.
544 4799 579 4866 μή
593 4797 685 4864 γίνεται
698 4801 731 4846 V:
753 4796 781 4847 οὺ
796 4797 888 4863 γίνεται
901 4797 968 4848 138²:
990 4797 1024 4863 μὴ
1045 4798 1136 4863 γίνοιτο
1151 4800 1266 4850 (uuum
1350 4796 1384 4848 30
1404 4796 1573 4866 ὐποκειμίνον

204 4890 237 4939 V¹
263 4889 337 4956 (corr.
360 4888 405 4950 V'·')
495 4883 637 4955 μεταβολήν
655 4886 704 4934 θ’·ἰ
724 4882 852 4950 μεταβολή
873 4883 929 4933 libri
