3540 5610
201 305 261 367 112
639 304 868 362 ΑΛΕΞΑΝΔΡΟΥ
888 305 1115 363 ΑΦΡΟΔΙΣΙΕΩΣ

252 480 310 536 τῶν
333 480 384 560 την
407 479 498 541 αἰτίαν
521 485 578 542 τῶν
601 484 803 564 περιεστώτων
827 480 931 550 αὑτοὺς
954 486 1051 543 κακῶν
1075 481 1299 565 μεταφέροντας,
1333 482 1406 564 δὺξη
1443 480 1512 543 ούτε

253 582 311 644 τοῖς
339 579 470 664 ἐναργέσι
498 585 662 665 συναδοὺση
696 581 762 644 οὑτε
796 583 874 651 τινὰς
906 583 1008 651 πιστὰς
1034 583 1193 652 ἀποδείξεις
1220 589 1272 645 τοῦ
1299 584 1393 652 οὑτως
1425 581 1506 667 ἔχειν
1523 599 1551 641 ιε

253 678 366 763 ἐχοὺση
391 684 506 766 προσέτι
529 708 560 746 τε
583 684 741 767 άναιρούση
765 686 796 746 τὸ
820 684 894 748 εἶναί
914 710 940 749 τι
962 684 1008 769 ἐφ’
1037 688 1116 768 ημῖν,
1140 686 1173 749 οὑ
1191 686 1394 754 πιστευθέντος
1408 688 1451 754 τίς
1474 684 1509 747 ἂν

253 780 328 865 άλλη
345 785 450 865 μείζων
475 786 506 847 ἐκ
529 785 622 868 λύγων
645 787 754 868 γένοιτο
778 788 879 869 Ιξημιά;
904 787 948 848 ὑτι
971 788 1022 869 μὲν
1045 787 1099 870 γὰρ
1123 789 1201 871 παρὰ
1224 788 1259 850 τὰ
1281 789 1398 871 ἐναργῆ,
1421 790 1513 870 δῆλον

220 903 234 949 5
254 885 287 946 ἐκ
311 890 362 947 τοῦ
386 890 595 951 πεπιστεῦσθαι
619 891 670 969 μὲν
694 890 800 973 σχεδὸν
828 889 883 951 ὑπδ
912 890 1027 951 πάντων
1055 891 1177 952 ἰδιωτῶν
1205 913 1236 952 τε
1264 893 1312 953 καὶ
1339 890 1510 975 φιλοσόφων
1525 908 1555 949 ευ

253 988 286 1050 τὸ
308 989 438 1069 γίνεσθαί
458 1014 519 1052 τινα
541 992 590 1054 καὶ
612 991 783 1072 αὐτομάτως
806 993 853 1054 καὶ
876 992 934 1054 ἀπὸ
957 992 1058 1075 τύχης,
1080 992 1153 1054 εἶναι
1175 992 1208 1056 δέ
1230 1016 1292 1055 τινα
1313 998 1372 1054 τῶν
1395 991 1510 1075 γινομέ-

254 1113 310 1151 νων
333 1092 381 1153 καλ
404 1092 603 1176 ἐνδεχομένως
626 1092 761 1174 γινύμενα
784 1094 830 1156 καὶ
854 1090 933 1176 ἔχειν
956 1094 1018 1156 τινὰ
1041 1097 1141 1178 χώραν
1164 1094 1193 1156 ἐν
1217 1099 1277 1163 τοῖς
1303 1093 1384 1158 οὖσιν
1406 1096 1455 1157 καὶ
1479 1095 1512 1155 τδ

254 1193 344 1275 μηδὲν
369 1197 478 1271 μᾶλλον
502 1194 568 1257 τάδε
591 1197 685 1268 τοῦδε,
713 1194 821 1258 τούτων
846 1197 877 1257 δὲ
901 1196 990 1279 μηδὲν
1014 1197 1162 1266 σώζεσθαι
1185 1197 1260 1260 κατὰ
1281 1197 1347 1265 τοὺς
1370 1195 1400 1263 ἐξ
1423 1197 1510 1278 άναγ·

254 1317 307 1376 κης
329 1298 421 1359 πάντα
442 1297 572 1378 γίνεσθαι
594 1298 738 1379 λέγοντας,
761 1297 835 1379 εἴγε
851 1301 939 1370 σώζει
962 1299 1014 1380 μὲν
1036 1297 1110 1361 αὐτὰ
1132 1301 1165 1362 τὸ
1188 1299 1235 1383 ἐφ’
1263 1300 1306 1368 οἷς
1334 1299 1513 1383 σημαινομέ-
1526 1317 1554 1358 ss

204 1417 235 1462 ιο
254 1419 313 1465 νοις
335 1398 370 1460 τά
394 1399 522 1481 δνὺμοιτα
544 1405 634 1462 ταῦτα
657 1401 772 1464 κεῖσθαι
800 1401 993 1472 πεπίστευται,
1020 1405 1110 1463 ταῦτα
1138 1403 1181 1484 μη
1208 1406 1306 1464 κινεῖν·
1334 1401 1369 1464 οὑ
1396 1401 1450 1485 γὰρ
1478 1403 1513 1464 τδ

254 1499 328 1562 ἄλλα
356 1500 418 1562 τινά
447 1502 646 1585 ὑποβάλλοντα
674 1501 872 1584 σημαινόμενα
898 1507 957 1569 τοῖς
986 1501 1123 1585 δνύμασιν
1146 1504 1193 1566 διὰ
1220 1508 1270 1566 τοῦ
1294 1504 1389 1586 μένειν
1412 1503 1510 1566 ἐκεῖνα

258 1602 351 1683 μένειν
375 1605 511 1685 ἡγεῖσθαι
534 1605 582 1667 καὶ
609 1605 644 1667 τά
666 1604 862 1688 προειρημένα
890 1602 1042 1674 σωζόντων
1070 1605 1129 1668 ἐστὶ
1156 1606 1192 1667 τὰ
1219 1607 1345 1688 κείμενα.
1394 1606 1429 1669 οὐ
1457 1605 1512 1688 γάρ

253 1709 378 1777 σώζεται
402 1708 434 1769 τὺ
456 1707 589 1788 γίνεσθαί
608 1731 670 1770 τινα
693 1708 750 1769 άπδ
774 1708 875 1791 τύχης,
898 1704 960 1789 (ἂν)
984 1707 1094 1769 άνελών
1117 1731 1159 1776 τις
1181 1709 1233 1792 τὴν
1257 1714 1315 1770 τῶν
1331 1709 1423 1777 οὑτως
1439 1724 1553 1789 γινο-τυ

257 1806 350 1887 μένων
371 1809 455 1892 φύσιν
477 1808 568 1890 ὄνομα
590 1811 677 1893 θῆται
700 1815 759 1878 τοῖς
781 1809 939 1891 γινομένοις
962 1808 992 1877 ἐξ
1015 1810 1143 1895 ἀνάγκης
1158 1812 1209 1894 τὴν
1224 1811 1327 1895 τύχην,
1350 1809 1411 1873 ἀλλ’
1436 1810 1512 1873 αὑτὰ

205 1931 234 1979 15
254 1909 343 1979 δεῖξαι
366 1913 510 1994 δυνάμενα
533 1916 692 1988 σώζεσθαι,
716 1910 762 1996 ἐφ’
792 1914 832 1973 ιὺν
848 1911 880 1973 τδ
905 1916 956 1993 τῆς
971 1909 1064 1995 τύχης
1081 1909 1172 1994 ὄνομα
1187 1912 1413 1997 κατηγορεῖσθαι
1430 1911 1513 1975 πεπί-

256 2036 382 2078 στευται.
1532 2022 1567 2075 22

342 2117 464 2199 Λέγεται
485 2120 520 2202 δη
537 2122 608 2203 πρὸς
630 2120 766 2181 ἁπάντων
789 2118 954 2201 ἀνθρώπων
970 2121 1078 2184 κοιναῖς
1101 2139 1131 2179 τε
1153 2117 1202 2178 καὶ
1217 2121 1354 2199 φυσικαῖς
1369 2116 1490 2185 ἐννοίαις
1507 2125 1567 2178 Vlll

257 2219 441 2302 ἐμμενόντων
465 2227 554 2285 ταῦτα
582 2223 639 2284 άπδ
667 2222 759 2306 τύχης
785 2243 816 2281 τε
845 2220 893 2282 καὶ
920 2222 970 2280 τοῦ
999 2217 1164 2299 αὐτομάτου
1190 2218 1330 2300 γίνεσθαι,
1360 2218 1379 2281 ἃ
1406 2219 1510 2288 αἰτίαις

254 2321 350 2385 ἄλλων
381 2330 465 2386 τινῶν
494 2330 656 2408 ποιητικαῖς
683 2322 914 2407 προηγουμέναις
941 2320 1104 2400 ἐπιγίνεται.
1150 2318 1218 2383 ὅταν
1241 2321 1295 2404 γὰρ
1322 2319 1413 2383 ἄλλου
1435 2323 1512 2390 τινὸς
1538 2340 1552 2381 s

202 2445 236 2491 ευ
254 2428 339 2509 χάριν
362 2427 503 2511 γινομένῳ
526 2429 579 2489 τινὶ
603 2429 642 2509 μὴ
667 2432 751 2489 τοῦτο
774 2424 929 2506 άπαντηση
952 2420 985 2484 οὑ
1009 2424 1094 2506 χάριν
1118 2421 1241 2503 ἐγένετο,
1265 2421 1336 2486 ἄλλο
1360 2422 1402 2497 δέ,
1427 2422 1513 2506 δτὴν

256 2529 352 2612 ἀρχὴν
376 2531 452 2611 μηδὲ
473 2530 622 2613 ἠλπίζετο,
646 2526 723 2592 τοῦτ’
753 2529 811 2591 άπὸ
833 2528 924 2610 τύχης
947 2525 1060 2606 λέγεται
1089 2523 1234 2605 γεγονέναι
1261 2523 1329 2587 καθ’
1363 2525 1434 2588 αὑτδ
1458 2527 1511 2607 μὲν

256 2631 372 2711 γεγονὸς
387 2631 531 2706 ἀναιτίως,
547 2631 619 2694 κατά
636 2631 822 2715 συμβεβηκὸς
838 2627 863 2691 δ’
884 2628 1012 2712 ἐσχηκδς
1028 2625 1118 2689 αἴτιον
1135 2629 1168 2690 τὸ
1184 2627 1336 2709 γενόμενον
1352 2625 1399 2690 ἐπ’
1421 2627 1512 2690 ἄλλου

258 2732 367 2813 γενέσει
390 2735 474 2802 τινύς.
519 2735 567 2796 καὶ
589 2733 633 2795 ὑτι
655 2734 784 2796 τοιοῦτόν
808 2756 834 2793 τι
856 2730 986 2812 λέγουσιν
1010 2731 1115 2798 πάντες
1143 2731 1175 2791 τὸ
1203 2728 1351 2812 γινόμενον
1379 2730 1438 2792 άπὸ
1468 2730 1555 2792 tii-1⁰

257 2858 315 2919 χης
348 2839 436 2918 δῆλον
469 2836 500 2905 ἐξ
522 2838 563 2899 ὧν
587 2836 800 2919 ὑποβάλλουσιν
824 2831 1044 2916 σημαινομένων
1068 2831 1111 2899 οἷς
1133 2831 1191 2893 άπὸ
1220 2831 1313 2915 τύχης
1335 2832 1422 2915 φασὶν
1444 2832 1514 2914 γίνε·

204 2958 236 3006 εσ
257 2938 336 3001 σθαι.
382 2938 531 3022 θησαυρόν
554 2962 585 3000 τε
606 2941 660 3023 γάρ
683 2958 769 3021 φασιν
793 2938 851 2999 άπὸ
874 2936 966 3019 τύχης
989 2933 1142 3016 εὑρηκέναι
1164 2935 1237 3010 τινά,
1265 2933 1318 2996 κᾶν
1342 2933 1433 2996 άλλου
1457 2936 1511 3019 χά-

257 3065 300 3125 ριν
324 3042 455 3124 ὀρύσσων
482 3045 524 3109 τίς
551 3065 635 3114 τινος,
664 3039 723 3104 ἀλλ’
758 3040 791 3103 οὑ
820 3043 870 3101 τοῦ
898 3037 1046 3120 θησαυρὸν
1074 3037 1167 3118 εὑρεῖν
1196 3036 1337 3120 θησαυρῷ
1366 3036 1512 3120 περιπέση

255 3144 288 3227 (ὑ
305 3145 357 3227 μὲν
374 3145 427 3228 γὰρ
450 3145 552 3207 τούτου
575 3148 659 3227 χάριν
683 3143 814 3227 δρὺσσων
837 3141 891 3204 οὑκ
913 3141 971 3202 άπὸ
994 3139 1100 3222 τύχης·
1128 3136 1161 3200 οὑ
1184 3139 1237 3222 γάρ
1260 3141 1345 3223 χάριν
1368 3140 1512 3222 ὤρυσσεν,
1528 3156 1555 3198 ιε

257 3251 342 3308 τοῦτο
364 3247 530 3329 άπηντησεν
554 3245 645 3329 αὐτῷ,
675 3241 700 3328 ᾧ
728 3246 760 3306 δὲ
790 3245 880 3328 μηδὲν
907 3247 958 3326 τῆς
989 3242 1131 3325 εὑρέσεως
1159 3246 1209 3303 τοὺ
1237 3242 1387 3325 θησαυροῦ
1414 3239 1512 3323 ἔμελε,

257 3354 384 3411 ποιοῦντι
400 3349 432 3411 δὲ
447 3348 537 3410 ἄλλου
560 3349 635 3416 τινδς
658 3349 742 3431 χάριν
766 3371 784 3430 η
808 3347 919 3429 εὕρεσις
942 3345 1107 3427 ἀπήντησεν
1131 3347 1171 3411 ὡς
1193 3343 1275 3413 τέλος
1298 3344 1419 3415 ἐκείνου,
1446 3347 1512 3406 τοῦ·

203 3471 237 3519 3ο
257 3476 303 3515 τον
327 3452 386 3514 άπδ
402 3452 493 3535 τύχης
508 3453 556 3531 τὸν
574 3451 720 3534 θησαυρὸν
744 3449 897 3532 εὑρηκέναι
920 3449 1025 3515 πάντες
1040 3446 1198 3530 λέγουσιν),
1222 3446 1297 3509 ἀλλὰ
1313 3448 1361 3511 καὶ
1375 3447 1409 3508 τδ
1425 3446 1512 3530 άργύ-

202 3618 276 3625 ..—-
289 3616 525 3623 —.-...-—..——
550 3616 604 3621 .—

205 3717 358 3776 ΙαὺτοῖςΗ
447 3717 507 3785 δόξη
527 3716 576 3768 del.
591 3717 662 3769 Diels
752 3715 920 3785 ἀναφέροντας
937 3715 965 3766 in
984 3713 1270 3781 ιαμμεταφέρονταςΗ
1362 3710 1421 3761 se
1438 3711 1530 3762 σαιυΙ

202 3823 365 3892 4γίνοιτοο
446 3821 630 3886 ὑμὲνοωαλ
719 3820 734 3869 θ
753 3818 827 3878 σώζει
840 3817 935 3869 Lond.:
955 3803 1043 3877 σώζειν
1063 3819 1101 3869 sic
1115 3821 1145 3867 V:
1165 3815 1252 3876 σιὺζειν
1271 3813 1310 3866 ³¹²
1392 3811 1458 3864 αὑτὰ
1476 3815 1567 3879 (supra

203 3910 234 3961 τὰ
255 3909 291 3960 ω’)
303 3910 437 3976 ευιίρείιη
458 3916 486 3957 ut
505 3908 615 3970 videtur)
628 3911 658 3957 V:
679 3905 743 3957 αὑτά
762 3907 813 3957 ἐστι
831 3905 870 3956 ο12
962 3904 993 3956 10
1011 3909 1090 3955 ταῦτα
1109 3920 1158 3955 om.
1177 3907 1199 3956 Ο
1292 3903 1321 3953 ll
1342 3898 1422 3952 άλλασ
1440 3914 1511 3951 τινασ
1530 3900 1565 3949 V¹

202 3996 336 4061 (cursim)
458 3997 488 4045 13
516 3995 621 4054 σώζεται
642 3995 732 4044 V‘·'a¹‘²:
761 3991 885 4053 σώζεσθαι
906 3993 939 4040 V¹
1083 3989 1113 4041 ἃν
1132 3990 1243 4043 V‘·'s¹O:
1268 4003 1317 4040 om.
1340 3986 1408 4038 V¹s²

203 4081 298 4134 ανελιὺν
322 4083 359 4134 sie
384 4086 407 4131 V
535 4082 566 4132 14
593 4081 664 4133 θοῖτο
687 4080 722 4132 θ’·1
859 4075 925 4144 ἀλλ’]
949 4074 1006 4131 ἀλλ’
1031 4077 1061 4128 ἂν
1082 4077 1144 4128 V²s¹
1269 4076 1307 4125 Η.
1331 4074 1360 4125 15
1388 4073 1454 4125 αὑτὰ
1477 4072 1565 4141 δεῖξαι]

204 4186 233 4238 ἂν
252 4183 368 4252 ἀποδείξῃ
389 4184 518 4236 Schwartz
543 4185 608 4235 bene
718 4183 748 4234 15
776 4181 900 4249 δυνάμενα
918 4181 956 4233 εέι
986 4171 1128 4249 δυνάμενασ
1150 4184 1187 4235 sie
1206 4181 1255 4232 V¹:
1279 4176 1378 4250 δυνηθῇ
1397 4178 1485 4232 V²s¹O

203 4271 396 4342 κατηγορεῖσθαι
416 4271 504 4323 Viam:
534 4278 707 4340 κατηγορεῖται
727 4272 761 4319 V¹
881 4271 911 4320 19
940 4272 1139 4338 προηγουμέναις
1158 4270 1255 4321 v²a¹02
1280 4267 1475 4336 προηγουμένως
1495 4267 1565 4330 V'a’,

203 4367 324 4426 expectas
347 4359 543 4429 προηγουμένως
566 4365 706 4426 ποιητικαῖς
813 4355 1056 4426 ὅταν-περιπεσεῖν
1080 4355 1212 4422 (173,10)]
1238 4355 1298 4406 Eus.
1323 4368 1411 4421 praep.
1429 4370 1468 4405 eu.
1486 4353 1565 4417 Vbs.

203 4446 378 4498 2712-27112
402 4448 433 4497 τὰ
453 4445 478 4497 δὲ
498 4445 546 4496 άπὺ
566 4444 646 4516 τύχης
664 4448 774 4507 τοιαῦτα,
804 4442 863 4494 ὅταν
882 4442 955 4493 κ.τ.λ.
1063 4445 1097 4495 ’20
1120 4445 1249 4512 γινομένου
1270 4441 1306 4491 V¹
1324 4443 1399 4504 (corr.
1419 4457 1442 4491 ν.
1457 4443 1502 4503 c.):
1529 4460 1566 4511 γε·

204 4535 301 4602 νομένῳ
322 4534 449 4585 Eusebius
575 4531 642 4583 δέτι
661 4530 720 4599 ὑπερ
741 4530 868 4581 Eusebius
992 4529 1022 4580 21
1053 4530 1110 4582 οὑδὲ
1133 4529 1262 4582 Eusebius
1395 4527 1566 4595 τοῦτ’-γίνε-

204 4619 261 4673 σθαι
287 4619 398 4686 (24.25)
419 4636 468 4671 om.
490 4620 617 4670 Eusebius
750 4617 782 4667 24
812 4618 996 4685 σημαινομένου
1015 4616 1043 4668 ε’)
1166 4616 1199 4667 25
1218 4630 1293 4683 φησιν
1312 4614 1443 4667 Eusebius

203 4726 271 4763 τινας
290 4709 317 4758 ιι2
433 4705 463 4757 δν
483 4705 552 4757 V²u¹z
582 4704 628 4756 κᾶν
648 4705 718 4756 vbi-‘1
749 4703 807 4755 ὅταν
829 4702 956 4754 Eusebius
1085 4703 1117 4754 26
1145 4720 1212 4759 τινος
1231 4717 1280 4752 om.
1299 4702 1324 4752 s¹
1445 4703 1482 4759 τίς
1501 4721 1566 4761 τινος

204 4810 253 4846 oui.
276 4794 404 4846 Eusebius
529 4792 570 4860 οὑ]
595 4793 628 4861 μὴ
652 4791 777 4842 Eusebius
901 4792 933 4843 27
962 4791 975 4844 ὑ
995 4790 1151 4859 μὲν-ἀλλά
1170 4788 1226 4855 (30)
1245 4803 1294 4840 om.
1316 4788 1445 4841 Eusebius

204 4881 293 4950 ὥρισσε
312 4882 338 4937 ιιι
445 4879 478 4933 28
498 4879 568 4948 ἔμελε
584 4880 651 4932 V2'O:
672 4878 760 4948 ἔμελλε
779 4880 829 4931 affl:
852 4879 925 4930 πάλιν
942 4882 974 4930 V¹
