3540 5610
205 311 265 377 118
638 306 867 367 ΑΛΕΞΑΝΔΡΟΥ
886 306 1112 366 ΑΦΡΟΔΙΣΙΕΩΣ

256 483 349 544 πάντα
370 482 406 543 τά
427 481 562 565 γινόμενα
584 479 651 544 καθ’
680 482 865 567 εἱμαρμένην.
911 480 971 545 ἀλλ’
999 482 1026 544 εί
1047 480 1114 545 καθ’
1143 482 1329 566 εἱμαρμένην,
1353 485 1506 570 ἀπαραβά-

255 607 323 663 τως,
346 585 372 646 εί
393 581 450 667 (δ’)
473 584 677 667 ἀπαραβάτως,
700 583 753 647 οὐκ
774 585 923 670 ἐνδέχεται
946 586 987 668 μὴ
1009 585 1153 667 γενέσθαι,
1176 584 1192 648 ὃ
1222 586 1254 648 δὲ
1275 584 1329 648 οὐκ
1351 586 1506 673 ἐνδέχεται
1520 606 1547 647 ιι

257 689 298 770 μὴ
319 686 464 769 γενέσθαι,
495 689 580 749 τοῦτο
613 686 751 750 ἀθάνατον
774 690 815 770 μὴ
837 687 982 770 γενέσθαι,
1017 686 1088 750 θδέ
1110 687 1248 751 ἀδύνατον
1284 689 1325 772 μὴ
1359 689 1505 771 γενέσθαι,

256 794 319 858 πῶς
342 787 456 852 οἷόντε
479 792 562 851 τοῦτο
594 788 685 870 λέγειν
707 788 880 873 ἐνδέχεσθαι
903 790 950 852 καὶ
979 789 1019 871 μὴ
1047 788 1198 871 γενέσθαι;
1230 790 1263 852 τὸ
1285 791 1339 875 γάρ
1363 792 1504 856 ἀδύνατον

221 895 298 975 τιμὴ
320 891 453 974 γενέσθαι
480 890 634 972 ἀναγκαῖον
655 890 800 973 γενέσθαι.
845 894 939 955 πάντα
971 891 1028 975 ἀρα
1057 892 1092 953 τά
1125 890 1193 954 καθ’
1220 893 1397 978 εἱμαρμένην
1431 894 1504 978 γινό-
1517 914 1546 955 ου

257 1018 329 1077 μενα
351 994 381 1062 ἐξ
403 994 530 1075 ἀνάγκης
551 989 631 1056 ἔσται
653 993 715 1056 κατ’
743 993 856 1066 αὐτούς,
885 993 945 1057 ἀλλ’
973 993 1041 1079 οὐχὶ
1064 996 1112 1058 καὶ
1134 993 1344 1079 ἐνδεχομένως,
1379 1000 1420 1068 ῶς
1442 999 1506 1061 παί-
1615 1052 1618 1058 ,

258 1102 355 1169 ίοντες
377 1093 517 1178 λέγουσιν.

336 1198 513 1263 Ἀκολουθεῖ
542 1199 574 1261 δέ
596 1204 639 1283 τῷ
661 1199 754 1262 πάντα
777 1200 812 1262 τὰ
833 1199 967 1283 γινόμενα
989 1199 1309 1284 προκαταβεβλημέναις
1343 1203 1390 1264 καὶ
1414 1203 1501 1283 ώρισ·
1519 1211 1558 1263 XI

257 1301 354 1384 μέναις
376 1303 423 1365 καὶ
446 1289 701 1386 προυπαρχούσαις
733 1304 805 1365 τισὶν
827 1305 929 1371 αἰτίαις
950 1302 1070 1368 ἔσεσθαι
1092 1303 1125 1364 τὸ
1148 1303 1195 1365 καὶ
1218 1303 1410 1386 βουλεύεσθαι
1434 1305 1542 1374 τοὺςιι

206 1425 238 1472 10
256 1404 428 1487 ἀνθρώπους
451 1406 544 1488 μάτην
566 1405 631 1489 περὶ
666 1410 723 1466 τῶν
746 1405 896 1488 πρακτέων
930 1405 1036 1475 αὐτοῖς.
1081 1404 1106 1467 εί
1128 1405 1161 1467 δὲ
1183 1406 1216 1468 τὸ
1240 1406 1430 1490 βουλεύεσθαι
1452 1410 1505 1489 μά-

256 1531 318 1592 την,
352 1508 444 1591 μάτην
477 1505 539 1591 (dv)
571 1506 725 1589 ἀνθρωπος
755 1506 801 1590 εἴη
835 1508 1027 1592 βουλευτικός.
1071 1508 1164 1570 καίτοι
1196 1509 1223 1571 εἱ
1250 1510 1340 1592 μηδὲν
1368 1512 1461 1594 μάτην
1484 1512 1505 1593 ἡ

256 1612 341 1696 φόσις
374 1613 453 1672 ποιεῖ
482 1616 540 1673 τῶν
573 1609 809 1693 προηγουμένων,
843 1610 930 1673 τὸδὲ
963 1610 1145 1695 βουλευτικὸν
1168 1609 1241 1673 εἱναι
1275 1614 1352 1694 ζῷον
1380 1613 1429 1674 τὸν
1456 1612 1505 1674 ἀν-

257 1714 374 1798 θρωπον
403 1711 407 1800 ἱ
432 1713 655 1796 προηγουμένως
688 1713 744 1775 ὑπὸ
778 1718 830 1797 τῆς
862 1712 986 1797 φάσεως,
1020 1711 1094 1775 ἀλλ’.
1113 1713 1146 1776 οὐ
1174 1711 1238 1776 κατ’
1272 1714 1505 1797 ἐπακολούθημά
1522 1722 1558 1778 36

257 1841 282 1879 τι
305 1819 353 1881 καὶ
373 1818 538 1898 σύμπτωμα
553 1820 611 1885 τοῖς
626 1815 850 1900 προηγουμένως
865 1817 1020 1898 γινομένοις
1036 1817 1149 1899 γίνοιτο,
1173 1817 1321 1898 ουνάγοιτο
1338 1814 1372 1878 ἀν
1388 1815 1446 1900 (τὸ)
1463 1819 1504 1901 μὴ

207 1940 237 1986 15
257 1919 329 1982 εἱναι
352 1921 445 2003 μάτην
468 1918 534 1987 τοὺς
556 1918 730 2002 ἀνθρώπους
753 1918 963 2004 βουλευτικοός.
1008 1918 1051 1981 ότι
1085 1920 1171 1982 δὲτὸ
1195 1917 1388 2003 βουλεύεσθαι
1410 1922 1504 2004 μάτην
1531 1937 1546 1979 ι

257 2024 371 2085 πάντων
394 2021 549 2105 γινομένων
572 2021 603 2090 ἐξ
625 2023 761 2106 ἀνάγκης,
785 2019 882 2106 ῥᾴδιον
905 2028 1010 2104 γνῶναι
1032 2022 1084 2104 τἠν
1107 2025 1158 2083 ταῶ
1182 2020 1375 2105 βουλεύεσθαι
1403 2023 1505 2106 χρείαν

257 2123 372 2188 εἰδόσιν.
418 2127 599 2207 ὁμολογεῖται
632 2126 669 2208 δὴ
692 2126 764 2209 πρὸς
787 2125 922 2188 ἁπάντων
944 2124 977 2186 τὸ
1000 2127 1057 2184 τῶν
1080 2121 1176 2184 ἄλλων
1211 2121 1297 2207 ζῴων
1320 2125 1368 2185 τὸν
1391 2123 1504 2207 ἀνθρω·

255 2251 308 2289 πον
330 2232 415 2290 τοῦτο
437 2227 515 2311 παρὰ
536 2233 588 2312 τῆς
610 2228 726 2312 φύσεως
749 2225 829 2313 ἔχειν
851 2227 938 2290 πλέον
960 2225 992 2287 τὸ
1016 2226 1057 2307 μὴ
1080 2225 1189 2308 ὁμοίως
1210 2225 1330 2293 ἐκείνοις
1352 2230 1413 2294 ταῖς
1435 2251 1505 2311 φαν-

256 2331 365 2397 τασίαις
388 2330 520 2401 ἕπεσθαι,
554 2328 613 2393 ἀλλ’
642 2328 721 2415 ἔχειν
744 2331 815 2413 παρ’
838 2329 928 2412 αὐτῆς
961 2329 1058 2411 κριτὴν
1081 2332 1138 2389 τῶν
1165 2333 1407 2410 προσπιπτουσῶν
1430 2353 1502 2413 ’ραν-
1518 2348 1545 2390 ιο

205 2454 238 2500 νο
256 2438 363 2495 τασιῶν
386 2433 454 2516 περί
473 2457 556 2495 τινων
580 2437 619 2500 ῶς
641 2434 764 2511 αἱρετῶν
787 2436 835 2496 τὸν
857 2431 950 2514 λόγον,
974 2427 1177 2515 ᾤχρώμενος,
1201 2430 1227 2492 εἰ
1243 2430 1295 2513 μέν
1311 2430 1504 2514 ἐξεταζόμενα

257 2536 292 2598 τά
314 2535 525 2619 φαντασθέντα,
559 2535 607 2598 οἱα
628 2536 680 2618 τὴν
703 2536 799 2620 ἀρχὴν
826 2535 929 2618 ἐφάνη,
963 2535 1011 2596 καὶ
1037 2530 1108 2605 ἔστι,
1139 2533 1378 2614 συγκατατίθεταί
1407 2559 1439 2598 τε
1467 2541 1504 2617 τῇ

256 2638 397 2723 φαντασία
430 2640 478 2701 καὶ
500 2638 592 2707 οὕτως
625 2638 747 2719 μέτεισιν
769 2638 853 2712 αὐτά,
886 2637 966 2700 εἰδὲ
992 2636 1094 2698 ἀλλοῖα
1120 2638 1250 2719 φαίνεται
1282 2636 1396 2719 ἧᾶλλυ
1418 2661 1445 2700 τι
1467 2635 1505 2700 αὖ

257 2743 456 2825 αἱρετώτερον,
491 2741 584 2804 ἐκεῖνο
617 2743 739 2824 αἱρεῖται
761 2740 941 2805 καταλείπων
968 2739 1001 2801 τὸ
1030 2739 1081 2822 τὴν
1104 2739 1199 2824 ἀρχὴν
1224 2742 1263 2806 ῶς
1285 2740 1398 2822 αἱρετὸν
1421 2740 1504 2826 αὐτῷ
1520 2758 1548 2801 ιε

257 2842 354 2926 φανέν.
399 2842 493 2905 πολλὰ
518 2847 586 2926 γοῦν
608 2847 670 2911 ταῖς
691 2846 819 2927 πρώταις
841 2843 1008 2927 φαντασίαις
1029 2843 1098 2925 ἡμῖν
1132 2843 1236 2904 ἀλλοῖα
1259 2840 1381 2912 δόξαντα
1402 2842 1498 2907 οὐκέτ’

205 2966 237 3014 25
257 2943 370 3029 ἔμεινεν
403 2946 451 3008 ἐπὶ
484 2950 536 3028 τῆς
559 2947 733 3030 προλήψεως
754 2945 918 3027 ἐλέγξαντος
952 2944 1025 3008 αθτά
1051 2949 1102 3007 τοῦ
1124 2943 1224 3027 λόγου.
1268 2947 1312 3008 διὸ
1334 2945 1505 3031 πραχθέντα

257 3049 291 3112 ἀν
314 3049 382 3113 ὅσον
404 3048 452 3111 ἐπὶ
474 3054 513 3131 τη
536 3048 632 3111 αὐτῶν
655 3048 796 3132 γενομένη
818 3050 960 3133 φαντασία
976 3046 1153 3131 [γενομένη],
1175 3048 1221 3111 διὰ
1242 3049 1274 3110 τὸ
1291 3048 1505 3132 βουλεύσασθαι
1518 3067 1548 3109 ιο

258 3152 323 3234 περὶ
352 3150 447 3214 αὐτῶν
475 3151 528 3214 οὐκ
560 3151 710 3236 ἐπράχθη,
733 3154 818 3235 ἡμῶν
840 3155 891 3214 τοῦ
918 3174 949 3213 τε
977 3149 1190 3235 βοολεόσασθαι
1218 3155 1265 3216 καὶ
1288 3157 1341 3236 τῆς
1362 3150 1504 3234 αἱρέσεως

261 3259 319 3317 τῶν
343 3255 376 3317 ἐκ
398 3260 450 3339 τῆς
473 3256 581 3339 βουλῆς
604 3254 694 3318 όντων
717 3257 832 3340 κυρίων.
878 3254 925 3318 διά
947 3258 1031 3316 τοῦτο
1053 3257 1121 3335 γοῦν
1143 3250 1211 3316 οὔτε
1232 3257 1296 3338 περὶ
1322 3260 1380 3319 τῶν
1403 3255 1505 3317 ἀιδίων

257 3357 460 3443 βουλευόμεθα
494 3343 573 3420 οὔτε
594 3361 657 3440 περὶ
690 3364 748 3419 τῶν
781 3357 1019 3441 ὁμολογουμένως
1045 3355 1201 3437 γινομένων
1230 3357 1260 3427 ἐξ
1286 3358 1423 3439 ἀνάγκης,
1459 3357 1504 3420 ότι

203 3481 237 3530 30
257 3463 346 3545 μηδὲν
369 3463 438 3544 ἡμῖν
460 3460 494 3523 ἐκ
515 3465 566 3523 τοῶ
589 3464 654 3545 περὶ
677 3460 773 3523 αὐτῶν
796 3461 986 3544 βουλεύεσθαι
1008 3460 1179 3542 περιγίνεται
1202 3459 1298 3521 πλέον.
1345 3458 1405 3521 ἀλλ’
1434 3460 1504 3523 οὐδὲ
1517 3477 1547 3520 ss

257 3567 323 3650 περὶ
345 3569 402 3627 τῶν
426 3563 456 3633 ἐξ
478 3565 604 3648 ἀνάγκης
628 3565 680 3647 μὲν
704 3564 745 3646 μὴ
767 3565 934 3646 γινομένων,
968 3561 1014 3625 ἐπ’
1044 3562 1141 3631 ἀλλοις
1175 3561 1207 3625 δέ
1228 3582 1299 3624 τισιν
1322 3560 1413 3625 όντων
1437 3562 1504 3646 βου-

256 3668 412 3753 λευόμεθα,
446 3667 489 3730 ὅτι
513 3669 587 3751 μηδὲ
620 3668 679 3730 ἀπὸ
701 3672 753 3751 τῆς
775 3668 840 3752 περὶ
873 3667 990 3731 ἐκείνων
1013 3666 1120 3751 βουλῆς
1142 3663 1248 3749 ὄφελός
1270 3689 1296 3727 τι
1318 3667 1401 3748 ἡμῖν·
1437 3663 1498 3728 ἀλλ’

255 3772 322 3835 οὐδὲ
356 3771 420 3853 περὶ
452 3775 510 3832 τῶν
533 3771 603 3853 ἡμῖν
626 3771 678 3852 μὲν
701 3777 846 3853 πρακτῶν,
880 3767 1123 3854 παρεληλυθότων
1157 3769 1189 3831 δέ
1212 3767 1424 3852 βουλευόμεθα,
1458 3767 1504 3831 ότι

202 4030 406 4083 21ὀιιι.1ίυ1
512 4030 589 4081 ἐκαὶ
609 4034 703 4081 s.v.V
811 4026 1230 4097 91σεσθαι]1οιίαοεοέπεσθαι
1339 4029 1371 4081 10
1389 4028 1510 4086 assesso

205 4121 245 4172 10.
268 4121 294 4170 ll
323 4119 404 4186 μάτην
423 4119 505 4187 μάτην
525 4116 554 4168 ἀν
574 4119 613 4167 8¹:
638 4118 720 4184 μάτην
739 4119 821 4185 μάτην
840 4121 873 4167 V:
902 4119 983 4186 μάτην
1003 4116 1032 4168 ἀν
1051 4116 1079 4168 8²
1195 4114 1226 4167 12
1250 4115 1323 4186 φυσιν
1341 4115 1370 4167 οἱ
1478 4117 1510 4169 14
1529 4116 1559 4168 τὸ

202 4205 260 4258 edd.
280 4204 320 4256 υἱέ
342 4204 375 4256 οἱ.
390 4203 471 4268 208,2
599 4206 628 4255 ls
654 4201 816 4272 βουλευτσθαι
834 4206 855 4257 V
979 4203 1075 4276 χρείαν]
1099 4206 1159 4273 pin
1184 4205 1222 4255 lit.
1242 4208 1265 4255 V
1391 4204 1421 4256 17
1451 4202 1477 4255 bi
1497 4203 1557 4256 Cas.

203 4291 326 4346 Lond.O
471 4291 545 4343 ἄλλον
565 4291 646 4343 Lond.
792 4292 823 4344 18
850 4298 924 4345 τοῦτο
949 4296 1040 4345 om.0
1165 4294 1239 4343 τοῦτο
1262 4292 1329 4361 παρὰ
1353 4294 1399 4358 τῆς
1417 4288 1557 4359 φάσεως-

202 4380 278 4448 λόγου
297 4378 363 4447 (⁸25)]
388 4379 419 4431 ei.
434 4381 561 4431 Eusebius
585 4395 672 4447 praep.
692 4396 731 4431 ev.
745 4381 789 4441 VI,
803 4380 827 4431 9.
842 4379 916 4430 272¹:
944 4375 998 4430 ἀλλ’
1018 4381 1127 4449 ἐναργῶς
1145 4377 1258 4447 φαίνεται
1275 4385 1327 4430 τῶν
1344 4375 1430 4429 ἄλλων
1448 4375 1557 4444 ζῴωνό

202 4446 337 4538 ἅνθρωπος
355 4467 429 4535 μόνος
447 4471 521 4518 τοῦτο
541 4466 595 4517 κτλ.
717 4467 783 4538 ἔχων
803 4467 928 4520 Eusebius
1038 4468 1068 4518 19
1087 4467 1151 4538 ἔχειν
1171 4472 1222 4517 τῶν
1241 4465 1449 4537 προσπιπτόντων
1469 4466 1557 4535 κριτὴν

201 4556 244 4607 τὸν
264 4554 337 4623 λόγον
357 4555 485 4606 Eusebius
591 4558 643 4604 τῶν
662 4569 712 4605 om.
731 4556 771 4605 αθ
888 4554 918 4604 21
943 4553 981 4622 τε]
1001 4573 1025 4605 τι
1043 4557 1080 4606 K:
1109 4569 1159 4605 om.
1179 4555 1222 4606 ES
1241 4553 1369 4606 Eusebius
1481 4551 1516 4603 22
1539 4553 1555 4620 ἡ

202 4644 293 4696 B¹ES:
313 4643 334 4694 τί
354 4640 459 4692 vs²a¹²:
479 4642 521 4693 καὶ
540 4640 622 4691 Lond.
642 4643 664 4692 Ο
770 4640 929 4711 η-θόξαντα
946 4641 1000 4706 (24)
1019 4658 1068 4694 om.
1090 4641 1215 4693 Eusebius
1322 4638 1355 4691 23
1374 4638 1456 4711 αίιχὶγν
1476 4638 1505 4689 ⁸²

202 4731 234 4783 25
253 4727 407 4800 ἐλέγξαντος]
428 4748 441 4798 γ
461 4746 480 4780 s.
494 4745 517 4778 ν.
534 4731 555 4777 V
656 4729 730 4798 λόγου
750 4728 835 4781 διὰτὸ
855 4727 1085 4798 συμβουλεόσασθαι
1103 4725 1296 4797 (βουλεόσασθαι
1316 4727 1379 4795 μλ)
1398 4728 1454 4797 περὶ
1471 4726 1557 4778 αθτών

201 4836 329 4888 Eusebius
439 4833 471 4887 26
498 4821 619 4904 γενομένη
644 4835 680 4885 sie
700 4835 716 4884 i.
731 4850 752 4885 e.
772 4833 821 4885 del.
841 4838 872 4885 V:
900 4835 1021 4903 γινομένη
1041 4831 1086 4885 3²:
1116 4833 1233 4902 γινομένη
1253 4830 1292 4883 ³¹²
1416 4831 1449 4884 28
1474 4829 1556 4882 όντωσ

201 4922 296 4994 κυρίωσ
309 4925 343 4975 V¹
365 4924 439 4988 (corr.
454 4938 477 4973 v.
491 4921 524 4987 ο.)
630 4919 701 4990 γοῦν]
720 4921 766 4991 γὰρ
786 4924 808 4975 O
