3540 5610
608 318 751 377 BIBAION
769 316 950 376 ΔΕΠῈΡΟΝ
969 319 1073 373 24-28

220 597 342 664 XXVII.
380 595 488 681 Ἀλλη
511 597 549 662 ἐκ
572 601 631 660 τοῦ
653 596 761 660 αὐτοῦ
782 597 882 666 λέξις.

293 767 486 854 “AI-[mpetu
501 767 558 833 ούν
579 770 639 853 τὴν
660 769 774 854 ἀρχὴν
790 774 853 853 τῆς
869 769 1026 853 σκέψεως
1048 770 1325 852 τοῦπράγματος
1347 762 1468 848 λαβύν-
1482 780 1510 822 ιο

209 897 269 941 τες
289 873 480 957 διωρίσθαι
495 873 533 936 τδ
548 869 710 957 ἔμψυχον
733 875 793 935 τοῦ
816 872 955 957 ἀψύχου
977 877 1025 956 τῷ
1043 876 1104 955 ζῆν
1121 868 1252 954 [ἔχοντι
1276 866 1463 952 σῶματι.]”

298 978 354 1041 Διά
376 981 428 1040 τού
444 977 543 1061 λαβεῖν
566 975 619 1058 μὲν
641 975 674 1037 τδ
690 975 788 1059 ψυχὴν
809 971 879 1060 ἔχον
895 979 982 1058 σῶμα
1004 971 1220 1059 συναμφότερον
1236 971 1348 1044 ούσίαν,
1371 976 1466 1035 πᾶσαν
1482 986 1508 1029 ιι

152 1095 174 1143 5
213 1080 248 1142 δὲ
269 1080 485 1165 συναμφότερον
508 1078 607 1142 ούσίαν
630 1077 659 1147 ἐξ
681 1077 753 1160 ύλης
775 1101 806 1141 τε
829 1079 877 1141 καὶ
897 1077 991 1149 εἴδους
1013 1078 1095 1151 εἶναι,
1119 1078 1159 1161 μὴ
1183 1076 1254 1140 εἶναι
1277 1077 1309 1139 τδ
1333 1081 1420 1156 σῶμα
1436 1076 1465 1138 ἐν

215 1183 397 1268 ὑποκειμένῳ
420 1183 487 1260 τινί,
514 1181 575 1246 ἀλλ’
602 1181 673 1245 αὐτὸ
700 1180 775 1245 εἶναι
801 1182 834 1245 τδ
857 1183 1062 1264 ὑποκείμενον,
1089 1182 1137 1244 καὶ
1161 1179 1287 1248 ἀποδούς
1309 1178 1392 1262 λύγον
1415 1184 1467 1263 τῆς

214 1293 312 1371 ψυχῆς
340 1286 521 1372 ἐντελέχειαν
547 1287 600 1370 τὴν
627 1288 745 1370 πρώτην
773 1287 909 1367 σώματος
935 1289 1058 1368 φυσικοῦ
1087 1285 1255 1369 ὀργανικοῦ,
1284 1286 1324 1352 ῶς
1350 1282 1466 1346 οὐδέπω
1479 1299 1508 1341 νυ

218 1391 318 1459 ἱκανῶς
341 1390 523 1472 δεδειγμένου
550 1394 601 1452 τοῦ
624 1390 676 1472 τὴν
698 1389 797 1474 ψυχὴν
820 1387 896 1458 εἶδος
918 1387 991 1453 εἶναι
1018 1389 1065 1453 διὰ
1087 1389 1120 1451 τδ
1144 1389 1219 1471 μηδὲ
1246 1386 1298 1469 τἠν
1320 1386 1412 1449 αἰτίαν
1435 1388 1465 1449 ἐν

218 1497 255 1576 τῷ
281 1492 489 1577 ἀποδεδομένα)
516 1493 595 1577 λόγῳ
622 1492 830 1577 ἐμφαίνεσθαι,
861 1491 898 1556 δι’
926 1493 961 1575 ἣν
988 1492 1065 1562 εἶδός
1092 1492 1152 1554 ἐστι
1179 1492 1228 1554 καὶ
1251 1489 1417 1575 ἐντελέχεια
1445 1492 1463 1573 η

110 1605 184 1654 10
222 1596 297 1680 ψυχὴ
319 1600 371 1660 τοῦ
393 1596 523 1659 τοιούτου
547 1599 698 1680 σώματος,
726 1593 730 1681 l
760 1598 844 1659 πάλιν
867 1596 1020 1681 ἀναλαβὼν
1047 1595 1162 1659 ἀνωθεν
1188 1594 1259 1657 αὐτὸ
1282 1597 1366 1656 τοῦτο
1390 1616 1446 1656 πει·
1469 1598 1517 1655 146

217 1703 294 1783 ρᾶται
316 1698 473 1779 δεικνύναι,
505 1701 552 1762 καὶ
575 1705 689 1784 πρῶτον
717 1702 769 1783 μὲν
792 1699 938 1763 ἐκτιθεται
964 1698 1016 1767 τάς
1043 1701 1176 1782 δυνάμεις
1203 1703 1255 1782 τῆς
1276 1702 1388 1781 ψυχῆς,
1416 1698 1464 1759 καὶ

215 1802 302 1872 δείξας
324 1801 376 1872 τὰς
398 1801 450 1885 μέν
472 1826 551 1872 τινας
572 1801 669 1866 αὐτῶν
692 1800 781 1871 οὔσας
810 1805 926 1886 πρώτας
954 1803 1001 1864 καὶ
1024 1802 1173 1885 χωριστὰς
1194 1807 1252 1864 τῶν
1274 1799 1385 1873 ἀλλων,
1414 1798 1464 1868 τὰς

217 1906 244 1968 δὲ
266 1905 415 1989 δευτέρας,
441 1907 489 1968 καὶ
510 1905 588 1974 τάξιν
615 1905 677 1968 τινά
703 1903 791 1970 οὖσαν
819 1905 849 1968 ἐν
876 1905 977 1974 αὐταῖς
999 1905 1106 1978 δείξας,
1134 1906 1182 1967 καὶ
1209 1902 1252 1966 lu
1278 1904 1311 1966 τδ
1335 1904 1386 1985 μὲν
1411 1908 1462 1987 ζῆν
1490 1919 1504 1961 υ

216 2013 270 2078 τοῖς
293 2007 436 2092 ἐμψύχοις
457 2009 536 2093 παρὰ
558 2013 611 2092 τῆς
627 2010 785 2093 θρεπτικῇς
807 2009 869 2072 ἐστι
885 2013 992 2094 ψυχῆς,
1014 2009 1047 2070 τδ
1069 2009 1102 2071 δὲ
1123 2005 1193 2091 ζῴῳ
1216 2006 1288 2070 εἶναι
1311 2006 1390 2091 παρὰ
1411 2012 1463 2090 τῆς

106 2112 189 2171 15
215 2112 396 2195 αἰσθητικῆς,
423 2110 516 2180 δείξας
538 2112 571 2174 δὲ
592 2111 641 2174 καὶ
663 2112 710 2175 ἐπὶ
737 2117 794 2175 τῶν
817 2112 999 2196 αἰσθητικῶν
1026 2111 1102 2180 τάξιν
1126 2110 1188 2173 πινά
1210 2108 1313 2186 οὖσαν,
1342 2111 1390 2174 καὶ
1412 2109 1463 2179 τὰς

214 2217 262 2297 μέν
285 2217 402 2300 πρώτας
423 2238 456 2278 τε
478 2215 526 2278 καὶ
547 2214 749 2300 χωριζομένας
770 2220 829 2279 τῶν
852 2215 964 2291 ἄλλων,
990 2216 1041 2284 τὰς
1063 2215 1096 2277 δὲ
1118 2214 1255 2297 δευτέρας
1279 2237 1308 2276 τε
1331 2215 1378 2277 καὶ
1403 2219 1460 2276 τῶν
1476 2230 1504 2271 ιο

213 2320 265 2402 πρδ
291 2318 382 2381 αὐτοῦ
408 2317 603 2403 ἀχωρίστους,
634 2318 761 2402 ζητήσας
788 2320 820 2382 δὲ
847 2320 896 2382 καὶ
923 2317 1044 2402 πύτερον
1071 2319 1131 2403 χρὴ
1158 2318 1283 2402 ἑκάστης
1311 2318 1462 2399 δυνάμεως

212 2427 306 2508 ψυχῆς
332 2422 429 2506 ψυχὴν
457 2420 550 2503 λέγειν
578 2445 597 2505 η
622 2420 720 2506 μύριον
748 2429 862 2508 ψυχῆς,
890 2423 938 2486 καὶ
966 2423 993 2484 εί
1019 2419 1133 2504 μύριον,
1161 2419 1281 2505 πύτερον
1312 2424 1356 2505 τῷ
1382 2420 1461 2505 λύγῳ

216 2524 300 2606 μόνον
329 2526 475 2609 χωριστὸν
505 2524 524 2607 ἢ
556 2526 605 2587 καὶ
634 2523 730 2609 τύπῳ,
760 2527 808 2590 καὶ
840 2525 931 2594 δείξας
959 2524 1010 2592 τὰς
1041 2526 1177 2592 πλείστας
1207 2526 1340 2607 δυνάμεις
1371 2523 1462 2606 αὐτῆς
1476 2539 1502 2581 ιυ

123 2632 197 2693 20
213 2625 409 2713 χαριζομένας
429 2624 509 2708 λύγῳ
533 2625 628 2706 μύνον,
653 2630 718 2712 περὶ
741 2629 774 2691 δέ
796 2632 846 2690 τοῦ
868 2631 918 2689 νοῦ
941 2629 1031 2689 εἰπὼν
1054 2627 1131 2690 εἶναί
1149 2648 1212 2690 τινα
1235 2627 1461 2711 ἀμφισβήτησιν,

211 2732 298 2794 εἰπῶν
314 2731 347 2792 δέ
369 2729 417 2792 καὶ
432 2726 496 2792 κατ’
517 2727 594 2799 εἶδος
614 2730 743 2812 γίνεσθαι
759 2729 898 2814 διαφορὰς
913 2736 970 2792 τῶν
986 2730 1139 2815 ἐμψύχων,
1162 2729 1231 2815 (τῷ)
1246 2728 1282 2791 τὰ
1298 2731 1350 2813 μὲν
1366 2733 1461 2799 πάσας

212 2831 289 2918 ἔχειν
312 2833 364 2901 τὰς
377 2832 523 2913 δυνάμεις,
546 2833 581 2895 τά
604 2833 637 2896 δέ
651 2856 738 2907 τινας,
760 2833 796 2896 τὰ
819 2833 851 2896 δέ
874 2833 939 2912 μίαν
956 2832 1057 2917 μόνην,
1080 2834 1127 2895 ἐπὶ
1143 2834 1253 2902 τούτοις
1276 2831 1374 2907 ἔδειξε,
1397 2841 1461 2902 πῶς
1474 2850 1503 2892 ιο

211 2935 285 3005 εἶδος
306 2936 326 3018 ἡ
349 2934 431 3019 ψυχὴ
454 2935 502 2997 καὶ
524 2934 703 3020 ἐντελέχεια,
731 2934 776 2997 ὅτι
798 2935 852 3019 γάρ
874 2941 916 3018 τῷ
945 2941 995 2998 τοῦ
1020 2936 1155 3018 σώρατύς
1177 2960 1202 2998 τι
1225 2935 1297 2999 εἶναι
1319 2941 1371 2999 τοῦ
1394 2938 1460 3000 ύτο-

209 3037 340 3122 κειμένου
355 3035 378 3116 †
395 3037 481 3118 ὁμοία
497 3035 570 3101 οὖσα
585 3040 633 3100 καὶ
651 3042 782 3122 χωριστή
799 3037 874 3101 ἐστιν
890 3037 988 3101 αὐτοῦ.
1023 3040 1043 3122 ἡ
1061 3039 1094 3100 δέ
1109 3039 1194 3107 δεῖξις
1208 3040 1340 3123 τοιαύτη·
1358 3037 1459 3125 ἔλαβεν

151 3160 194 3210 ¹25
213 3143 245 3204 τὸ
267 3143 315 3205 ἐπὶ
337 3140 452 3202 πάντων
474 3144 532 3202 τῶν
554 3140 716 3222 λεγομένων
738 3140 812 3203 εἶναι
827 3142 974 3220 τοιούτων,
998 3143 1087 3204 ὁποῖά
1109 3142 1169 3204 ἐστὶ
1185 3146 1308 3226 πρώτως
1331 3167 1362 3206 τε
1384 3144 1457 3229 mli

210 3245 360 3328 δευτέρως,
384 3241 459 3325 [καὶ]
482 3243 558 3305 καθὸ
581 3244 632 3326 μὲν
648 3247 770 3328 πρώτως
790 3244 930 3326 λέγονται,
952 3249 1037 3307 τοῦτο
1053 3242 1123 3306 εἶναι
1146 3243 1222 3314 εἶδος
1238 3245 1342 3324 αὐτῶν,
1366 3248 1441 3311 καθὸ
1466 3255 1513 3311 147

200 3347 241 3428 ’,δὲ
263 3345 416 3430 δευτέρως,
440 3344 500 3430 [τὸ]
523 3346 710 3429 ὑποκείμενόν
726 3371 757 3410 τε
779 3349 827 3409 καὶ
851 3348 921 3432 ὅλην
938 3349 989 3430 τὴν
1009 3348 1102 3411 ἐκεῖνο
1117 3350 1150 3410 τὸ
1167 3348 1242 3418 εἶδος
1264 3351 1455 3435 συνέχουσαν,

209 3452 363 3514 καὶτοῦτο
386 3448 432 3512 διά
455 3454 507 3533 τῆς
529 3449 685 3533 ἐπαγωγῆς
707 3453 923 3534 πιστωσάμενος
950 3449 1052 3536 ἔλαβεν
1082 3454 1114 3514 τδ
1137 3453 1184 3515 καὶ
1208 3456 1260 3537 ζῆν
1282 3453 1317 3515 τά
1340 3452 1460 3539 ἔμψυχα
1486 3472 1500 3513 5

211 3553 348 3635 λέγεσθαι
371 3552 446 3616 κατὰ
468 3556 585 3637 πρώτην
608 3554 660 3636 μὲν
682 3556 734 3638 τὴν
757 3557 854 3639 ψυχὴν
877 3575 897 3614 ν
919 3577 939 3616 κ
961 3576 981 3615 ιι
1003 3554 1083 3640 ἔχον,
1111 3556 1203 3625 ούτως
1224 3555 1343 3641 ἔχοντος
1364 3582 1383 3640 η
1408 3561 1459 3641 μἐν

165 3675 194 3724 30
209 3658 288 3742 ψυχὴ
304 3657 427 3742 ἐδείχθη
450 3655 527 3724 εἶδος
549 3655 622 3720 ούσα
636 3662 687 3721 τοῦ
704 3662 840 3740 σώματος
854 3663 905 3721 τοῦ
928 3657 1046 3743 ἔχοντος
1061 3659 1160 3742 αὐτὴν,
1184 3661 1238 3742 ύλη
1262 3662 1294 3723 δέ
1310 3662 1341 3723 τδ
1358 3666 1453 3742 σῶμα.

210 3899 351 3965 XXVIII.
390 3894 459 3962 Ὅτι
483 3899 527 3982 μὴ
550 3900 569 3982 ἡ
593 3900 657 3984 ύλη
680 3899 786 3983 γένος.

290 4068 384 4134 Κοινά
406 4074 448 4154 τῷ
471 4070 546 4152 γένει
568 4073 616 4135 καὶ
638 4075 677 4155 τῇ
706 4073 761 4156 ύλη
788 4075 822 4135 τδ
845 4073 926 4137 κοινά
952 4071 1024 4136 εἶναι
1047 4073 1202 4147 πλειύνων,
1230 4076 1277 4137 καὶ
1300 4077 1333 4139 τὸ
1356 4082 1457 4159 πρῶτα
1472 4094 1499 4134 ιο

207 4179 243 4259 τῇ
263 4174 351 4260 φύσει
372 4177 430 4234 τῶν
452 4171 500 4236 ὑπ’
521 4173 596 4237 αύτά
617 4199 649 4238 τε
671 4177 719 4239 καὶ
742 4172 810 4258 [δι’]
833 4178 873 4238 ὧν
896 4176 957 4240 ἐστι
973 4180 1063 4256 κοινά,
1088 4180 1135 4241 καὶ
1157 4180 1190 4241 τὸ
1213 4183 1250 4262 τη
1266 4178 1361 4248 εἴδους
1383 4183 1457 4251 τινὸς

167 4410 222 4466 lle
243 4419 290 4467 τού
308 4412 398 4483 αὐτοῦ]
422 4414 720 4481 dean.11‚‘2.413220
825 4415 841 4468 θ
866 4415 910 4468 ούν
934 4417 1014 4489 ἀρχὴν
1035 4416 1154 4487 λαβόντες
1178 4423 1222 4489 τῆς
1244 4420 1360 4490 σκέψεως
1382 4421 1511 4494 διωρίσθαι

164 4499 233 4555 Irini.
322 4502 339 4555 3
358 4501 415 4572 ζῆν]
428 4503 498 4574 ζωὴν
509 4503 591 4558 ss²s²a
609 4506 653 4570 Sp.
743 4504 826 4573 ἐχοντι
847 4505 946 4572 σώματι
968 4522 1017 4557 om.
1038 4509 1129 4558 κλάσαι
1152 4507 1201 4559 del.
1222 4509 1286 4559 vict.
1378 4512 1393 4563 5
1412 4510 1511 4573 (δείξας)

163 4588 191 4657 μὴ
208 4592 276 4642 coni.
289 4590 333 4658 Sp.
350 4596 418 4644 recte
502 4592 534 4644 15
549 4590 705 4663 αἰσθητικῶν
715 4592 772 4660 Spa
792 4591 920 4661 αἰσθητῶν
934 4594 992 4646 libri
1081 4596 1109 4647 Π
1129 4596 1213 4647 αὐτῶν
1227 4598 1294 4649 coni.
1306 4598 1350 4666 Sp.
1427 4601 1457 4650 θλ
1473 4603 1511 4668 τη]

162 4677 187 4727 ιδ
203 4680 308 4747 scripsi:
328 4680 372 4731 καὶ
390 4680 422 4732 τά
440 4681 507 4733 Vict.
526 4680 570 4748 Sp.
653 4682 695 4732 21.
712 4681 745 4733 θ’)
769 4684 848 4739 πάσας
867 4683 932 4753 ἔχειν
951 4684 1017 4735 vict.
1038 4686 1094 4751 Sp.:
1114 4687 1216 4756 πάσχειν
1235 4686 1293 4738 libri
1384 4685 1416 4735 22
1435 4688 1465 4736 τὰ
1484 4686 1510 4738 δέ

161 4777 221 4821 τινας
238 4765 297 4833 Sp.:
316 4767 362 4825 τάς
381 4765 407 4818 δέ
425 4785 494 4824 τινας
511 4768 571 4821 libri
660 4770 694 4821 24
712 4769 798 4838 δμοία]
817 4770 861 4838 Sp.
882 4771 982 4823 videtur
1000 4772 1141 4844 ἀχώριστος
1159 4775 1301 4825 coniecisse
1386 4772 1417 4823 25
1437 4773 1510 4825 ύποία

161 4852 230 4918 aSp.
302 4852 335 4904 26
354 4855 398 4906 καὶ
417 4855 498 4907 delevi
579 4856 612 4907 27
632 4873 668 4924 pr.
688 4857 716 4909 τὸ
735 4858 817 4909 delevi
902 4860 934 4909 29
954 4859 1046 4930 ψυχήν,
1066 4863 1142 4922 (κατὰ
1161 4860 1275 4931 δεύτερον
1294 4859 1319 4912 δὲ
1339 4861 1367 4912 τδ
1388 4868 1461 4928 σῶμα
1480 4861 1509 4912 τύ

160 4937 199 5008 τὴν
217 4939 314 5013 ψυχὴν)
331 4940 459 4994 Schwartz
549 4944 614 5018 ἔχον,
639 4946 669 4997 ού
688 4943 770 5001 οὕτως
789 4945 855 4997 vict.
874 4949 918 5011 Sp.
1008 4946 1041 4998 33
1061 4943 1094 4997 δι’
1116 4947 1164 4998 del.
1184 4950 1219 4998 13²
