3540 5610
205 314 246 381 32
682 316 884 370 ALEXANDRI
908 317 951 370 DE
976 317 1085 372 ANIMA

258 492 325 570 γοῦν
348 489 384 553 τὰ
406 491 505 575 ψυχὴν
528 487 634 575 ἔχοντα
657 494 693 572 ζ’]
717 491 765 553 καὶ
788 491 871 555 οὐδὲν
902 495 938 574 ζῇ
961 496 1018 555 τῶν
1042 493 1082 576 μὴ
1106 493 1203 577 ψυχὴν
1226 491 1364 577 ἐχόντων.
1410 490 1507 555 ἔτιδὲ

260 591 285 652 εἰ
307 593 336 654 αἱ
360 594 503 676 δυνάμεις,
526 589 594 656 καθ’
623 591 658 661 ἃς
680 592 715 655 τὰ
738 592 889 677 σπέρματα
911 594 1033 679 ἐνεργεῖ,
1062 599 1206 677 συγγενεῖς
1232 597 1279 658 καὶ
1310 596 1412 658 οἰκεῖαι
1438 600 1507 671 τοῖς,
1535 612 1549 653 e

259 692 311 777 ἀρ’
339 696 379 757 ὧν
406 695 442 758 τὰ
472 695 637 779 σπέρματα,
669 694 738 759 καθ’
771 697 805 765 ἃς
833 699 967 780 δυνάμεις
994 697 1104 782 ἐνεργεῖ
1130 698 1166 760 τὰ
1194 697 1251 760 ἀπὸ
1280 703 1338 760 τῶν
1366 697 1507 782 ἐμψύχων

259 796 421 881 σπέρματα,
444 797 501 861 εἶεν
525 797 559 860 ἂν
582 797 666 862 αύται
689 800 822 884 ψυχικοί.
861 800 935 862 ἀλλὰ
959 800 1016 883 μὴν
1039 799 1113 862 κατὰ
1136 803 1252 884 πρώτην
1275 800 1327 883 τὴν
1351 800 1507 885 θρεπτικὴν

231 899 375 983 οὸύναμιν
405 902 516 984 ἐνεργεῖ
541 901 634 963 πάντα
660 901 695 964 τὰ
722 901 780 964 ἀπὸ
806 906 863 964 τῶν
892 902 1032 987 ἐμψύχων
1061 902 1220 985 σπέρματα.
1266 903 1376 988 ψυχικὴ
1404 902 1460 987 οίρα
1487 907 1507 988 η
1576 916 1585 931 ·

260 1000 382 1085 ὂύναμιξ
401 1028 419 1086 η
445 1004 595 1087 θρεπτική.
632 1003 695 1066 ἐπεὶ
718 1005 809 1067 τοίνυν
832 1006 913 1089 ψυχή
938 1028 969 1067 τε
992 1006 1010 1087 ί,
1031 1005 1172 1088 θρεπτικὴ
1196 1004 1313 1088 δύναμις
1336 1005 1384 1067 καὶ
1405 1007 1506 1090 πρώτη

258 1110 315 1168 τῶν
339 1111 391 1189 τῆς
413 1111 509 1195 ψυχης
531 1107 697 1188 δυνάμεων,
721 1107 784 1190 περὶ
806 1105 911 1189 ταύτης
933 1111 1047 1189 πρῶτον
1071 1108 1171 1191 ῥητέον
1194 1108 1241 1170 καὶ
1264 1107 1316 1189 τὴν
1339 1104 1438 1168 οὐσίαν
1460 1106 1508 1169 αὖ·

259 1213 311 1291 τῆς
333 1209 380 1271 καὶ
403 1208 561 1293 τὴνφύσιν
584 1209 726 1279 δεικτέον,
754 1210 816 1292 ἥτις
838 1208 908 1271 ποτέ
931 1208 1000 1272 ἐστι.
1046 1210 1228 1282 συνέζευκται
1250 1211 1283 1273 δὲ
1305 1213 1346 1292 τῷ
1370 1209 1433 1292 περὶ
1456 1213 1508 1292 τῆς

259 1311 417 1397 θρεπτικῆς
443 1316 543 1396 ψυχῆς
570 1309 648 1395 λύγῳ
676 1313 724 1374 καὶ
753 1312 769 1373 ύ
796 1312 861 1394 περὶ
888 1316 940 1394 τῆς
967 1317 1144 1397 γεννητικῆς.
1193 1316 1244 1395 τῆς
1269 1311 1323 1395 γὰρ
1352 1311 1549 1393 θρεπτικῆςιο

219 1430 245 1473 10
258 1419 355 1498 ψυχῆς
377 1414 470 1476 οἰκεῖα
492 1411 560 1496 ἔργα
584 1414 685 1499 ὥσπερ
705 1417 738 1477 τὸ
755 1415 860 1498 θρέψαι
883 1438 914 1477 τε
936 1415 985 1477 καὶ
1003 1414 1137 1498 αὐξῆσαι,
1160 1415 1253 1485 ούτως
1274 1414 1307 1476 δὲ
1329 1415 1377 1476 καὶ
1400 1415 1433 1477 τὸ
1448 1438 1507 1496 γεν-

258 1522 344 1600 νῆσαι
369 1512 475 1599 ’ὅμοιον
507 1523 549 1600 τῷ
583 1519 737 1601 σπείραντι.
782 1521 839 1579 τῶν
866 1516 919 1601 γὰρ
948 1520 1063 1589 ζώντων
1098 1519 1153 1580 «Zea
1178 1517 1274 1580 τέλειά
1302 1517 1362 1578 ἐστι
1389 1517 1437 1580 καὶ
1465 1519 1506 1601 μὴ

259 1622 439 1704 πηρώματα,
468 1622 507 1688 ίυς
535 1620 562 1682 οί
589 1619 736 1704 εὐνοῦχοι,
765 1620 839 1702 μηδὲ
865 1620 917 1702 τὴν
943 1620 1051 1701 γένεσιν
1075 1619 1240 1704 αὐτομάτην
1263 1617 1341 1703 ἔχει,
1369 1616 1450 1702 ἔργον
1473 1620 1506 1682 τύ

260 1726 379 1805 ποιῆσαι
401 1721 497 1805 ἕτερον
525 1722 585 1785 οἷον
608 1721 694 1794 αύτύ,
722 1722 768 1784 ίνα
791 1726 841 1785 τού
864 1723 908 1785 ἀεὶ
930 1721 1003 1785 εἶναι
1030 1724 1153 1806 καὶτῆς
1176 1723 1246 1806 πρὸς
1272 1723 1304 1784 τὸ
1328 1722 1405 1784 θεῖον
1429 1723 1506 1803 ύμοι·

259 1824 362 1907 ύτητος
385 1827 425 1892 ὡς
448 1824 562 1887 δύναται
591 1827 685 1888 πάντα
707 1822 830 1909 μετέχη.
876 1827 968 1888 πάντα
994 1826 1048 1910 γὰρ
1075 1827 1110 1888 τὰ
1133 1827 1206 1888 κατὰ
1232 1823 1316 1908 φύσιν
1339 1829 1506 1887 συνεστῶτα

219 1943 245 1987 15
258 1927 367 1990 ἐκείνου
391 1926 499 2010 ἐφίεται
526 1928 573 1989 καί
600 1930 694 1990 πάντα
722 1928 839 2011 πράττει
864 1927 937 1990 κατὰ
965 1928 1049 2013 φύσιν
1077 1929 1186 1990 ἐκείνου
1213 1930 1307 2012 χάριν.
1352 1927 1427 1990 ἀλλὰ
1450 1928 1507 2011 μὴν
1522 1944 1548 1985 ισ

259 2031 340 2115 ψυχὴ
363 2029 439 2091 αἰτία
466 2033 510 2113 τιγῖ
533 2030 659 2114 ἐμψύχῳ
688 2034 739 2091 τοῦ
768 2031 905 2113 πράσσειν
932 2030 968 2093 τὰ
990 2030 1064 2093 κατὰ
1089 2031 1141 2114 τὴν
1169 2031 1258 2093 αύτού
1281 2031 1374 2116 φύσιν.
1420 2030 1450 2092 ἓν
1474 2032 1506 2094 δὲ

259 2140 316 2196 τῶν
339 2133 395 2195 ύπὸ
422 2136 472 2194 τοῦ
495 2132 628 2216 ἐμψύχου
655 2132 728 2194 κατὰ
750 2133 833 2216 φύσιν
860 2133 1015 2215 γινομένων
1042 2134 1089 2196 καὶ
1112 2136 1130 2216 ί,
1156 2137 1205 2195 τού
1232 2133 1312 2218 αύτῷ
1340 2135 1441 2215 ὁμοίου
1463 2133 1506 2215 γέ-

258 2257 341 2304 νεσις.
387 2235 434 2297 καὶ
456 2236 509 2317 γὰρ
531 2234 567 2297 τὰ
589 2234 666 2319 ψυτύι
694 2236 822 2297 καὶτῶν
846 2233 930 2320 ζῴων
958 2234 1013 2298 ὅσα
1041 2237 1081 2320 μὴ
1105 2239 1274 2320 πεπηρωται
1297 2235 1370 2299 κατὰ
1391 2238 1444 2319 τὴν
1467 2237 1505 2298 οί-

175 2334 185 2351 ”
258 2338 336 2400 κείαν
359 2336 443 2422 φύσιν
467 2338 575 2420 ὁμοίων
604 2336 702 2407 αὐτοῖς
723 2338 783 2401 ἐστι
805 2340 963 2422 γεννητικά.
1008 2340 1119 2424 ψυχικὴ
1147 2338 1203 2423 ἄρα
1229 2340 1277 2401 καί
1304 2364 1323 2421 η
1347 2338 1506 2422 δύναμιςίΙ

216 2444 419 2524 υογεννητικη.
464 2441 539 2504 ἀλλὰ
562 2441 618 2523 μὴν
645 2441 680 2502 τὰ
703 2439 778 2524 φυτὰ
805 2439 894 2524 μύνην
922 2443 973 2524 τὴν
1001 2442 1157 2525 θρεπτικὴν
1185 2442 1282 2526 ψυχὴν
1305 2438 1411 2526 έχοντα
1435 2442 1506 2526 πρὸς

226 2616 228 2621 .
258 2549 302 2630 τῷ
325 2544 484 2628 τρέφεσθαί
509 2567 540 2606 τε
568 2544 615 2607 καὶ
642 2542 780 2613 αὔξεσθαι
807 2544 855 2605 καὶ
882 2545 914 2605 τὸ
942 2548 1041 2626 γεννοῖν
1069 2542 1141 2629 ἔχει.
1187 2549 1239 2629 τῆς
1268 2546 1423 2629 θρεπτικῆς
1449 2543 1506 2628 ἄρα

258 2649 408 2732 δυνάμεως
434 2670 465 2709 τε
491 2647 539 2709 καὶ
572 2651 672 2731 ψυχῆς
699 2646 798 2730 μύριοι
831 2647 879 2709 καί
909 2647 941 2708 τὸ
968 2647 1154 2731 γεννητικόν·
1191 2647 1285 2715 κοινὸς
1311 2645 1361 2710 οὖν
1389 2649 1458 2730 ἡμῖν
1487 2649 1547 2711 ύεο

195 2802 199 2810 .
257 2752 323 2835 περὶ
346 2748 517 2842 ἀμφοτέρων
539 2746 631 2832 λύγος.
677 2749 740 2812 ἐπεὶ
764 2749 796 2812 δὲ
818 2748 848 2811 ἐν
872 2753 958 2812 πᾶσιν
979 2774 998 2832 η
1022 2756 1080 2812 τῶν
1103 2750 1308 2834 ἀσαφεστέρων
1331 2755 1434 2832 γνῶσις
1456 2751 1504 2813 διὰ

259 2859 315 2917 τῶν
339 2853 524 2938 σαφεστέρων
547 2853 664 2934 γίνεται,
687 2853 736 2915 καὶ
759 2853 887 2914 ἐπὶτῶν
910 2851 1105 2936 προκειμένων
1129 2853 1205 2915 οὕτω
1228 2854 1286 2937 χρὴ
1311 2859 1411 2916 ποιεῖν.
1457 2856 1504 2917 καὶ

217 2973 244 3016 ‘25
257 2958 321 3019 ἐπεὶ
344 2959 373 3019 ιιί
396 2956 469 3019 κατὰ
492 2955 542 3023 τὰς
564 2960 616 3038 τῆς
635 2960 735 3039 ψυχῆς
757 2956 890 3037 δυνάμεις
913 2956 1050 3038 ἐνέργειαι
1066 2954 1240 3040 σαψέστεραι
1263 2962 1321 3018 τιῖιν
1345 2958 1503 3038 δυνάμεων,

258 3056 308 3145 ἀφ’
337 3061 378 3122 ὧν
400 3060 589 3142 ἐνεργούνται,
612 3059 644 3120 τὸ
665 3058 857 3120 αἰσθάνεσθαι
880 3062 932 3140 τῆς
955 3058 1124 3140 αἰσθήσεως
1146 3060 1194 3120 καὶ
1217 3060 1249 3122 τύ
1272 3050 1429 3143 τρέφεσθαι
1453 3064 1505 3143 τῆς

170 3190 174 3197 ·
258 3164 415 3248 θρεπτικῇς
437 3163 596 3244 δυνάμεως,
624 3159 743 3244 ἀρκτέον
766 3160 823 3221 ἀπὸ
846 3164 897 3222 τού
920 3159 1086 3244 τρέψεσθαι.
1131 3162 1253 3245 καὶγὰρ
1277 3163 1348 3246 πρὸς
1369 3167 1411 3247 τῷ
1435 3186 1504 3244 γνω·

259 3269 416 3350 ριμιύτερον
443 3265 515 3328 εἶναι
542 3265 590 3326 καὶ
617 3263 730 3347 πρῶτόν
758 3262 818 3326 ἐστι
846 3262 919 3325 κατὰ
946 3264 994 3325 τὸν
1022 3263 1104 3346 λύγον
1131 3268 1183 3346 τῆς
1210 3266 1358 3347 δυνάμεως
1387 3262 1438 3350 ἀφ’
1469 3266 1505 3347 ἧς

258 3371 371 3452 γίνεται.
418 3373 507 3432 ταῦτα
529 3367 583 3450 γὰρ
606 3371 706 3448 πρῶτα
730 3370 771 3449 τῷ
796 3364 885 3449 λύγῳ,
909 3365 928 3427 ἃ
951 3365 980 3427 ἐν
1004 3370 1045 3449 τῷ
1070 3366 1168 3451 οἰκείῳ
1191 3365 1269 3451 λύγῳ
1292 3368 1421 3453 περιέχει
1443 3368 1547 3431 ww

218 3474 299 3535 νοῶν
322 3468 418 3535 οὐκέτ’
447 3470 521 3533 αὐτὰ
543 3470 572 3532 ἐν
596 3475 637 3551 τῷ
662 3467 740 3551 λύγῳ
764 3469 1027 3552 παραλαμβάνεται.
1066 3469 1158 3537 ούτως
1180 3469 1212 3532 δὲ
1234 3467 1297 3553 ἔχει
1319 3471 1367 3532 καὶ
1389 3472 1421 3534 τὺ
1446 3471 1504 3556 τρέ·

275 3588 333 3595 ,,.,,-,
354 3574 489 3592 --.--..t-
522 3585 528 3589 .
542 3584 604 3589 -—

206 3630 221 3681 2
251 3632 373 3696 συγγενεῖς
392 3625 435 3677 καὶ
454 3623 554 3691 οίκτῐοιι]
578 3624 681 3677 ῖιύιιίίτίι
702 3624 747 3675 der
766 3622 865 3675 Gestalt
888 3624 953 3675 nach
973 3624 1028 3676 und
1047 3624 1149 3677 &belich
1170 3627 1214 3678 der
1233 3625 1351 3694 Gattung
1368 3627 1435 3678 nach

204 3715 273 3767 4-5
301 3710 512 3783 κατὰ-ἐνεργεῖ]
537 3712 633 3765 wirken
652 3715 737 3764 zuerst
756 3711 835 3761 durch
854 3710 896 3762 die
914 3711 1045 3763 nsehrende
1065 3712 1138 3764 Krast
1254 3713 1269 3765 6
1297 3713 1380 3766 τοίνυν
1399 3729 1448 3765 om.

204 3801 288 3872 ψυχή]
307 3802 416 3854 seeliseh
523 3799 539 3851 8
558 3798 727 3867 συνέζευκται]
747 3814 774 3851 es
793 3799 870 3849 ziemt
889 3799 953 3862 sich,
971 3798 1031 3851 (less
1050 3801 1095 3850 wir
1114 3801 1255 3853 verbiuden
1364 3803 1379 3851 9
1398 3802 1558 3872 γεννητικῆς]

204 3891 249 3942 der
261 3888 606 3941 wachsenmaehenden
619 3887 673 3940 und
686 3886 864 3954 erzeugenden
928 3886 960 3936 10
980 3885 1226 3958 ὥσπερ-γεννῆσαι]
1239 3889 1285 3942 das
1299 3889 1402 3941 Nfihren
1415 3889 1558 3943 Wechsen-

202 3978 310 4029 Mechen
329 3976 382 4027 und
403 3976 536 4042 Erzeugen
639 3973 739 4025 11-12
759 3974 794 4043 μὴ
813 3973 994 4044 πεπηρωμένοι]
1014 3975 1087 4026 nieht
1105 3974 1232 4041 impetent
1331 3974 1558 4047 meme-3122]

205 4065 252 4116 wie
270 4063 314 4115 der
333 4063 531 4115 verschnittene
549 4063 603 4114 ιἰιιτΙ
622 4063 713 4114 ‹lessen
734 4062 888 4130 Erzeugung
906 4061 980 4113 nicht
996 4077 1048 4113 ven
1066 4062 1147 4115 selbst
1255 4063 1285 4114 16
1306 4062 1478 4133 τού-φύσιν]
1498 4065 1559 4118 dass

203 4168 230 4205 es
250 4152 329 4204 durch
349 4151 420 4203 seine
439 4150 521 4202 Netur
539 4151 616 4202 wirke
726 4147 826 4200 18-19
844 4148 910 4200 κατὰ
928 4149 975 4218 τὴν
994 4148 1087 4201 οἰκείαν
1105 4148 1189 4218 φύσιν]
1213 4150 1294 4203 durch
1312 4151 1383 4203 seine
1403 4149 1485 4204 Netur
1503 4153 1559 4205 und

204 4238 258 4292 dee
276 4238 391 4291 Wesen
409 4239 517 4290 seiner
535 4237 625 4290 Seele
730 4235 765 4287 ⁶20
783 4236 814 4287 τὰ
832 4234 1036 4305 φυτὰ-ἔχοντα]
1056 4237 1098 4288 die
1116 4236 1221 4290 Pflenze
1239 4237 1303 4289 und
1322 4237 1392 4304 das,
1411 4254 1471 4291 was
1491 4240 1533 4292 het

204 4327 238 4379 23
256 4326 282 4378 δὲ
301 4342 350 4379 om.
475 4323 579 4377 29-30
606 4326 685 4376 ταῦτα
703 4321 1025 4394 γὰρ-παραλαμβάνεται]
1044 4325 1120 4376 Denn
1138 4326 1180 4377 die
1198 4327 1227 4378 in
1246 4325 1291 4377 der
1310 4325 1452 4378 Definitien
1471 4332 1559 4380 ersten

203 4414 288 4482 Dinge
306 4412 365 4465 sind
385 4412 427 4465 die
445 4414 543 4481 Dioge,
562 4412 655 4465 welche
673 4413 701 4463 in
721 4413 765 4463 der
784 4411 942 4475 Definiti0n‚
967 4410 1009 4462 die
1028 4410 1159 4465 dieselben
1178 4412 1331 4480 specificirt‚
1349 4412 1390 4466 die
1410 4414 1494 4481 Dinge
1514 4414 1558 4465 be-

204 4501 311 4569 gresten,
329 4501 409 4553 durch
429 4500 523 4552 welche
542 4500 580 4551 sie
598 4500 626 4552 in
645 4501 716 4552 einer
734 4499 875 4551 Definition
894 4498 991 4567 gefeeet
1009 4499 1117 4557 werden.

207 4639 238 4692 10
256 4638 356 4710 ίργωο
443 4637 545 4710 θρέψαι]
566 4638 611 4706 ψαι
629 4642 657 4692 in
676 4640 749 4692 111]ν
846 4640 877 4691 14
896 4640 1022 4709 μετέχηο
1112 4641 1143 4691 16
1163 4638 1239 4692 αύτοῦ
1258 4640 1297 4691 Va
1385 4641 1415 4694 21
1437 4644 1558 4711 γεκνᾷνο

204 4726 236 4778 27
264 4723 410 4795 τρέφεσθαι]
428 4730 488 4794 post
505 4744 579 4797 τριφι
598 4728 614 4779 3
632 4727 671 4780 lit.
688 4742 774 4779 erasae
793 4727 816 4777 V
922 4725 957 4777 30
984 4725 1021 4778 ὧν
1040 4728 1135 4794 pendet
1153 4729 1185 4779 eb
1205 4727 1231 4778 ἐν
1248 4730 1286 4795 τῷ
1304 4726 1380 4797 λόγῳ.
1411 4729 1469 4782 ideo
1488 4730 1557 4781 enim

204 4812 232 4866 τὸ
249 4811 382 4885 τρέφεσθαι
400 4818 440 4866 est
457 4820 558 4885 πρῶτον
576 4813 702 4884 τῷλόγῳ,
721 4814 789 4883 quod
809 4814 836 4865 in
855 4828 903 4865 sua
920 4813 1072 4867 definitione
1089 4815 1136 4884 τὴν
1155 4813 1257 4883 δύναμιν
1276 4816 1321 4884 τὴν
1339 4815 1477 4886 θρεπτικὴν
1495 4831 1557 4868 eon·

204 4903 278 4966 tinet,
297 4902 326 4953 in
345 4902 420 4953 cuius
439 4900 591 4955 definitione
608 4903 694 4971 ipsum
712 4916 766 4954 nen
786 4902 862 4953 inest.
