3540 5610
235 322 297 393 226
678 321 907 381 ΑΛΕΞΑΝΔΡΟΥ
925 321 1151 380 ΑΦΡΟΔΙΣΙΕΩΣ

289 491 371 562 ύντος
392 496 610 580 κεχωρισμένοι)
633 501 685 580 τῆς
707 497 787 580 ύλης,
809 496 839 565 ἐξ
862 497 897 580 ἧς
919 496 1041 561 ἕκαστον
1064 497 1160 561 αὐτῶν
1182 500 1300 580 γίνεται,
1322 501 1374 583 τὴν
1398 499 1496 584 ἀρχήν
1512 522 1543 561 τε
1558 516 1583 557 u

288 601 341 678 τῆς
354 597 496 678 γενέσεως
518 599 660 683 λαμβάνει
683 619 703 658 νε
726 620 746 659 ν
768 618 788 658 rr
803 599 852 661 καὶ
867 597 904 660 τὰ
918 596 982 661 κατ’
999 598 1089 683 αὐτῆς
1104 601 1271 685 πηγνύμενα
1286 602 1380 664 πάντα
1396 601 1443 663 καὶ
1459 600 1496 663 τὰ
1511 600 1541 664 ἐν

287 701 348 766 τοῖς
371 703 527 784 μετεώροις
550 703 743 782 συνιστάμενα
776 700 980 784 κεχωρισμένα
1014 701 1229 785 κεχωρισμένον
1263 700 1328 786 ἔχει
1361 703 1395 765 τδ
1429 705 1540 765 ποιοῦν.

288 797 355 863 οὔτε
387 802 442 886 γὰρ
475 806 508 866 τὸ
542 802 768 888 θερμαινόμενον
802 804 850 866 καὶ
873 803 920 866 διὰ
952 808 1036 865 τοῦτο
1060 805 1240 889 μεταβάλλον
1273 805 1344 868 αὐτὸ
1376 805 1540 888 θερμαίνει·

252 904 398 987 σψυχρδν
422 905 454 966 δὲ
476 904 551 969 καθδ
575 905 768 989 θερμαίνεται.
814 905 889 968 ἀλλὰ
922 908 970 969 καὶ
993 905 1037 974 οἷς
1069 908 1088 988 ‘l
1121 906 1252 989 γέννησις
1279 908 1338 970 άπδ
1365 906 1541 991 σπέρματος,
1554 922 1584 964 ¹⁰

287 1002 396 1073 ἔξωθεν
411 1008 444 1069 τδ
459 1011 566 1088 γεννῶν
581 1007 628 1070 διὰ
644 1012 697 1091 τῆς
713 1007 862 1092 προέσεως
884 1013 934 1070 τοῦ
957 1007 1130 1093 σπέρματος.
1168 1008 1195 1070 εἰ
1217 1007 1244 1071 δ’
1261 1009 1354 1077 σύτως
1374 1009 1411 1072 τὰ
1433 1009 1467 1071 ἐκ
1488 1013 1542 1091 τῆς

287 1108 359 1191 ύλης
380 1108 516 1191 γινόμενα
538 1111 653 1191 γίνεται,
677 1114 740 1180 πῶς
762 1108 797 1171 ἂν
819 1108 935 1194 (αἴτιος)
951 1108 992 1173 ἔτι
1008 1111 1024 1171 6
1040 1109 1109 1178 θεὸς
1125 1108 1221 1172 αὐτῶν
1236 1108 1284 1194 εἴη
1298 1111 1347 1173 διὰ
1361 1114 1413 1174 τοῦ
1428 1113 1466 1192 τῇ
1483 1109 1540 1192 ύλη

287 1211 434 1294 μεμῖχθαί
452 1235 484 1275 τε
507 1212 555 1275 καὶ
577 1213 750 1296 κεκρᾶσθαι;
785 1215 836 1274 τοῦ
858 1211 913 1295 γὰρ
936 1212 1029 1278 ούτως
1051 1211 1081 1274 ἐν
1104 1216 1165 1280 τοῖς
1186 1211 1347 1294 γινομένοις
1368 1213 1454 1296 φύσει
1476 1234 1539 1274 ποι-

285 1314 385 1380 οῦντος
407 1311 479 1375 ἄλλο
501 1337 528 1376 τι
550 1313 665 1397 πρῶτόν
688 1316 764 1377 ἐστιν
786 1312 877 1376 αἴτιον
900 1311 1009 1382 ἔξωθεν
1033 1311 1075 1376 ὄν.
1120 1311 1203 1376 οὐδὲν
1237 1314 1270 1377 δὲ
1292 1315 1442 1397 ποιητικὸν
1463 1318 1582 1396 upa-a

236 1433 267 1480 ιο
285 1437 334 1477 τυν
357 1418 408 1476 τοῦ
431 1416 512 1478 θεοῦ.
551 1416 661 1479 ἐοίκασι
683 1417 715 1479 δὲ
738 1412 775 1477 δι’
803 1416 845 1477 ὧν
867 1416 998 1498 λέγουσιν
1021 1414 1097 1484 εἶδος
1119 1420 1172 1498 τῆς
1195 1415 1265 1499 ύλης
1286 1414 1379 1498 λέγειν
1393 1417 1443 1479 τδν
1460 1413 1537 1478 θεύν.

285 1518 312 1581 εἰ
333 1518 387 1600 γάρ
411 1518 504 1587 οὕτως
526 1518 542 1581 6
568 1518 635 1587 θεδς
658 1517 794 1601 μέμικται
816 1521 854 1600 τῇ
879 1519 935 1601 ύλη
957 1515 1020 1581 κατ’
1048 1516 1162 1599 αύτούς,
1197 1521 1238 1586 ὡς
1260 1517 1290 1580 ἐν
1324 1522 1384 1588 τοῖς
1407 1514 1537 1603 ζῴοιςή

261 1622 368 1705 ,ψυχὴ
391 1626 434 1704 τῷ
458 1624 583 1702 σώματι,
619 1622 666 1685 καλ
690 1623 709 1703 ἡ
733 1621 852 1703 δύναμις
885 1625 937 1703 τῆς
970 1620 1040 1703 ύλης
1074 1620 1135 1684 ἐστὶ
1158 1621 1174 1681 6
1198 1620 1268 1688 θεδς
1299 1619 1386 1705 (φασὶ
1407 1622 1462 1704 γὰρ
1485 1620 1538 1702 τὴν

285 1723 356 1805 ύλην
378 1727 470 1786 ποιεῖν
493 1727 531 1805 τῇ
554 1724 585 1786 ἐν
607 1723 683 1805 αὐτῇ
707 1722 852 1804 δυνάμει),
885 1720 963 1791 εἶδύς
984 1747 1047 1791 πως
1082 1721 1117 1785 άν
1139 1721 1250 1804 λέγοιεν
1272 1722 1363 1806 αύτής
1385 1724 1433 1786 τδν
1456 1720 1538 1796 θεύν,

285 1828 325 1892 ιδς
346 1827 399 1908 τὴν
421 1828 519 1910 ψυχὴν
541 1830 593 1889 τού
616 1828 751 1906 σώματος
774 1825 821 1887 καλ
843 1824 896 1907 τὴν
919 1825 1037 1905 δύναμιν
1060 1829 1112 1887 τού
1134 1826 1263 1906 δυνάμει.
1301 1824 1361 1889 ἀλλ’
1389 1827 1416 1888 el
1437 1828 1534 1899 τοῦτο,
1548 1838 1578 1880 ⁸⁰

233 1948 263 1995 ιε
282 1933 345 1997 πῶς
368 1926 402 1989 ἂν
425 1926 468 1990 ἔτι
489 1929 580 2010 ήύλη
603 1927 730 1995 άνείδεος
751 1925 798 2009 εἴη
821 1925 895 1990 κατὰ
917 1926 966 1988 τδν
988 1927 1078 2009 αὑτῆς
1100 1926 1197 2009 λύγον,
1221 1928 1225 2013 l
1249 1926 1323 2010 εἴγε
1345 1930 1378 1991 τδ
1401 1925 1511 2010 συμμύ·
1535 1931 1592 1988 608

282 2053 338 2093 νειν
361 2030 437 2114 αὐτῇ
460 2032 507 2093 καὶ
530 2029 601 2092 εἶναι
625 2030 680 2111 ύλη
704 2030 782 2112 παρὰ
804 2033 856 2113 τῆς
878 2026 968 2112 οὔσης
1001 2029 1032 2090 ἐν
1054 2029 1131 2113 αὐτῇ
1155 2032 1318 2113 δυνάμεως;
1356 2031 1482 2112 μάλιστα
1504 2025 1530 2092 δ’

279 2133 311 2194 ἐν
333 2138 370 2215 τῇ
387 2132 552 2216 ἐκπυρώσει
573 2133 704 2214 φαίνεται
726 2128 787 2194 κατ’
817 2130 921 2199 αύτούς
944 2132 960 2194 6
984 2131 1052 2201 θεὸς
1073 2136 1125 2215 τῆς
1148 2132 1219 2217 ύλης
1233 2133 1311 2203 εἶδος
1333 2135 1385 2209 ὤν,
1408 2130 1488 2214 εἴγε
1503 2130 1535 2193 ἐν

281 2240 325 2320 τῷ
349 2236 427 2319 πυρί,
462 2234 588 2316 θμύνον
611 2235 672 2297 ἐστὶ
705 2230 769 2296 κατ’
796 2232 902 2302 αὐτοὺς
923 2232 999 2308 τύτε,
1032 2235 1051 2316 ή
1075 2234 1129 2317 ύλη
1158 2236 1207 2298 καὶ
1230 2237 1246 2298 6
1269 2236 1338 2305 θεδς
1361 2233 1428 2319 [τῆς
1450 2230 1535 2316 ύλης]

282 2341 423 2410 σώζονται
447 2336 539 2421 μόνοι.
576 2334 624 2420 εἴη
647 2335 700 2420 γὰρ
723 2334 757 2398 άν
780 2335 796 2397 6
819 2337 888 2404 θεὸς
909 2334 975 2398 τότε
996 2334 1073 2403 εἶδος
1094 2336 1127 2398 τδ
1149 2336 1198 2399 ἐπὶ
1225 2342 1262 2421 τῇ
1291 2338 1347 2421 ύλη
1364 2341 1416 2401 τοῦ
1432 2337 1532 2420 πυρὸς.
1561 2350 1578 2392 ὅ

229 2459 263 2505 20
281 2441 309 2502 εἰ
331 2442 362 2502 δὲ
386 2444 480 2512 τοῦτο,
505 2439 678 2523 μεταβάλλει
702 2439 734 2501 δὲ
757 2438 789 2501 τδ
812 2443 868 2522 πύρ
888 2439 928 2507 είς
950 2438 1025 2501 άλλα
1046 2438 1108 2500 τινὰ
1130 2441 1264 2519 σώματα,
1287 2440 1320 2503 τδ
1335 2438 1413 2509 εθσς
1428 2440 1535 2502 άλλάσ·

282 2564 332 2607 σον
366 2542 412 2626 εἴη
447 2541 480 2605 ἂν
509 2544 525 2605 6
549 2543 618 2610 θεὸς
646 2540 840 2625 φθειρόμενος
862 2539 938 2613 τότε,
970 2538 1002 2602 εἴ
1023 2563 1057 2622 γε
1079 2540 1153 2604 κατὰ
1175 2541 1289 2625 φθοριλν
1311 2547 1363 2606 τού
1385 2542 1534 2626 προυπάρ-

280 2669 382 2730 χοντος
416 2643 510 2712 εἴδους
541 2646 560 2727 ἡ
585 2644 731 2729 μεταβολὴ
765 2643 806 2712 εἰς
828 2643 900 2707 ἄλλο
932 2646 1020 2725 σῶμα
1053 2667 1089 2726 τη
1120 2644 1175 2725 ύλη
1198 2644 1315 2726 γίνεται.
1360 2645 1409 2707 καὶ
1431 2645 1459 2706 εἰ
1479 2649 1534 2726 τῆς

281 2746 416 2829 τοιαύτης
450 2747 614 2831 μεταβολῆς
636 2748 652 2808 6
676 2747 746 2814 θεὸς
768 2746 869 2824 αἴτιος,
903 2746 949 2828 εἴη
974 2745 1008 2808 ἂν
1032 2746 1047 2807 6
1078 2745 1147 2814 θεδς
1180 2744 1238 2809 κατ’
1266 2744 1372 2815 αύτούς
1403 2746 1534 2830 φθείρων

280 2850 393 2921 ἑαυτόν,
417 2847 451 2910 ού
474 2850 502 2911 τί
522 2849 557 2912 ἂν
573 2849 758 2931 ἀτοπώτερον
775 2847 879 2932 ῥηθείη
902 2845 967 2910 ποτ’
994 2847 1043 2927 άν;
1066 2852 1130 2916 πῶς
1145 2847 1171 2910 δ’
1191 2848 1245 2912 ούκ
1260 2848 1363 2917 ἀνάξια
1383 2853 1436 2933 τῆς
1451 2848 1534 2918 θείας
1548 2865 1577 2907 ιο

228 2973 261 3022 25
281 2953 456 3036 προλήψεως
477 2950 510 3013 τύ
532 2973 564 3014 τε
586 2953 634 3014 τδν
659 2951 727 3014 θεὸν
750 2950 799 3012 διὰ
821 2951 916 3032 πάσης
938 2954 991 3032 τῆς
1013 2951 1206 3033 ὑποκειμένης
1228 2955 1316 3014 πᾶσιν
1344 2950 1416 3035 ύλης
1437 2973 1534 3037 κεχω·

279 3054 395 3139 ρηκέναι
418 3052 510 3135 λέγειν
533 3055 581 3117 καλ
605 3053 698 3136 μένειν
721 3053 752 3115 ἐν
775 3053 862 3136 αὐτῇ,
886 3053 971 3116 δποία
993 3049 1057 3114 ποτ’
1087 3049 1120 3114 ἂν
1143 3049 1175 3135 ή,
1199 3055 1247 3116 καὶ
1266 3053 1299 3116 τδ
1314 3054 1533 3138 προηγούμενον

279 3156 359 3242 ἔχειν
381 3155 474 3239 ἔργον,
507 3159 540 3218 τὸ
564 3155 612 3218 άεί
631 3179 658 3218 τι
679 3159 779 3237 γεννᾶν
801 3177 833 3217 τε
856 3155 904 3217 καὶ
927 3155 1113 3216 διαπλάσσειν
1137 3157 1196 3218 τῶν
1218 3154 1248 3224 ἐξ
1281 3154 1373 3239 αὐτῆς
1393 3155 1530 3239 γενέσθαι

278 3259 455 3343 δυναμένων,
479 3259 526 3320 καὶ
549 3262 642 3321 ποιεῖν
664 3259 713 3320 τδν
729 3259 798 3321 θεὸν
820 3257 995 3341 δημιουργὸν
1018 3259 1180 3339 σκωλήκων
1195 3281 1226 3320 τε
1242 3259 1291 3321 καλ
1307 3257 1448 3341 ἐμπίδων,
1471 3260 1575 3322 dri-16

278 3383 358 3447 χνωτ
381 3362 480 3445 ὥσπερ
502 3359 687 3443 κυρύπλαθύν
710 3382 771 3422 τινα
794 3360 838 3445 τῷ
860 3362 947 3443 πηλῷ
971 3358 1153 3442 σχολάζοντα
1176 3361 1224 3422 καλ
1246 3364 1304 3423 πᾶν
1318 3362 1352 3423 τὸ
1372 3363 1533 3446 δυνάμενον

225 3485 259 3533 30
277 3465 308 3535 ἐξ
330 3465 420 3529 αὐτού
442 3463 577 3546 γενέσθαι
600 3467 685 3526 τοῦτο
707 3466 857 3542 ποιοῦντα;
880 3462 952 3544 πρδς
974 3461 1006 3524 δὲ
1029 3461 1139 3528 τούτοις
1154 3463 1180 3525 εἰ
1202 3463 1250 3547 τὰ,
1267 3466 1424 3549 κιρνάμενα
1439 3465 1530 3551 ἀλλή-

277 3572 337 3634 λοις
360 3569 483 3649 σώματα
506 3566 694 3650 ἀντιπάσχειν
728 3563 777 3627 ὑπ’
805 3565 941 3648 ἀλλήλων
963 3564 1074 3648 ἀνάγκη
1096 3564 1158 3646 (διὰ
1181 3569 1265 3629 τοῦτο
1293 3566 1348 3651 γάρ
1380 3566 1534 3652 οὐδέτερον

277 3669 374 3733 αὐτῶν
396 3669 556 3752 φθείρεται,
578 3666 623 3729 ύτι
644 3667 781 3751 ἑκάτερον
803 3665 900 3730 αὐτῶν
922 3668 1037 3751 πάσχον
1064 3665 1114 3749 ὑφ’
1135 3666 1274 3752 ἑκατέρου
1296 3669 1385 3754 ἐντῷ
1403 3672 1529 3755 πάσχειν
1544 3689 1573 3731 εν

277 3772 441 3852 άντιποιεῖ),
476 3771 512 3834 τὰ
532 3772 565 3833 δὲ
588 3767 624 3832 δι’
654 3769 789 3851 ἀλλήλων
812 3774 967 3853 χωροῦντα
990 3771 1113 3852 σώματα
1136 3774 1268 3853 κιρνᾶται
1301 3771 1449 3854 ἀλλήλοις,
1482 3773 1530 3859 εἴη

201 3882 253 3936 XII
275 3872 301 3936 τ’
320 3873 354 3938 άν
376 3874 490 3958 ἄλληλα
512 3892 533 3932 κ
555 3893 575 3932 κ
597 3888 617 3931 κ
640 3869 740 3935 Ταύτα
763 3871 815 3953 μὲν
831 3871 922 3934 εἰπεῖν
937 3872 1094 3956 προήχθην
1110 3870 1159 3935 διὰ
1173 3872 1241 3941 τοδε
1257 3871 1455 3956 ἀντιλέγοντας
1478 3876 1531 3957 μὲν

223 3998 256 4046 35
273 3975 466 4061 Ἀριστοτέλει
499 3975 565 4058 περὶ
598 3976 650 4035 τοῦ
672 3972 804 4056 πέμπτου
828 3977 963 4057 σώματος
986 3976 1033 4037 καὶ
1056 3974 1238 4059 τοῖςμύνυις
1271 3973 1334 4038 κατ’
1363 3976 1444 4046 ἀξίαν
1470 3983 1530 4042 τῶν

223 4216 238 4268 2
258 4216 450 4286 γεννάσεωςΑΟ
539 4212 659 4264 lacunam
680 4211 794 4264 indicari
883 4206 944 4262 κατ’
958 4210 1047 4280 αὐτῆς]
1067 4214 1133 4264 κατὰ
1151 4217 1197 4282 γῆς
1207 4213 1285 4281 Apelt
1374 4219 1390 4268 3
1409 4217 1585 4289 κιχωρισμίνα

221 4309 371 4372 suspectum
452 4300 580 4368 θγένεσις
598 4302 657 4352 Rsa
737 4299 897 4369 ύπροέσεως
910 4299 997 4367 Apelt:
1018 4297 1162 4371 προθέσεως
1180 4300 1239 4353 libri
1328 4302 1367 4354 διὰ
1386 4307 1432 4355 τού
1450 4321 1491 4357 σπ.
1510 4309 1552 4359 R·

221 4391 334 4447 Ίαίτιος
353 4389 412 4440 add.
427 4388 497 4440 Diels
587 4390 619 4455 τῇ
638 4384 698 4455 ὕλη]
717 4386 764 4455 τὴν
784 4382 846 4456 ύλην
865 4388 904 4437 Ra
995 4386 1026 4438 1=2
1046 4385 1116 4455 φασί]
1135 4386 1208 4456 φύσει
1226 4390 1266 4440 Ra
1284 4388 1364 4457 Apoll
1457 4391 1488 4444 13
1507 4399 1586 4446 ποιεῖν

221 4477 316 4531 Ιᾱσλειι
336 4483 401 4529 ποιεῖ
419 4475 480 4527 libri
559 4475 594 4544 τῇ
613 4472 702 4540 Apelt:
722 4473 768 4541 τὴν
786 4471 844 4524 libri
934 4492 990 4531 πως
1009 4473 1100 4542 Apelt:
1121 4473 1157 4532 ὡς
1174 4474 1235 4528 libri
1347 4477 1377 4529 16
1401 4475 1448 4548 ύλη
1469 4486 1508 4531 A:
1537 4479 1584 4551 ύλη

221 4566 264 4618 rel.
349 4564 415 4634 παρὰ
426 4565 485 4614 AB:
505 4563 560 4632 περὶ
573 4560 618 4614 rel.
710 4560 741 4612 18
759 4559 810 4628 τῷ]
824 4561 885 4632 τηε
975 4562 1026 4614 ἐστὶ
1039 4564 1139 4615 omlis
1227 4566 1273 4633 της
1285 4562 1347 4635 ὕλης
1359 4564 1409 4618 del.
1422 4571 1456 4617 A:
1477 4582 1557 4621 σακε

223 4651 254 4703 19
274 4651 303 4703 ἂν
323 4666 373 4701 om.
392 4654 432 4702 Ra
538 4649 581 4701 20.
600 4648 630 4699 21
652 4647 773 4699 ἀλλάσσον
793 4650 827 4700 R:
847 4647 954 4701 ἀλάσσυν
973 4650 1017 4701 rel.
1125 4648 1159 4700 22
1178 4650 1199 4702 tl
1218 4649 1282 4703 1³²⁸:
1305 4652 1321 4722 η
1341 4653 1385 4705 rol.
1486 4655 1520 4706 29
1540 4673 1582 4708 ιιυ·

220 4735 362 4808 ρύπλασθόν
381 4737 465 4788 RC¹a:
495 4735 667 4808 κορύπλαστόν
687 4735 768 4787 ideler
856 4735 889 4788 33
917 4742 1053 4808 χωροῦντα
1077 4752 1127 4788 om.
1147 4737 1229 4790 ldeler
1318 4738 1351 4792 34
1370 4741 1493 4794 lacunam
1513 4744 1583 4796 indi·

221 4826 294 4878 cavi:
315 4824 446 4877 sententia
464 4838 531 4889 quae
549 4824 648 4876 excidit
665 4823 761 4890 legitur
773 4822 938 4886 wrm-25
1027 4820 1153 4895 προήχθω
1173 4843 1188 4876 ιι
1278 4826 1335 4894 μλν]
1353 4829 1391 4896 τῷ
1411 4827 1496 4882 Ιάυλει

220 4912 254 4965 35
273 4919 324 4969 τοῖς
341 4914 379 4964 rol
397 4931 413 4962 ιι
520 4910 605 4979 μόνοις
623 4911 765 4963 Schwartz:
785 4910 869 4977 νόμοις
888 4913 949 4964 libri
