3540 5610
685 312 765 370 ΠΕΡΙ
786 312 1020 370 ΕΙΜΑΡΜΕΝΗΣ
1040 317 1108 369 2—4
1514 319 1572 384 lbi

267 481 293 544 δ’
322 483 356 546 ἂν
389 485 484 548 αὐτῶν
519 488 537 568 η
571 487 695 572 διαφορὰ
727 488 858 570 γίγνοιτο,
884 490 910 551 εἰ
938 489 985 551 ἐπὶ
1014 489 1242 572 παραδείγματύς
1270 513 1343 558 τινος
1369 497 1427 552 τῶν
1450 512 1520 570 γινο·

270 585 365 666 μένων
389 587 519 671 ύραδείη.
565 587 641 653 ἔστω
664 591 699 672 δ’,
724 590 770 653 ἐπ’
803 593 968 674 ἀνδριάντος
994 593 1064 674 ἡμῖν
1092 594 1110 673 i,
1139 597 1196 653 τῶν
1223 592 1321 654 αἰτίων
1349 591 1518 674 δεικνυμένη

272 689 416 772 διαίρεσις.
461 694 511 753 τοῦ
535 692 567 754 δὲ
589 691 754 775 ἀνδριάντος
778 697 817 762 ώς
840 695 891 775 μὲν
915 695 1064 777 ποιητικδν
1087 693 1176 755 αῖτιον
1201 695 1216 755 ύ
1240 697 1364 777 ποιήσοις
1379 695 1520 778 τεχνίτης,
1534 711 1578 751 ει·

272 792 304 854 ὃν
327 792 559 875 ἀνδριαντοποιὸν
583 797 739 877 καλοῦμεν,
763 799 803 864 ῶς
826 798 857 858 δὲ
881 799 899 879 η
924 798 976 878 ύλη
1005 798 1020 858 ύ
1050 797 1236 876 ὑποκείμενος
1258 799 1367 880 χαλκὸς
1397 799 1415 880 ἡ
1440 798 1521 864 λίθος

233 893 288 974 τῆ
312 893 355 955 ὅτι
378 892 412 955 ἂν
434 890 454 977 ᾖ
479 896 513 957 τδ
535 895 591 958 ύπδ
614 900 664 958 τού
688 898 820 981 τεχνίτου
844 897 1094 981 σχηματιζόμενον
1118 898 1189 961 κατά
1214 900 1264 981 τἠν
1289 897 1407 982 τέχνην·
1431 896 1520 960 αίτιον

267 995 323 1078 γὰρ
347 997 501 1060 καὶτοῦτο
524 1002 575 1060 τοῦ
597 998 746 1089 γεγονέναι
764 1022 794 1061 τε
818 1001 865 1062 καὶ
888 999 960 1062 εἶναι
983 1002 1030 1062 τδν
1059 1001 1220 1083 ἀνδριάντα.
1266 997 1326 1061 ἔστι
1353 1001 1385 1062 δὲ
1412 1001 1460 1062 καὶ
1486 1001 1519 1060 τὸ

270 1097 348 1166 εἶδος
369 1099 401 1160 τὸ
424 1099 455 1160 ἐν
478 1103 521 1183 τῷ
546 1100 727 1184 ὑποκειμένῳ
752 1102 845 1184 τούτῳ
868 1100 1020 1183 γενόμενον
1048 1102 1104 1163 ύπδ
1133 1106 1183 1164 τοῦ
1212 1101 1343 1185 τεχνίτου
1372 1103 1420 1164 καὶ
1447 1100 1560 1163 uitiis

266 1302 342 1371 τινδς
364 1302 527 1386 ὡρισμένου
550 1306 712 1387 σχήματος.
757 1305 791 1368 ού
815 1306 889 1387 μύνα
912 1307 943 1368 δὲ
959 1310 1048 1368 ταῦτα
1063 1312 1115 1389 τῆς
1131 1310 1181 1368 τού
1198 1307 1364 1388 ἀνδριάντος
1378 1305 1519 1385 γενέσεως

218 1425 250 1471 ιο
268 1403 346 1467 αίτιά
367 1405 457 1468 ἐστιν·
493 1405 609 1474 ούδενὸς
632 1406 686 1489 γάρ
709 1413 766 1469 τῶν
789 1408 887 1470 αἰτίων
910 1414 962 1491 τῆς
988 1408 1129 1489 γενέσεως
1151 1408 1239 1469 αὐτοῦ
1268 1407 1399 1490 δεύτερον
1423 1408 1455 1470 τὸ
1479 1406 1560 1469 τέ-Ιθ

268 1510 327 1579 λος,
350 1507 384 1570 ού
406 1509 491 1592 χάριν
514 1506 630 1590 γεγονός
652 1510 722 1589 ἐστι,
747 1510 765 1591 ᾖ
789 1513 858 1593 τιμή
881 1533 956 1577 τινος
978 1511 997 1592 ἢ
1021 1511 1061 1578 είς
1089 1510 1175 1577 θεοὺς
1197 1508 1331 1592 εὐσέβειά
1357 1533 1407 1578 τις.
1452 1508 1519 1571 ἄνευ

267 1609 320 1691 γὰρ
343 1609 477 1693 τοιαύτης
499 1611 592 1678 αἰτίας
612 1609 675 1673 οὐδ’
702 1610 737 1674 ἂν
760 1613 812 1695 τὴν
835 1614 931 1697 ἀρχὴν
955 1614 970 1674 ὁ
995 1613 1110 1695 ἀνδριὰς
1138 1611 1260 1693 ἐγένετο.
1307 1610 1397 1673 ὄντων
1426 1612 1518 1674 τοίνυν

268 1711 412 1774 τοσούτων
438 1716 498 1774 τῶν
526 1712 623 1775 αἰτίων
651 1715 699 1775 καὶ
726 1714 777 1795 τὴν
805 1715 875 1796 πρὸς
904 1713 1017 1797 ἄλληλα
1045 1714 1184 1796 διαμοράν
1215 1712 1343 1797 ἑχόντων
1375 1717 1519 1796 γνώριμον
1546 1731 1560 1772 s

268 1814 320 1894 τὴν
343 1812 520 1897 εἱμαρμένην
543 1814 655 1882 ἐντοῖς
678 1821 837 1897 ποιητικοῖς
860 1816 960 1883 αἰτίοις
982 1816 1100 1883 δικαίως
1123 1814 1157 1877 ἀν
1174 1817 1401 1898 καταριίλμοῖμεν
1418 1816 1519 1877 ἀναλο-

217 1936 247 1982 15
267 1916 328 1996 γίαν
352 1919 505 1986 σώζουσαν
527 1916 598 1997 πρὸς
621 1915 656 1977 τὰ
678 1915 813 1999 γινόμενα
837 1915 905 1980 κατ’.
924 1916 1014 1999 αὐτὴν
1037 1921 1079 1999 τῷ
1104 1920 1154 1977 τοῦ
1170 1918 1334 2000 ἀνδριάντος
1351 1919 1518 2001 δημιουργῷ

266 2019 392 2103 τεχνίτῃ.
437 2018 539 2080 τούτου
563 2017 589 2082 δ’
617 2019 709 2087 υύτως
732 2017 851 2102 ἔχοντος
873 2020 1037 2082 ἀκόλουθον
1061 2018 1095 2080 ἂν
1119 2019 1165 2100 εἴη
1189 2021 1254 2102 περὶ
1277 2024 1333 2081 τῶν
1358 2026 1515 2102 ποιητικῶν
1532 2037 1557 2078 ιυ
1580 2028 1613 2079 IV

266 2121 365 2184 αἰτίων
387 2122 568 2204 ποιήσασθαι
583 2123 632 2184 τδν
648 2120 743 2204 λύγον.
781 2122 874 2189 ούτως
897 2123 949 2205 γάρ
973 2120 1052 2184 ἔσται
1068 2125 1221 2203 γνώριμον,
1245 2120 1316 2183 εἴτε
1331 2123 1445 2182 πάντων
1461 2125 1518 2183 τῶν

264 2223 422 2306 γινομένων
444 2225 504 2307 χρὴ
528 2225 580 2306 τὴν
603 2224 779 2307 εἱμαρμένην
803 2225 960 2293 αἰτιᾶσθαι,
989 2224 1019 2286 εί
1037 2247 1068 2285 τε
1091 2224 1205 2286 δεῖκαὶ
1228 2222 1326 2290 ἀλλοις
1348 2225 1418 2285 τισὶν
1441 2223 1518 2306 παρά

264 2327 350 2408 τήνδε
379 2332 544 2410 συγχωρεῖν
573 2329 613 2394 ῶς
646 2324 725 2389 υύσιν
758 2331 917 2409 ποιητικοῖς
956 2348 1038 2387 τινων
1076 2325 1185 2392 αἰτίοις.
1231 2326 1366 2386 ἁπάντων
1394 2326 1429 2406 δὴ
1461 2333 1518 2387 τῶν

210 2448 245 2495 20
263 2427 637 2512 γινομένωνίλριστοτέλης
653 2428 825 2511 ποιούμενος
849 2429 899 2511 τὴν
923 2429 1060 2511 διαίρεσιν
1082 2426 1118 2488 τὰ
1142 2427 1192 2509 μὲν
1216 2426 1312 2489 αὐτῶν
1336 2450 1411 2495 τινος
1433 2430 1518 2512 χάριν
1534 2447 1559 2488 rs

264 2532 394 2612 γίνεσδαι
416 2529 494 2611 λέγει
517 2529 624 2592 σκοπύν
647 2554 708 2593 τινα
731 2533 779 2593 καὶ
807 2532 887 2598 τέλος
915 2536 972 2592 τῶν
1000 2529 1157 2611 γινομένων
1185 2530 1372 2611 προκείμενον
1400 2528 1519 2614 ἔχοντος

264 2638 315 2696 τοῦ
338 2637 488 2701 ποιοῦντος
510 2633 593 2706 αύτά,
617 2632 653 2695 rui
676 2634 708 2695 δὲ
731 2632 856 2701 ούδενύς.
902 2632 957 2695 ὅσα
979 2634 1034 2715 γὰρ
1057 2632 1091 2693 ού
1114 2632 1188 2694 κατὰ
1211 2630 1349 2714 πρύύεσίν
1377 2655 1438 2695 τινα
1461 2634 1517 2695 ὑπὸ

262 2739 313 2797 τού
330 2738 478 2804 ποιοῦντος
493 2735 599 2816 γίνεται
615 2733 675 2798 οὐδ’
697 2734 745 2796 ἐπὶ
767 2735 848 2802 τέλος
871 2729 1031 2818 ώρισμένυν
1055 2732 1119 2817 ἔχει
1141 2735 1193 2815 την
1217 2735 1374 2817 ἀναφοράν,
1402 2739 1519 2797 τοιαῦτα
1532 2753 1560 2795 su

263 2837 366 2920 (urreisi
388 2836 450 2900 ἐστι
471 2843 591 2921 κορμῶν
614 2838 646 2900 τέ
668 2861 752 2900 τινων
776 2838 976 2921 διακρατήσεις
998 2838 1045 2899 καί
1062 2836 1249 2920 περιστροφαὶ
1265 2839 1312 2898 καὶ
1328 2840 1435 2920 τριχῶν
1451 2837 1519 2899 ἐπα·

210 2959 242 3008 25
263 2940 319 3024 φαί
337 2962 368 3001 τε
390 2941 439 3003 καὶ
461 2939 592 3008 ἐκτάσεις
614 2941 662 3002 καὶ
686 2939 741 3003 ὅσα
764 2939 875 3007 τούτοις
897 2940 1004 3018 ὁμοίως
1031 2939 1161 3019 γίνεται),
1191 2936 1236 3020 [ἃ]
1264 2937 1307 2999 ὅτι
1336 2939 1387 3020 μὲν
1413 2940 1519 3019 γίνεται

264 3042 312 3104 καὶ
334 3040 407 3103 αύτύ
429 3044 584 3125 γνώριμον,
608 3041 641 3103 ού
666 3043 723 3124 μην
747 3040 810 3125 ἔχει
834 3042 885 3123 τὴν
910 3041 981 3103 κατὰ
1004 3041 1037 3103 τδ
1060 3040 1141 3107 τέλος
1163 3040 1211 3101 καὶ
1227 3040 1300 3106 τίνος
1315 3042 1399 3123 χάριν
1416 3041 1516 3102 αἰτίαν.
1532 3058 1559 3100 ετ»

508 3214 610 3221 --,--

212 3318 269 3374 Ιδ’
292 3321 418 3375 Eusebius
437 3319 473 3373 B'
491 3320 573 3373 Lond.
593 3324 624 3373 0:
652 3322 700 3391 γὰρ
718 3320 784 3371 Vs¹²
898 3319 994 3387 γένοιτο
1014 3319 1141 3371 Eusebius
1252 3321 1272 3369 i.
1292 3318 1307 3369 i
1331 3319 1480 3388 γινομένων]
1504 3321 1568 3390 εἰρη-

208 3409 291 3476 μένων
309 3408 335 3459 ε’
425 3406 457 3476 δὴ
477 3407 605 3460 Eusebius
624 3410 656 3460 O:
684 3408 730 3477 γὰρ
749 3407 808 3459 iibri
893 3405 953 3457 3δὲ
974 3406 1079 3457 Eusebii
1099 3421 1123 3472 μ.
1137 3405 1153 3456 1.
1173 3409 1243 3457 Eas:
1264 3405 1295 3474 δὴ
1315 3406 1374 3457 libri
1464 3407 1568 3464 ώςοιο.

208 3495 267 3549 Ges.
385 3494 449 3547 δτδ
469 3510 519 3547 om.
538 3492 566 3545 ιι2
684 3493 802 3562 Ἰτούτιμ
824 3494 956 3562 γενόμενον
976 3507 1024 3543 om.
1045 3492 1072 3543 κ’·1
1191 3492 1318 3561 γινόμενον
1337 3492 1462 3547 LourbO

208 3580 307 3639 suu<
324 3582 389 3635 iesu
408 3581 538 3635 Eusebius
638 3578 790 3631 δισκεύοντα1
809 3580 937 3632 Eusebius
1038 3578 1169 3638 ἁκοντίζον
1187 3580 1215 3630 s¹
1230 3579 1357 3631 Eusebius
1458 3581 1568 3649 9μόνον

208 3670 337 3723 Eusebius
427 3670 460 3723 10
478 3671 525 3740 γὰρ
544 3681 623 3735 supra
641 3671 780 3718 versumV
869 3665 1033 3732 ἐστιν-τῶν]
1052 3662 1111 3717 ἀλλ’
1132 3666 1196 3717 ἔστιν
1216 3665 1316 3722 οὐδενὸς
1334 3673 1385 3717 τῶν
1405 3669 1532 3721 Eusebius

207 3754 350 3825 δευτερεῦον
369 3756 475 3808 Eusebii
496 3755 549 3823 μί.
660 3754 699 3804 10.
722 3755 748 3804 ll
774 3753 855 3820 τέλος]
875 3754 945 3821 γένος
966 3754 1069 3805 Eusebii
1090 3769 1113 3819 ρ.
1130 3754 1146 3803 l.
1257 3754 1284 3802 ll
1307 3755 1407 3820 γεγονός
1426 3755 1566 3808 ienuam:

206 3843 292 3912 γέγονε
309 3844 436 3894 τυυτίστιν
456 3841 584 3894 Eusebius
603 3840 738 3910 (γεγονέναι
757 3859 778 3892 τ.
799 3843 833 3903 ii)
957 3840 1003 3904 είς]
1023 3840 1047 3890 εί
1063 3839 1135 3890 Ces:
1159 3839 1208 3891 dei.
1229 3839 1262 3891 Β2
1368 3838 1442 3897 θεοὺς
1461 3842 1566 3908 scripsi:

205 3927 264 3982 Etis
290 3930 414 3982 Eusebius
433 3932 464 3982 O:
493 3946 558 3986 τινος
584 3928 643 3979 libri
755 3927 784 3977 λ’.)
812 3932 857 3996 τῆς
882 3926 998 3996 τοιαύτης
1023 3926 1151 3979 Eusebius
1265 3924 1320 3977 οὐδ’
1342 3927 1382 3992 ἀν]
1411 3927 1440 3979 ού
1464 3930 1510 3999 γὰρ
1531 3930 1565 3980 V¹

205 4021 281 4082 (corr.
302 4016 346 4079 V')
469 4015 499 4068 13
526 4015 614 4067 αἰτίων
633 4020 686 4066 τῶν
704 4014 833 4067 τοσούτων
852 4015 892 4065 ai:
915 4014 1013 4065 τούτων
1032 4019 1084 4064 τῶν
1104 4013 1192 4064 αἰτίων
1211 4013 1339 4065 τοσούτων
1360 4015 1441 4066 houd.

208 4105 239 4155 14
266 4110 407 4172 susurrabis
425 4101 576 4171 V¹1us¹²r
604 4101 727 4159 τοιούτοις
747 4103 781 4152 V¹
892 4100 921 4152 15
948 4101 1087 4164 σώζουσαν]
1107 4101 1143 4160 ru(
1163 4102 1189 4151 iu
1210 4101 1248 4152 iit.
1269 4105 1290 4150 V
1397 4104 1428 4174 τῇ
1448 4108 1493 4155 τοῦ
1514 4105 1563 4155 Eu·

206 4191 295 4243 sebius
385 4189 418 4241 16
436 4189 513 4261 τέχνη
534 4190 661 4242 Eusebius
772 4189 799 4239 17
820 4187 864 4239 τὸν
884 4203 933 4238 orn.
953 4189 978 4237 u¹
1090 4187 1120 4238 18
1145 4187 1193 4255 δεῖ]
1213 4187 1243 4256 δὴ
1265 4188 1392 4241 Eusebius
1481 4190 1564 4248 ἄλλως

205 4277 312 4330 Eusebii
331 4276 429 4329 eod.B
521 4276 552 4327 19
574 4274 600 4327 δὲ
620 4277 677 4329 Ces.
768 4276 798 4327 21
820 4275 898 4343 λέγειν
919 4275 952 4324 V¹
973 4274 1109 4337 (coruv'b
1215 4277 1258 4326 καὶ
1276 4274 1347 4333 τέλος
1366 4277 1457 4327 uuus⁸²

203 4362 237 4414 22
265 4365 311 4432 γὰρ
336 4378 385 4415 om.
412 4361 551 4414 Eusebius:
580 4380 607 4431 γι
630 4365 697 4415 cuni.
722 4367 744 4416 Ο
861 4361 890 4412 οδ
913 4377 962 4412 orn.
985 4361 1088 4412 Eusebii
1113 4363 1210 4413 corbss
1328 4362 1455 4433 πρόδεσιν]
1479 4365 1563 4434 προαί·

203 4467 269 4520 ρισιν
289 4450 394 4502 Eusebii
416 4450 510 4502 cod.S
617 4448 665 4500 ὑπὸ
685 4465 734 4500 orn.
755 4450 883 4501 Eusebius
1000 4447 1033 4498 '23
1057 4447 1108 4515 ἐπὶ]
1131 4448 1184 4500 ἐπεὶ
1203 4450 1230 4499 a‘·'
1337 4450 1563 4503 ναιετάοντα

202 4536 290 4601 ὁποῖα]
311 4540 416 4588 τοιαῦτα
434 4535 486 4587 οἶον
506 4536 645 4589 Eusebius:
665 4536 737 4589 ύποῖα
758 4536 791 4589 B²
898 4537 930 4587 ui
950 4541 1056 4603 κορμῶν
1078 4536 1205 4587 Eusebius
1224 4536 1260 4587 ε’·ἐ
1279 4543 1385 4605 καρπῶν
1406 4540 1455 4588 Vu¹

202 4623 236 4675 25
261 4615 356 4690 ὁμοίως
374 4621 466 4690 γίνεται
486 4622 626 4676 Eusebius:
651 4623 745 4692 δμοίως
764 4622 848 4691 (ύμοια
867 4641 904 4691 γρ.
919 4626 952 4685 H)
971 4623 1061 4690 γίνεται
1081 4622 1096 4672 ἀ
1117 4624 1191 4673 viis*
1213 4623 1307 4674 Louri:
1333 4622 1405 4691 ὅμοια
1425 4624 1464 4675 α’·ἰ
1488 4625 1561 4693 ὅμοια

201 4709 218 4762 ἃ
240 4713 277 4762 Κι
306 4707 401 4777 ὁμοίως
423 4709 514 4777 γίνεται
538 4709 554 4760 ri
577 4711 686 4779 (γάρ>Ο
833 4710 894 4761 διότι
919 4710 989 4761 lueis
1013 4708 1055 4774 (ri.
1078 4711 1132 4760 luri.
1157 4712 1235 4762 Arist.
1261 4710 1420 4776 uz'i'ibbiii:
1449 4714 1561 4780 [luxogr.

201 4813 226 4865 p.
240 4796 303 4864 742)
414 4796 459 4863 piu
478 4794 521 4847 ούν
540 4796 580 4847 ³²:
601 4797 711 4868 μὲνγὰρ
730 4798 859 4850 Eusebius
967 4796 999 4846 ’26
1019 4795 1159 4848 riorus)
1267 4797 1333 4854 τίνος
1353 4799 1415 4847 Vu¹z
1436 4799 1502 4856 τινὸς
1520 4802 1559 4851 ιε’-ἰ

199 4883 246 4955 την
265 4881 295 4935 ού
316 4882 443 4936 Eusebius
