3540 5610
214 327 273 393 142
397 304 403 315 ’
530 329 735 429 Αυεκιρυιιι
758 331 803 385 nn
826 331 936 387 λιιιιιι
958 331 1051 387 unm
1073 332 1246 389 κιιιυιεελ

263 499 371 581 τέστιν,
402 499 511 588 ότανῆ
537 504 754 589 πεφωτισμένον
783 504 830 589 (τδ
852 505 906 590 γὰρ
928 512 991 591 φώς
1018 507 1094 571 ἐστιν
1116 507 1243 592 ἐνέργεια
1268 509 1320 569 τοό
1342 507 1509 591 διαφανοῦς,

261 599 461 692 γ’γδιαφανές),
482 608 515 670 τδ
538 607 574 691 δὴ
597 603 659 670 κατ’
681 607 823 693 ἐνέργειαν
846 610 981 694 διαφανὲς
1002 610 1139 694 τρέπεταί
1157 630 1220 677 πως
1234 608 1283 670 καὶ
1305 609 1415 693 πάσχει
1437 609 1510 693 πρὸς

263 711 322 771 τῶν
344 711 509 794 χρωμάτων
532 710 580 772 τδν
594 708 683 773 αέτδν
704 709 818 794 τρόπον,
841 709 927 795 όνπερ
950 712 997 775 καὶ
1022 713 1054 775 τὸ
1076 712 1149 776 κατὰ
1171 710 1289 793 δύναμιν
1311 711 1447 796 διαφανὲς
1469 716 1508 795 τῆ

262 814 314 874 τοῦ
336 811 469 895 φωτίζειν
492 810 654 896 πεφυκότος
676 813 820 898 παρουσίᾳ
846 812 1018 897 τρεπόμενον
1048 815 1210 898 φωτίζεται.
1255 811 1316 876 ἔστι
1338 813 1370 876 δέ
1392 814 1424 877 τδ
1447 838 1507 898 φω-
1521 831 1550 876 ετ

234 913 346 985 δείξειν
375 914 503 998 πεφυκδς
527 912 561 976 τό
583 937 614 977 τε
642 919 699 976 τῶν
728 913 841 999 ἄστρων
868 920 955 999 σῶμα
982 916 1031 979 καὶ
1058 917 1091 979 τδ
1114 921 1171 1000 πῦρ
1198 915 1247 979 καὶ
1273 913 1362 984 εἴτις
1390 917 1508 1002 τοιαότη

262 1016 339 1079 ἐστὶν
361 1016 391 1080 ἐν
412 1016 595 1102 διαφέρωσιν
616 1019 747 1099 σώμασιν
770 1019 852 1101 κοινῆ
876 1016 958 1102 φύσις
981 1019 1000 1100 ἡ
1023 1022 1105 1081 τοῦτο
1128 1018 1282 1101 δυναμένη.
1326 1019 1421 1103 ἡγὰρ
1443 1019 1506 1084 τοό-
1557 1048 1566 1063 ·

261 1142 318 1182 των
340 1120 486 1204 παρουσία
506 1119 537 1182 ἐν
559 1125 602 1203 τῷ
624 1121 757 1205 διαφανεῖ
777 1125 851 1204 φῶς,
873 1122 920 1183 καὶ
943 1118 1027 1184 τοῦτό
1050 1120 1110 1183 ἐστι
1136 1121 1168 1184 τδ
1191 1118 1253 1184 κατ’
1282 1120 1423 1205 ἐνέργειαν
1448 1123 1507 1185 δια·

261 1222 358 1306 φανές.
395 1221 461 1285 τότε
481 1220 533 1305 γάρ
556 1221 608 1305 τὴν
624 1221 719 1284 αὑτοῦ
742 1221 907 1305 τελειότητα
928 1222 960 1285 τδ
983 1223 1119 1307 διαφανὲς
1141 1221 1229 1309 ἴσχει,
1251 1223 1327 1306 λέγω
1349 1225 1382 1286 δέ
1403 1224 1437 1287 τδ
1459 1226 1506 1288 δυ-

262 1325 345 1409 νάμει
373 1322 521 1408 διαφανές,
551 1323 667 1386 ἐπειδάν
693 1321 713 1408 ᾖ
742 1324 975 1409 πεφωτισμένον,
1006 1327 1054 1388 καὶ
1083 1322 1143 1389 ἔστι
1175 1325 1280 1410 κυρίως
1306 1326 1443 1411 διαφανὲς
1470 1326 1504 1390 τδ

221 1443 248 1488 1ο
260 1427 487 1513 πεφωτισμένον.
526 1428 566 1495 ὡς
587 1423 637 1489 οὖν
660 1427 679 1510 ῆ
702 1431 759 1489 τῶν
781 1428 915 1511 φωτίζειν
938 1426 1107 1512 πεφυκότων
1130 1427 1272 1511 παρουσία
1293 1434 1372 1492 ποιεῖ
1390 1414 1423 1492 τδ
1447 1430 1505 1492 δια-

260 1531 348 1615 φανὲς
369 1531 487 1613 δυνάμει
508 1525 570 1592 κατ’
591 1528 733 1612 ἐνέργειαν
754 1529 899 1614 διαφανές,
922 1531 1015 1600 οὕτως
1035 1532 1120 1593 παλιν
1142 1531 1174 1593 τδ
1197 1529 1261 1594 κατ’
1282 1530 1425 1614 ἐνέργειαν
1448 1533 1506 1595 δια·
1518 1548 1549 1593 τε

259 1632 348 1717 φανές
369 1632 401 1695 τδ
424 1635 532 1717 χρῶμα
558 1634 614 1694 τών
638 1631 793 1715 δρωμένων
822 1635 863 1701 ὡς
885 1631 1016 1716 δεότερόν
1045 1656 1071 1695 τι
1092 1637 1156 1717 φῶς
1181 1638 1218 1716 τῆ
1241 1633 1384 1718 παρουσίᾳ
1404 1632 1502 1698 αὐτῶν
1552 1630 1564 1653 ⁸

260 1722 413 1819 λαμβάνειΙ
427 1733 562 1819 δευτέραν
589 1733 650 1796 τινὰ
673 1733 776 1817 ταότην
802 1734 945 1820 ἐνέργειαν
971 1733 1142 1820 δεχόμενον·
1177 1733 1237 1800 ἔστι
1258 1735 1311 1819 γὰρ
1339 1735 1371 1798 τδ
1394 1740 1503 1821 χρῶμα

259 1841 310 1900 τοῦ
332 1834 395 1900 κατ’
415 1836 557 1922 ἐνέργειαν
579 1840 733 1921 διαφανοῦς
755 1835 907 1920 κινητικόν,
930 1839 970 1906 ὡς
984 1837 1016 1900 τδ
1039 1842 1102 1921 φῶς
1124 1841 1175 1901 τοῦ
1189 1838 1263 1901 κατὰ
1285 1837 1413 1920 δύναμιν,
1436 1863 1504 1903 παν·

220 1956 246 2002 1ο
259 1940 307 2009 τὸς
329 1937 447 2024 ἀθρόως
467 1942 519 2002 τοῦ
539 1938 698 2021 δυναμένου
720 1939 779 2003 άπὸ
800 1943 853 2021 τῆς
875 1941 991 2002 τοιᾶσδε
1012 1944 1062 2003 τοῦ
1085 1943 1241 2025 χρώματος
1262 1941 1419 2024 παρουσίας
1440 1964 1504 2025 τρα·

259 2049 348 2128 πῆναι
368 2041 544 2126 τρεπομένου
566 2042 670 2105 τεκαὶ
692 2040 949 2126 χρωματιζομένου
972 2039 1075 2125 τρόπον
1098 2043 1169 2105 τινοί.
1210 2040 1287 2106 έστιν
1309 2043 1342 2106 δὲ
1363 2047 1422 2107 τῶν
1444 2045 1502 2108 δια·
1532 2062 1535 2067 ‘

259 2150 357 2230 φανῶν
383 2132 431 2208 καὶ
457 2145 476 2228 ἡ
499 2143 587 2228 κόρη,
608 2144 662 2207 ’καὶ
684 2144 758 2228 αὕτη
784 2144 821 2228 δὴ
848 2144 900 2208 σδν
928 2149 970 2229 τῷ
999 2143 1103 2227 μεταξὺ
1130 2144 1194 2228 ἀέρι
1220 2150 1261 2229 τῷ
1289 2145 1501 2231 πεφωτισμένῳ
1515 2164 1544 2206 ιο

258 2250 306 2312 καὶ
332 2247 406 2331 αὐτὴ
433 2245 516 2311 οὐδὲν
543 2243 660 2309 ἔλαττον
688 2245 796 2309 ἐκείνου
823 2247 856 2309 τδ
882 2252 946 2331 φώς
972 2246 1132 2331 δεχομένη,
1158 2246 1239 2330 εἴγε
1264 2249 1314 2311 καὶ
1339 2247 1414 2332 αὐτῆ
1443 2250 1501 2313 δια·

259 2352 353 2436 φακῆς
375 2348 510 2424 ἔκκειται,
532 2352 678 2432 τῆτροιτῆ
703 2352 740 2431 τῆ
764 2348 820 2411 ὑπδ
842 2352 900 2410 τῶν
922 2350 1098 2432 χρωμάτων,
1121 2346 1169 2433 ὑφ’
1191 2351 1232 2413 ών
1253 2351 1416 2434 τρεπομένη
1438 2375 1502 2422 πως

218 2470 246 2516 ευ
259 2451 457 2538 ὁμοιοτρόπως
482 2456 526 2537 τῷ
551 2451 635 2539 ἐκτὸς
656 2453 801 2534 διαφανεῖ,
832 2451 951 2535 όρατικῆ
978 2474 1009 2513 τε
1031 2452 1080 2515 καὶ
1101 2451 1257 2536 αίσδητικῆ
1280 2454 1363 2538 ψυχὴ
1386 2453 1502 2534 γίνεται.

258 2558 291 2621 τδ
313 2557 346 2621 δέ
368 2560 476 2642 χρῶμα
498 2555 527 2618 ἐν
551 2553 602 2637 μὲν
624 2557 668 2636 τῷ
691 2551 754 2639 ἀέρι
777 2551 829 2615 οὐκ
844 2552 1013 2638 ἐμφαίνεται
1034 2552 1077 2628 όν,
1100 2554 1130 2617 ἐν
1153 2556 1186 2618 δέ
1207 2559 1246 2637 τῆ
1269 2553 1353 2640 κόρη,
1376 2554 1421 2619 ὅτι
1443 2561 1502 2620 τών

258 2661 403 2744 διαφανῶν
430 2658 466 2721 τὰ
489 2657 541 2742 μέν
567 2655 628 2719 ἐστι
650 2657 774 2740 διαφανῆ
799 2654 900 2737 μόνον,
931 2655 1021 2719 τὰδὲ
1043 2656 1179 2742 πρδςτιγῑ
1206 2656 1278 2721 εἶναι
1307 2660 1430 2742 διαφανῆ
1455 2660 1504 2722 καὶ

257 2763 372 2847 ἐμφανῆ
396 2762 487 2834 ἐστιν,
514 2758 562 2822 διὰ
587 2756 721 2841 λειότητα
743 2758 790 2820 καὶ
813 2754 977 2841 πυκνότητα
1003 2758 1110 2840 στέγειν
1138 2760 1187 2822 καί
1214 2759 1357 2843 ἀθροίζειν
1380 2760 1432 2844 τὴν
1455 2759 1504 2843 έμ-

257 2887 343 2952 φασιν
369 2864 521 2947 δυνάμενα.
565 2860 675 2943 τὰμὲν
701 2857 751 2922 οὖν
777 2861 901 2945 διαφανῆ
929 2859 1015 2943 μόνον
1039 2860 1097 2946 οόχ
1125 2861 1217 2931 οὕτως
1242 2863 1272 2925 ἐν
1294 2862 1392 2932 αὐτοῖς
1414 2866 1503 2936 σώζει
1516 2880 1545 2923 ιε

215 2982 243 3028 τε
256 2968 288 3031 τδ
319 2967 481 3052 δρώμενον,
515 2964 591 3028 ὥστε
621 2964 669 3026 καὶ
696 2962 888 3046 ἐμφαίνεσθαι
919 2963 949 3026 ἐν
975 2961 1074 3032 αὐτοῖς
1101 2962 1234 3046 (τοιαῦτα
1264 2965 1296 3029 δέ
1322 2965 1412 3041 ἐστιν,
1446 2965 1503 3030 όσα

208 3142 211 3149 ,
256 3069 346 3134 λεπτὰ
368 3074 425 3132 τῶν
447 3070 606 3152 διαφανῶν,
634 3068 676 3134 ὡς
697 3064 713 3127 ό
736 3064 822 3148 άῆρ),
849 3065 904 3128 όσα
927 3066 959 3129 δέ
980 3065 1156 3150 πυκνότητός
1182 3089 1256 3135 τινος
1281 3067 1329 3129 καὶ
1351 3066 1502 3153 στερρότη-

256 3196 304 3242 τος
319 3171 446 3257 μετέχει,
469 3174 558 3233 ταῦτα
580 3168 767 3231 διαδείκνυσιν
790 3168 819 3230 ἐν
839 3167 936 3236 αὐτοῖς
958 3168 1007 3231 καὶ
1022 3170 1110 3241 σώζει
1132 3168 1184 3252 τὴν
1205 3169 1263 3232 άπδ
1285 3173 1336 3232 τοῦ
1352 3170 1502 3255 δρωμένου

258 3273 355 3338 εἰκόνα
377 3274 424 3337 καὶ
447 3273 538 3336 σκιοίν.
571 3270 690 3333 τοιαῦταί
711 3270 771 3334 ἐστι
793 3276 850 3332 τῶν
866 3272 1013 3354 διαφανῶν
1035 3272 1072 3333 τά
1093 3293 1124 3332 τε
1139 3272 1284 3355 κάτοπτρα
1307 3273 1355 3335 καὶ
1377 3273 1407 3335 αί
1424 3272 1502 3336 όελοι

256 3379 304 3442 καὶ
326 3378 356 3439 αί
371 3377 515 3460 διαφανεῖς
537 3373 613 3437 λίδοι
632 3373 681 3436 καὶ
702 3373 739 3456 δὴ
755 3372 803 3435 καὶ
825 3374 857 3435 τδ
874 3372 965 3456 ὕδωρ·
989 3376 1180 3458 στερεώτερον
1202 3374 1257 3458 γὰρ
1272 3374 1320 3438 καὶ
1336 3374 1500 3459 παχότερον

216 3485 340 3544 τοιοῦτο
366 3483 417 3542 τοῦ
444 3477 529 3563 άέρος
555 3477 733 3558 καὶμᾶλλον
760 3473 868 3556 στέγειν
895 3477 995 3538 τεκαὶ
1019 3475 1163 3559 σἰδροίζειν
1191 3476 1241 3546 τὰς
1264 3476 1322 3540 άπὸ
1349 3482 1405 3540 τῶν
1428 3478 1501 3562 δρω·

256 3583 349 3669 μένων
371 3579 484 3650 εἰκόνας
506 3579 599 3643 τεκαὶ
622 3578 704 3647 σκιὰς
725 3578 890 3661 δυνάμενον.
929 3577 1078 3662 ὑδατώδης
1100 3579 1132 3642 δέ
1154 3576 1227 3643 οόσα
1248 3580 1296 3643 καὶ
1318 3580 1337 3663 ῆ
1360 3577 1433 3663 κόρη
1456 3579 1500 3643 δέ·
1513 3597 1541 3640 το

256 3690 374 3759 δεικται,
396 3684 443 3747 καὶ
467 3682 556 3747 όοὶπδ
578 3683 666 3765 τῆσδε
682 3680 789 3764 διήκων
811 3678 899 3765 πόρος
921 3681 969 3743 ἐπὶ
991 3683 1157 3766 τὸπρῶτον
1179 3682 1349 3767 αίσδητικδν
1371 3686 1500 3754 τοιοῦτος

201 3896 218 3948 4
236 3889 397 3966 τρεπόμενον]
417 3908 430 3958 ρ
448 3889 477 3940 in
495 3889 570 3941 lit.v
667 3887 682 3938 6
701 3904 738 3944 τις
755 3883 827 3955 φόσις
844 3885 860 3954 ἡ
878 3889 953 3937 τοῦτο
971 3884 1107 3956 δυναμένη]
1126 3885 1159 3939 εί.
1177 3885 1236 3950 43,1
1273 3885 1327 3939 ἀλλ’
1347 3886 1398 3941 έστι
1415 3907 1453 3948 τις
1470 3890 1487 3960 ἡ
1505 3891 1552 3944 ἀπ’

201 3981 360 4052 άμφωτίρων
382 3976 477 4047 κίνησις
498 3974 613 4045 γινομένη
743 3973 773 4024 ll
802 3973 900 4041 διαφνές
921 3974 967 4038 m¹,
994 3972 1110 4041 διαφανὲς
1132 3991 1156 4026 τ.
1173 3990 1196 4027 c.
1216 3975 1237 4023 V
1370 3976 1481 4031 ίοήαιεο
1503 3979 1557 4044 (τὸ)

201 4068 304 4137 δυνάμει
410 4065 442 4118 13
459 4064 574 4135 δευτέραν
591 4079 616 4114 ν.
630 4077 661 4127 ο.,
679 4060 781 4131 δευτέρα
789 4061 836 4112 ιιι]ι
847 4061 881 4111 V:
902 4059 1017 4130 δευτέραν
1036 4076 1052 4113 υ
1155 4061 1251 4131 τσότην
1270 4063 1305 4115 V:
1322 4061 1416 4134 ταώῃγς
1434 4081 1450 4117 a

204 4157 236 4209 14
262 4160 307 4209 τοῦ
325 4155 390 4208 κατὰ
408 4152 459 4225 ια’,
477 4151 543 4204 κατὰ
562 4151 644 4202 111¹V:
666 4152 711 4201 τοῦ
729 4148 829 4200 κατδυ
953 4147 982 4201 τὸ
1001 4147 1069 4218 φώς]
1091 4154 1249 4216 suspectum.
1286 4156 1422 4219 exspectas
1444 4152 1475 4206 τδ
1492 4172 1556 4223 φω-

201 4246 295 4306 τίζειν
313 4241 450 4313 πεφυκὸς
467 4243 512 4292 τοῦ
530 4239 596 4301 κατὰ
614 4235 716 4304 δὐναμιν
735 4235 767 4287 cf.
786 4236 837 4287 τ.4
939 4235 970 4287 18
988 4233 1111 4309 δεχομένη
1130 4252 1158 4288 a:
1176 4236 1338 4308 δεχομένην
1445 4239 1479 4292 20
1497 4238 1556 4311 δρα.

200 4332 259 4402 εικῆ
282 4349 309 4383 τε
325 4329 374 4382 -καὶ
392 4325 526 4396 αἰσθητικὴ
545 4325 616 4398 ψυχὴ
637 4323 740 4394 γίνεται]
760 4323 885 4391 pupillam
908 4323 1021 4374 animam
1045 4321 1164 4395 ὁρατικὴν
1186 4324 1243 4396 ίὶοιίΙ
1261 4325 1313 4378 dici
1332 4327 1436 4395 nequit,
1461 4324 1498 4381 ότι
1516 4329 1555 4401 μῆ

201 4420 265 4475 ἐστιν
283 4418 300 4488 ἡ
322 4416 392 4490 ψυχὴ
412 4414 489 4484 καὶὴ
510 4412 615 4486 δρατικη
636 4411 737 4480 δόναμις
755 4411 780 4463 έν
801 4413 839 4481 τῷ
857 4407 981 4481 ὀφθαλμῷ
1001 4410 1053 4476 (ΑΙ.
1073 4410 1104 4464 de
1123 4428 1191 4464 sens.
1205 4412 1286 4478 76‚3).
1321 4415 1409 4483 itaque
1428 4420 1472 4468 aut
1490 4419 1555 4471 scri·

201 4506 314 4561 bendum
337 4505 387 4557 orit
410 4502 462 4572 (ῆς>
485 4504 516 4572 τῇ
539 4502 621 4570 τροπῇ
644 4504 691 4552 aut
712 4500 783 4567 prius
805 4500 970 4551 enuntiatum
995 4499 1049 4566 (καὶ
1072 4497 1313 4570 αὕτητδεχομένη)
1337 4518 1382 4569 per
1405 4503 1555 4558 absolutum

201 4610 275 4663 quem
296 4592 386 4644 dicunt
404 4589 593 4642 nominativum
615 4590 792 4640 constructum
815 4591 854 4639 est
877 4587 948 4652 (inter
964 4587 1095 4651 perspicua
1119 4605 1222 4652 corpora
1245 4591 1316 4638 etiam
1337 4590 1435 4658 pupilla
1453 4605 1502 4655 εεις
1529 4601 1554 4643 ει

201 4683 259 4749 quia
274 4681 342 4742 Ιιααι,
360 4679 421 4728 sicut
438 4694 489 4739 aer,
508 4677 585 4726 lumen
603 4675 699 4738 accipit,
718 4673 835 4739 siquidem
853 4675 908 4738 ι’ρεα
927 4691 1020 4738 quoque
1036 4676 1170 4741 perspicua
1188 4687 1233 4736 εει,
1248 4678 1471 4744 permutationem,
1491 4696 1554 4748 quaa

200 4771 228 4826 fit
246 4766 373 4828 σοίοικδυε,
392 4764 476 4831 quibus
495 4763 619 4830 (pupilla)
639 4762 701 4812 sicut
713 4762 864 4828 perspicuum
884 4772 1005 4810 externum
1019 4771 1122 4839 αιαιαίιιν
1140 4762 1319 4827 quodammodo.
1338 4764 1420 4814 anima
1446 4762 1554 4835 δρατιττὴ

192 4858 228 4924 fit
247 4868 268 4907 ει
286 4851 432 4924 αέσδητικίγ)
529 4848 562 4901 24
582 4852 607 4901 et
625 4848 657 4901 27
678 4846 780 4905 αδτοῖςί
880 4846 913 4899 ⁶26
932 4844 946 4900 δ
964 4846 1013 4917 ἀήρ
1031 4848 1077 4914 m²‚
1095 4848 1142 4920 ἀήρ
1161 4849 1244 4901 m¹V:
1262 4848 1275 4903 ό
1294 4849 1377 4921 άῆρα
1474 4854 1508 4906 28
1527 4852 1554 4907 αἱ

200 4942 305 5014 scripsi:
324 4940 347 4995 οέ
365 4940 405 4993 Va
509 4933 614 4990 δαλοιε
