3540 5610
202 317 265 381 110
522 316 723 370 ALEXANDRI
748 316 791 369 DE
817 316 926 370 ANIMA
949 315 1040 369 LIBRI
1063 316 1233 371 MANTISSA

253 487 328 551 καθὸ
356 490 388 553 δέ
414 490 540 574 ἐνεργείᾳ
568 490 615 553 καλ
643 494 708 558 νοῦς
734 490 795 553 ἐστι
821 490 869 553 καί
896 489 1009 573 νοητύν,
1039 490 1125 552 αύτδν
1152 489 1198 551 ἀεὶ
1225 489 1338 571 νοήσει,
1367 489 1443 551 καθὸ
1471 490 1504 552 δὲ
1519 506 1549 548 νο

254 592 364 662 ἁπλοῦς
388 591 482 673 μύνος,
506 594 592 655 αύτδν
617 591 702 674 μόνον
724 594 832 676 νοήσει.
866 591 953 659 αύτύς
974 616 1005 654 τε
1026 592 1080 676 γὰρ
1104 591 1190 671 μύνος
1212 592 1322 658 ἁπλοῦς
1344 592 1385 654 ῶν
1407 592 1503 656 ἁπλοῦ

253 716 328 764 τινος
350 694 481 780 νοητικύς
504 695 579 758 ἐστιν
601 696 649 758 καὶ
673 694 760 776 μόνος
782 696 892 764 άπλούς
914 700 971 756 τῶν
993 700 1104 776 νοητῶν
1127 694 1204 757 ἐστιν
1226 692 1322 761 αύτύς.

332 796 465 862 Ἤκουσα
487 798 520 861 δὲ
535 799 599 882 περὶ
614 801 664 861 νοῶ
680 801 731 860 τού
746 797 872 881 θύραθεν
892 796 970 881 παρὰ
985 795 1245 880 γἈριστοτέλους,
1269 795 1288 858 ἃ
1303 797 1501 881 διεσωσάμην.

225 899 288 961 5τὰ
309 900 364 985 γὰρ
386 902 542 985 κινήσαντα
560 898 747 984 Ἀριστοτέλη
769 900 929 983 εἰσαγαγεῖν
952 900 1000 962 τδν
1023 899 1151 982 θύραθεν
1173 903 1249 973 νοῶν,
1275 902 1365 962 ταῦτα
1386 899 1503 983 ἐλέγετο

253 1001 340 1065 εἰναι·
363 1004 429 1088 ἥτε
451 1003 510 1066 άπὸ
533 1008 590 1065 τῶν
606 1003 754 1085 αἰσθητῶν
777 1003 914 1085 ἀναλογία
936 1004 984 1066 καί
1007 1002 1091 1086 ἡέπλ
1113 1006 1171 1064 τῶν
1185 1001 1342 1083 γινομένων
1358 1002 1504 1066 ἁπάντων.

255 1107 353 1190 ῶσπερ
374 1107 429 1191 γὰρ
451 1106 499 1169 ἐπὶ
522 1106 636 1168 πάντων
659 1109 717 1168 τῶν
739 1105 894 1189 γινομένων
924 1105 988 1169 ἐστί
1006 1129 1032 1167 τι
1058 1104 1090 1166 τὸ
1113 1105 1242 1189 πάσχον,
1269 1101 1329 1167 ἔστι
1351 1128 1377 1167 τι
1399 1107 1447 1168 καὶ
1469 1106 1504 1168 τδ

252 1212 351 1271 ποιοῦν
375 1210 424 1272 καλ
445 1208 537 1292 τρίταν
560 1208 594 1271 ἐκ
615 1209 723 1271 τούτων
746 1209 779 1272 τδ
801 1207 948 1289 γινύμενον
974 1208 1037 1289 (καὶ
1059 1207 1106 1269 ἐπὶ
1129 1213 1186 1269 τῶν
1209 1208 1357 1290 αἰσθητῶν
1381 1208 1504 1291 ὁμοίως·
1519 1226 1546 1267 ιο

255 1308 390 1396 ἔστιγὰρ
413 1313 527 1396 πάσχον
550 1312 582 1373 τὸ
605 1310 810 1394 αἰσθητήριον,
838 1315 937 1373 ποιοῦν
960 1311 993 1373 δὲ
1019 1311 1051 1372 τὸ
1074 1309 1227 1392 αἰσθητόν,
1257 1306 1405 1392 γινύμενον
1428 1312 1460 1374 δὲ
1483 1314 1502 1395 ἠ

213 1429 239 1472 10
252 1413 401 1498 ἀντιληψις
423 1417 442 1498 ἡ
466 1413 512 1478 διὰ
534 1417 586 1476 τού
609 1413 799 1496 αἰσθητηρίου
822 1417 872 1475 τοῦ
895 1411 1067 1496 αἰσθητοῦ),
1089 1413 1138 1475 τὸν
1160 1411 1247 1475 αύτδν
1269 1409 1374 1496 τρόπον
1396 1414 1433 1496 δὴ
1456 1416 1505 1478 καί

253 1518 300 1580 ἐπὶ
323 1520 373 1579 τού
396 1521 446 1580 νοῶ
468 1517 667 1600 ὑπελάμβανεν
690 1517 748 1578 δεῖν
768 1514 843 1577 εἷναί
860 1537 922 1578 τινα
944 1517 1091 1597 ποιητικὸν
1114 1519 1189 1593 νοῦν,
1212 1514 1289 1583 ὅστις
1310 1515 1358 1577 τὸν
1381 1517 1502 1601 δυνάμει

252 1623 318 1681 νοῶν
340 1619 388 1681 καί
411 1618 508 1680 ύλικδν
534 1618 575 1686 εἰς
601 1617 743 1701 ἐνέργειαν
774 1617 851 1699 άγειν
874 1619 1027 1702 δυνήσεται
1056 1616 1131 1701 (ἔστι
1155 1618 1186 1680 δὲ
1209 1616 1336 1701 ἐνέργεια
1362 1619 1395 1681 τδ
1418 1619 1500 1704 αὑτῷ

252 1724 343 1784 ποιεῖν
366 1720 456 1804 νοητὰ
477 1721 569 1783 πάντα
590 1721 626 1783 τὰ
649 1719 740 1801 ὄντα).
776 1722 875 1804 ὥσπερ
893 1722 948 1805 γάρ
970 1721 1046 1784 ἐστιν
1069 1722 1205 1805 αἰσθητά,
1229 1720 1248 1783 ἃ
1269 1720 1333 1784 κατ’
1354 1721 1497 1804 ἐνέργειαν

253 1826 301 1887 καί
324 1824 450 1908 ἐνεργείᾳ
472 1823 524 1906 τὴν
546 1821 681 1905 αἴσθησιν
704 1828 790 1902 ποιεῖ,
813 1824 890 1886 ούτω
913 1825 957 1886 δεῖ
978 1823 1051 1887 εἰναί
1072 1848 1132 1887 τινα
1155 1825 1203 1887 καλ
1226 1823 1262 1886 τὰ
1282 1825 1330 1886 τὸν
1352 1829 1418 1888 νοῶν
1441 1850 1502 1888 ποι·

215 1942 241 1987 ιι
254 1931 340 1989 οῦντα
363 1925 491 2009 ἐνεργείᾳ
514 1923 582 1988 ὄντα
609 1925 683 1988 αὐτὰ
705 1928 804 2009 νυητά.
849 1925 883 1988 οὐ
905 1926 959 2010 γάρ
982 1926 1042 1990 οίύν
1064 1951 1095 1990 τε
1117 1925 1263 2010 ποιητικύν
1286 1952 1312 1990 τι
1334 1927 1408 1991 εἷναί
1428 1950 1503 1997 τινας
1516 1945 1545 1987 ευ

255 2030 295 2113 μὴ
320 2027 351 2091 δν
367 2027 438 2090 αὐτὸ
461 2027 597 2112 ἐνεργείᾳ.
632 2028 759 2112 ἐνεργείᾳ
781 2030 813 2091 δὲ
828 2028 930 2110 νοητδν
952 2029 1061 2092 τούτων
1084 2035 1141 2092 τῶν
1157 2030 1322 2112 νοουμένων
1345 2029 1394 2114 ὑφ’
1416 2032 1501 2113 ἡμῶν

254 2131 337 2195 οὐδέν
360 2132 446 2194 ἐστιν.
481 2131 496 2193 6
518 2130 572 2213 γὰρ
594 2135 661 2198 νοῦς
683 2131 698 2192 6
721 2131 862 2214 ἡμέτερος
884 2136 946 2194 νοεῖ
965 2132 1001 2193 τὰ
1023 2133 1149 2216 αἰσθητὰ
1172 2135 1290 2216 δυνάμει
1313 2132 1381 2196 ὄντα
1403 2136 1502 2217 νοητά,

252 2237 300 2298 καὶ
329 2234 384 2297 ὑπὸ
413 2238 463 2296 τοῦ
489 2237 539 2295 νοῦ
568 2232 659 2315 νοητὰ
685 2239 775 2295 ταῦτα
799 2235 913 2315 γίνεται.
962 2235 1036 2318 αύτη
1064 2236 1119 2320 γὰρ
1148 2235 1275 2319 ἐνέργεια
1301 2239 1352 2297 τοῦ
1375 2240 1439 2305 νοῶ,
1466 2237 1503 2299 τὰ

254 2337 380 2421 ἐνεργείᾳ
402 2335 529 2419 αἰσθητὰ
551 2339 589 2418 τῇ
613 2336 702 2397 αὑτοῦ
732 2337 849 2418 δυνάμει
872 2338 996 2421 χωρίσαι
1023 2337 1071 2399 καλ
1094 2338 1211 2421 ἀφελεῖν
1233 2337 1358 2407 τούτων,
1386 2339 1437 2402 σὺν
1460 2338 1504 2407 οῖς

213 2457 241 2500 ου
254 2437 322 2502 ὄντα
344 2440 420 2502 ἐστὶν
442 2438 579 2521 αἰσθητά,
602 2440 649 2500 καὶ
666 2438 818 2521 ὁρίσασθαι
840 2439 907 2501 καθ’
929 2440 1011 2502 αὑτά.
1049 2440 1075 2502 εἰ
1090 2441 1125 2522 δὴ
1149 2440 1222 2524 αύτη
1245 2441 1321 2504 ἐστὶν
1344 2443 1430 2524 ητοῶ
1452 2445 1504 2504 νοῦ

254 2548 304 2607 τού
328 2544 448 2625 δυνάμει
471 2539 607 2625 πρότερον
631 2539 712 2608 ὄντος
734 2540 872 2624 ἐνέργεια,
896 2544 942 2604 δεῖ
962 2543 994 2605 δὲ
1016 2543 1048 2605 τὸ
1068 2543 1214 2625 γινόμενον
1237 2544 1286 2605 καί
1307 2542 1447 2626 ἀγόμενον
1471 2543 1505 2606 ἐκ

253 2651 303 2710 τού
327 2646 445 2729 δυνάμει
472 2645 513 2713 εἰς
542 2642 545 2726 ἰ
575 2643 718 2728 ἐνέργειαν
741 2643 796 2705 ὑπύ
819 2667 893 2713 τινας
919 2645 1048 2726 γίνεσθαι
1074 2645 1203 2729 ἐνεργείᾳ
1230 2644 1325 2721 ὄντος,
1355 2648 1400 2708 δεῖ
1424 2669 1486 2708 τινα
1505 2661 1561 2707 mv

253 2748 326 2812 εἰναι
349 2749 397 2810 καί
419 2752 485 2811 νυύν
508 2747 655 2830 ποιητικὸν
678 2745 804 2829 ἐνεργείᾳ
828 2745 910 2821 ὄντα,
934 2747 966 2816 ὃς
988 2749 1103 2831 ποιήσει
1126 2749 1174 2810 τὸν
1197 2748 1270 2817 τέως
1294 2746 1362 2810 ὄντα
1384 2750 1504 2833 δυνάμει

255 2851 378 2935 ἐνεργεῖν
401 2850 540 2914 δύνασθαι
562 2850 610 2912 καί
632 2855 717 2911 νοεῖν.
762 2853 889 2918 τοιοῦτος
911 2851 943 2913 δέ
971 2851 1046 2915 ἐστιν
1070 2850 1086 2912 6
1110 2850 1237 2934 θύραθεν
1260 2851 1367 2914 εἰσιών.
1412 2856 1504 2917 ταῦτα

213 2970 241 3015 νο
255 2954 306 3039 μὲν
328 2953 364 3016 τὰ
379 2954 535 3037 κινήσαντα
550 2952 667 3015 ἐκεῖνον.
703 2949 781 3014 ἔσται
805 2955 842 3037 δή
865 2977 890 3016 τι
912 2954 960 3017 καὶ
976 2953 1104 3038 ἐνεργείᾳ
1127 2954 1229 3037 νοητὸν
1251 2958 1288 3037 τῇ
1305 2956 1397 3018 αὑτοῦ
1419 2954 1505 3039 φύσει

257 3062 384 3121 τοιοῦτον
401 3054 442 3131 ὅν,
466 3055 565 3139 ὥσπερ
588 3053 624 3118 αύ
647 3056 695 3118 καί
711 3055 850 3137 αἰσθητὸν
873 3054 930 3140 οὐχ
951 3057 1074 3140 ὑπὸτῆς
1097 3056 1265 3141 αἰσθήσεως
1286 3056 1433 3140 γινόμενον
1450 3082 1504 3122 τοι·

255 3165 347 3224 οῶτυν.
391 3163 475 3223 τοῦτο
499 3157 531 3221 δέ
557 3159 618 3221 ἐστι
639 3163 719 3229 νοῦς,
746 3156 830 3241 φύσις
856 3181 898 3226 τις
920 3159 968 3221 καλ
991 3158 1089 3231 οὐσία,
1120 3159 1215 3222 οὐδενὶ
1237 3158 1319 3244 ἄλλᾳ)
1345 3163 1460 3245 γνωστὴ
1484 3187 1503 3245 η
1532 3180 1547 3221 ε

255 3269 307 3349 νῷ.
342 3262 375 3326 ού
398 3262 452 3346 γὰρ
475 3262 511 3345 δὴ
535 3259 675 3342 αἰσθητύς
696 3259 730 3341 γέ
745 3261 831 3334 ἐστιν,
855 3260 922 3323 οὐδὲ
945 3262 1037 3324 πάντα
1060 3261 1095 3323 τὰ
1115 3262 1257 3344 νοούμενα
1280 3263 1336 3324 ὑπὸ
1359 3267 1410 3326 τοῦ
1433 3266 1504 3349 ἡρε-

254 3368 338 3452 τέρου
360 3371 410 3428 νοῦ
433 3364 524 3448 νοητὰ
549 3365 655 3445 γίνεται
676 3361 729 3425 ούκ
757 3360 825 3425 ὄντα
853 3367 890 3445 τῇ
914 3365 1025 3427 ἑαυτῶν
1048 3365 1132 3448 φύσει
1158 3367 1262 3448 νοητά,
1291 3364 1350 3427 ἀλλ’
1378 3364 1455 3430 ἔστιν
1479 3395 1504 3433 τι

214 3471 302 3533 συκαῖ
325 3467 393 3532 καθ’
421 3467 493 3530 αὐτὸ
515 3467 616 3549 νοητὸν
639 3489 675 3548 τη
701 3466 790 3528 αὑτοῦ
812 3465 896 3550 φύσει
917 3472 1045 3530 τοιοῦτον
1070 3467 1110 3531 ἄν.
1152 3473 1236 3530 τοῦτο
1260 3468 1296 3551 δὴ
1320 3469 1368 3530 καλ
1391 3469 1463 3534 αὐτὸ
1487 3474 1503 3535 6

253 3574 370 3655 δυνάμει
393 3575 459 3639 νοῶς
481 3568 677 3651 τελειούμενος
699 3569 747 3630 καὶ
769 3567 923 3650 αὐξόμενος
946 3575 1014 3633 νοεῖ.
1053 3573 1151 3655 ὥσπερ
1173 3571 1227 3654 γὰρ
1250 3596 1269 3654 η
1293 3575 1501 3656 περιπατητικὴ

164 3698 169 3707 ·
255 3676 384 3757 δύναμις,
406 3674 441 3756 ἢν
457 3671 521 3756 ἔχει
543 3672 559 3733 6
580 3670 734 3754 ἅνθρωπος
755 3671 844 3739 εὐθὺς
866 3677 907 3756 τῷ
925 3671 1067 3752 γενέσθαι,
1091 3675 1132 3742 εἰς
1146 3674 1288 3758 ἐνέργειαν
1311 3674 1409 3757 ἄγεται
1425 3685 1504 3759 προῖ-

254 3777 335 3845 ύντος
357 3780 407 3839 τοῦ
430 3773 537 3860 χρύνου
557 3774 760 3857 τελειουμένου
783 3773 872 3836 αὐτού
892 3775 925 3837 ού
950 3776 1022 3838 κατὰ
1045 3776 1139 3843 πάθος
1158 3800 1194 3847 τι,
1218 3779 1265 3840 τὸν
1289 3776 1374 3840 αἰιτδν
1396 3776 1502 3861 τρόπον

203 3936 312 3943 ---—.
337 3934 443 3940 -—.....
473 3933 501 3939 .-

204 4015 269 4068 1-2
288 4015 466 4083 νοῦς-μάνυε
483 4030 534 4067 om.
554 4014 577 4065 K
687 4013 697 4064 1
718 4013 800 4082 νυησει
818 4014 856 4065 ἀεί
874 4015 916 4065 Ps.
936 4015 977 4066 ΑΙ.
996 4015 1029 4066 2ss
1138 4015 1204 4066 1-ss
1223 4016 1315 4068 ⁷686--
1332 4017 1426 4087 νοήσει]
1447 4018 1513 4071 καθὸ
1530 4019 1557 4071 δέ

201 4102 296 4160 ἁπλοῦς
314 4102 372 4166 ἐστι,
391 4099 465 4170 μύνος
482 4106 535 4152 τῶν
554 4106 654 4170 νοητῶν
673 4100 748 4169 μόνον
767 4100 855 4153 ἑαυτὸν
873 4101 955 4171 νοίγσει
975 4102 1016 4154 l's.
1037 4102 1077 4152 Αἰ.
1097 4102 1200 4154 26-θί
1322 4106 1338 4155 4
1365 4104 1556 4175 Ἀριστοτέλους]

201 4188 383 4262 Ἀριστοκλέους
407 4188 503 4250 Zella,
528 4188 569 4240 die
586 4188 684 4241 Philos.
707 4188 731 4240 θ.
755 4186 884 4241 Griechen
909 4189 1017 4241 1V³785
1142 4190 1158 4242 5
1185 4191 1346 4262 ἀριστοτέλην
1368 4194 1434 4244 λίΚα

201 4276 368 4330 mazam
473 4277 533 4328 ’ἰτι
551 4277 594 4327 καὶ
613 4277 635 4327 V
655 4276 680 4341 (τ
698 4277 727 4327 in
744 4275 910 4338 limmat
928 4278 969 4329 Ka
1070 4276 1260 4330 θδὲτίτὸΜ
1365 4280 1397 4333 10
1414 4279 1445 4350 δὴ
1464 4282 1556 4333 υιυ.λ1

206 4364 237 4417 12
256 4364 325 4434 αύτῷ
343 4365 422 4417 ΜΚετ
440 4362 510 4433 αύτῷ
528 4365 551 4415 V
658 4364 689 4415 18
707 4363 723 4432 ἠ
742 4363 849 4433 ἐνέργεια
868 4365 900 4427 Μ,
919 4363 963 4416 sed
982 4364 1014 4415 cf.
1033 4362 1096 4433 αύτη
1116 4366 1161 4436 γὰρ
1181 4364 1320 4435 αἰσθήσεως
1338 4366 1471 4436 διαμαρτία
1488 4368 1517 4419 τὸ
1531 4406 1556 4420 ..

201 4450 311 4523 γίνεσθαι
334 4469 359 4521 ρ.
375 4452 454 4516 41,12
489 4449 553 4521 αὕτη
577 4452 623 4521 γὰρ
647 4448 718 4520 φύσις
740 4450 880 4520 αἰσθήσεως
902 4451 931 4503 τὸ
948 4490 977 4502 ..
996 4452 1086 4521 κρίνειν
1109 4452 1255 4520 p.152r5·2
1381 4454 1413 4507 19
1441 4454 1502 4507 ὄντα
1520 4455 1558 4507 αἰ·

201 4537 283 4610 σθητὰ
300 4540 326 4592 Μ
431 4538 508 4591 αὑτοῦ
527 4540 617 4591 λ’λίίῖε
737 4537 772 4589 20
798 4538 829 4608 δὴ
848 4536 910 4607 αὕτη
933 4540 966 4590 V:
985 4538 1011 4590 δὲ
1030 4536 1101 4608 (affl)
1121 4537 1185 4609 αὕτη
1204 4541 1240 4592 M:
1260 4539 1286 4592 δὲ
1305 4541 1369 4611 αύτη
1387 4543 1428 4594 Ra
1447 4543 1557 4605 ῖοτιαεοε

201 4624 263 4681 καθ’
284 4626 348 4680 αἰπὰ
365 4628 408 4691 (τὰ
425 4624 477 4696 ιίδη
496 4625 600 4690 αἰτῶν).
637 4626 658 4678 εἰ
676 4624 707 4695 δὴ
726 4623 790 4695 αύτη
897 4627 927 4678 21
949 4627 1057 4698 ἐνέργεια
1075 4627 1136 4677 VK:
1155 4628 1262 4698 ἐνέργειᾳ
1281 4645 1308 4680 a:
1328 4629 1478 4702 ἐνεργείαλί

201 4715 235 4767 22
252 4712 363 4785 γίνεσθαι
381 4716 417 4768 V:
435 4713 538 4785 ἄγεσθαι
556 4714 623 4766 ΜΚπ
639 4714 685 4767 sed
702 4715 735 4766 εἰ.
757 4714 828 4775 11‘2‚1
931 4712 964 4764 25
984 4714 1060 4766 αὑτοῦ
1081 4716 1117 4765 V:
1137 4715 1213 4767 αὑτοῦ
1231 4717 1297 4768 mia
1398 4717 1430 4768 27
1451 4716 1523 4785 ούσίᾳ
1541 4736 1557 4770 a

202 4801 235 4855 29
259 4802 357 4855 ἐαυτῶν
375 4800 446 4873 φύσει
464 4803 526 4855 VK:
544 4802 634 4855 ἑαυτοῦ
652 4799 722 4871 φύσει
741 4803 775 4853 δῖε
795 4801 892 4853 ῖαυτῶν
910 4800 994 4871 φύσειν
1013 4819 1028 4854 ε
1138 4803 1168 4855 31
1193 4802 1361 4871 τελιιούμινον
1380 4806 1403 4857 Μ
1510 4823 1557 4859 πα-

201 4891 293 4965 τητικὴ
311 4891 336 4944 Μ
