3540 5610
643 303 699 373 [DE
721 305 833 358 ANfflA
857 305 958 359 LIBER
981 306 1108 375 ALTER]
1495 307 1552 370 151

252 478 326 560 πρὸς
340 477 446 561 ταύτην
461 479 515 561 γοίρ
530 499 616 562 φασιν
638 479 717 561 ἡμᾶς
731 477 843 547 οἰκείως
862 476 940 563 ἔχειν
956 482 1083 562 πρώτην,
1107 480 1182 541 ὥστε
1199 481 1288 563 μηδὲν
1308 478 1500 565 προσπταίειν.

251 580 301 642 καὶ
324 579 455 643 καθόλου
478 580 658 649 ἀκολούθους
681 584 740 650 τοῖς
758 583 879 650 τελικοῖς
902 581 1031 664 ὀρεκτοίς
1054 583 1102 644 καὶ
1123 582 1173 650 τὰς
1194 583 1287 668 ἀρχὰς
1310 583 1436 660 ἔκαστοι,
1461 584 1501 648 ὡς

245 679 375 765 ἔφαμεν,
398 683 590 746 ὑποτίθενται.
636 683 710 745 κατὰ
732 683 764 745 δὲ
783 681 971 768 Ἀριστοτέλη
998 685 1025 746 οί
1049 683 1100 766 μέν
1123 706 1208 768 φασιν
1231 684 1303 748 εἶναι
1326 690 1440 769 πρῶτον
1464 670 1509 744 οί-’
1577 720 1582 730 ·

250 789 330 848 κεῖον
356 786 427 868 ἡμῖν
455 786 534 868 ἡμᾶς
559 784 673 857 αὐτούς.
717 786 743 848 εἰ
768 785 822 868 γάρ
850 786 882 848 τδ
908 787 1028 870 φιλητὸν
1056 786 1173 871 ὀρεκτόν
1203 787 1264 850 έστι
1289 788 1443 871 (φιλοῦμεν
1470 788 1502 849 δὲ
1519 802 1542 843 ιο

223 885 372 956 οοόδένας
393 888 449 972 πρὸ
471 889 557 971 ἡμῶν
580 887 692 965 αότιῖιν,
715 887 783 951 οῦδὲ
805 884 983 972 ᾦκειώμεθα
1006 887 1076 972 πρός
1103 912 1129 952 τι
1151 889 1223 954 ἀλλο
1245 890 1353 960 οὕτως·
1376 889 1499 974 καὶγὰρ

140 986 145 994 ’
253 996 311 1055 τῶν
342 990 438 1054 ἀλλων
465 990 691 1074 ἀντιποιούμεθα
723 991 771 1054 καὶ
800 990 939 1074 φιλοῦμέν
969 1014 1032 1053 τινα
1063 992 1137 1055 κατὰ
1164 993 1216 1075 τὴν
1251 991 1297 1077 ἐφ’
1325 993 1405 1074 ἡμᾶς
1436 992 1502 1055 ἀνα-

254 1092 371 1177 φυράν),
394 1091 441 1178 εἴη
465 1087 498 1156 ἀν
521 1093 554 1156 τδ
577 1100 690 1177 πρῶτον
714 1093 819 1156 οἰκεῖον
842 1091 962 1163 ἕκαστος
984 1095 1066 1178 αὑτοῦ
1089 1093 1163 1157 κατὰ
1184 1099 1278 1157 τοῦτο.
1324 1095 1429 1177 ταύτης
1450 1099 1502 1178 τῆς

254 1195 339 1278 δόξης
360 1196 387 1258 οί
410 1197 476 1280 περ]
498 1195 647 1281 Ξέναρχύν
670 1197 725 1261 εἰσι
747 1197 795 1260 καί
818 1193 951 1278 Βοηθόν,
973 1196 1025 1279 τὴν
1049 1196 1182 1280 ἀφορμὴν
1205 1194 1341 1280 λαβόντες
1363 1197 1421 1260 ἀπδ
1444 1204 1501 1260 τῶν

255 1299 318 1382 περὶ
341 1297 438 1381 φιλίας
456 1296 618 1382 εἰρημένων
640 1297 729 1383 ἐντῷ
753 1297 851 1383 ὀγδόῳ
873 1303 930 1361 τῶν
948 1297 1163 1383 Νικομαχείων,
1186 1297 1220 1361 οῦ
1243 1299 1361 1384 ἡάρχὴ
1384 1305 1436 1384 τὴς
1457 1300 1501 1363 λε’-

216 1415 244 1459 1⁰
256 1400 339 1471 ξενος·
357 1398 451 1486 “τάχα
473 1399 499 1464 δ’
520 1399 554 1464 ἀν
576 1400 685 1484 γένοιτο
707 1402 772 1487 περὶ
786 1398 881 1464 αὐτῶν
905 1399 1037 1486 φανερόν,
1059 1401 1264 1484 γνωρισθέντος
1287 1407 1337 1467 τοῦ
1359 1401 1497 1489 φιλητοῦ’

255 1504 323 1574 ἕως·
343 1501 458 1568 ιδιοίσει
480 1501 505 1567 δ’
525 1502 623 1567 οόδέν·
647 1501 728 1568 ἐσται
749 1505 804 1588 γὰρ
824 1503 857 1566 τδ
873 1504 992 1588 φιλητδν
1008 1502 1209 1588 φαινόμενον’·
1232 1505 1281 1568 καὶ
1302 1504 1332 1567 ἐν
1348 1511 1391 1589 τῷ
1406 1506 1500 1590 ἐνάτῳ
1514 1522 1542 1564 ιο

255 1607 288 1670 δὲ
308 1608 417 1691 ὁμοίως
439 1607 529 1691 λέγει·
548 1606 623 1676 ’τοῖς
644 1605 739 1690 λόγοις
761 1607 793 1670 δὲ
815 1606 925 1677 τούτοις
946 1608 982 1670 τό
1004 1605 1074 1691 έργα
1096 1603 1241 1691 διαφανεῖ’
1264 1605 1332 1676 ἕως·
1351 1605 1502 1691 ιφιλητεόν

258 1709 294 1794 δὴ
314 1712 441 1793 μαλιστα
462 1706 597 1774 έαυτόν’.
642 1710 842 1795 ἀδιάρθρωτος
869 1710 901 1772 δέ
927 1710 946 1793 ἡ
970 1708 1047 1779 δόξα.
1092 1711 1171 1793 ἡμᾶς
1192 1682 1246 1793 γὰρ
1273 1712 1411 1794 φιλοῦμεν
1438 1709 1502 1794 ἡτοι

217 1856 221 1861 -
257 1815 298 1882 ὡς
316 1812 422 1898 ὀρεκτά
444 1810 528 1881 ὄντας
549 1814 598 1877 καὶ
613 1812 712 1896 ὥσπερ
728 1813 847 1897 πρᾶγμά
861 1835 887 1874 τι
908 1810 981 1874 ἀλλο
997 1809 1088 1874 ἀλλου
1112 1812 1325 1897 κεχωρισμένον
1348 1813 1444 1896 ἡμῶν,
1467 1812 1501 1876 ού

223 1915 417 2000 ιοόρεγόμεθα
444 1914 543 1998 (οὐδὲν
569 1915 623 1999 γὰρ
650 1915 739 1978 αὑτοῦ
769 1913 898 1998 ὀρέγεται
927 1913 931 1998 ]
960 1911 1029 1977 οόδέ
1056 1919 1105 1977 τοῦ
1133 1914 1273 1999 παρόντος
1299 1913 1380 2000 αύτῷ
1408 1916 1483 1978 καθὸ
1503 1932 1554 1976 ιοιι

258 2016 420 2103 πάρεστιν),
446 2019 466 2103 ἡ
488 2021 539 2080 τοῦ
567 2016 639 2080 εἶναι
666 2017 771 2086 αότοὺς
797 2018 876 2101 ἡμᾶς
903 2015 1066 2102 ὀρεγόμεθα
1089 2019 1203 2089 ἁπλῶς,
1232 2018 1295 2080 ἐπεὶ
1322 2018 1363 2102 μὴ
1387 2018 1503 2089 ἐκείνως

258 2121 315 2185 οίύν
340 2143 381 2184 τε.
425 2119 459 2183 οῦ
485 2119 539 2203 γὰρ
566 2121 653 2203 ἡμεῖς
679 2142 712 2202 γε
739 2121 830 2205 ἡμῶν
851 2119 947 2183 αὐτῶν
975 2117 1068 2183 ἄλλοι.
1112 2121 1161 2183 καὶ
1186 2121 1346 2204 μοχθηρῶς
1372 2119 1429 2205 ἀρα
1455 2125 1503 2186 καὶ

259 2227 401 2307 λυπηρῶς.
452 2223 500 2286 καὶ
525 2222 578 2305 γὰρ
605 2221 636 2285 ἐν
663 2223 773 2291 τούτοις
801 2221 880 2292 ὄντες
910 2222 991 2307 ύμως
1016 2222 1113 2306 ἐσμέν.
1161 2223 1231 2286 εἰσὶν
1259 2223 1291 2285 δὲ
1319 2223 1346 2286 οἱ
1373 2222 1504 2305 λέγοντες

260 2327 361 2410 ἡδονὴν
384 2325 456 2390 εἶναι
479 2325 553 2389 κατά
571 2323 757 2410 Ἀριστοτέλη
780 2326 812 2388 τὸ
835 2331 950 2411 πρῶτον
972 2324 1092 2399 οἰκεῖον,
1116 2325 1276 2408 κινούμενοι
1299 2326 1346 2389 καὶ
1368 2324 1450 2388 αότοὶ
1473 2325 1503 2395 ἐξ

222 2433 299 2494 νοῦν
320 2429 348 2492 ἐν
367 2428 498 2498 Ἠθικοῖς
520 2427 730 2512 Νικομαχείοις
756 2427 842 2511 λέγει.
886 2428 950 2513 τρία
972 2429 1026 2512 γάρ
1053 2447 1139 2512 φησιν
1167 2426 1239 2491 εἶναι
1266 2428 1301 2491 τὰ
1323 2428 1441 2513 ὀρεκτά,
1470 2430 1503 2492 τό

258 2531 353 2609 καλόν,
375 2533 408 2596 τδ
432 2530 588 2617 συμφέρον,
611 2532 644 2593 τδ
666 2530 731 2614 ἡδύ.
767 2531 884 2614 ὀρεκτὸν
908 2529 940 2594 δέ
962 2554 988 2593 τι
1003 2531 1052 2594 καί
1074 2530 1145 2614 πρὸς
1168 2530 1184 2593 ὃ
1206 2531 1393 2614 οἰκειούμεθα.
1427 2531 1503 2595 ἀλλά
1530 2549 1543 2590 ο

259 2640 309 2700 τοῦ
332 2637 382 2720 μὲν
398 2638 487 2698 καλοῦ
508 2635 557 2697 καί
579 2637 629 2696 τοῦ
653 2632 847 2718 συμφέροντος
869 2631 1141 2718 ἀντιλαμβανόμεθα
1164 2632 1312 2716 προιόντες
1333 2638 1371 2717 τῇ
1395 2635 1502 2720 ἡλικίᾳ,

257 2743 306 2802 τοῦ
329 2740 358 2802 δέ
381 2736 468 2822 ἡδέος
489 2736 587 2806 εόθύς.
632 2737 660 2800 εἰ
681 2733 731 2799 οῦν
754 2734 828 2820 μόνα
855 2736 906 2819 μὲν
928 2740 1018 2798 ταῦτα
1045 2736 1150 2819 ὀρεκτοί
1177 2738 1279 2799 τεκαὶ
1301 2736 1404 2812 οἰκεῖα,
1426 2743 1503 2822 πρῶ·

258 2866 305 2906 τον
331 2842 361 2906 δέ
389 2840 498 2904 τούτων
524 2840 557 2903 τδ
583 2837 655 2923 ἡδύ,
685 2840 732 2902 καὶ
760 2844 873 2922 πρῶτον
901 2836 935 2902 ἀν
962 2839 1032 2921 ἡμῖν
1061 2839 1167 2901 οἰκεῖον
1194 2836 1241 2922 εἴη
1269 2842 1362 2902 τοῦτο.
1408 2836 1449 2902 ἔτι
1476 2841 1503 2903 εἰ

223 2960 246 3004 25
259 2942 346 3030 ὄρεξις
367 2944 420 3028 μὲν
443 2947 523 3006 πᾶσα
544 2940 657 3024 ἀγαθοῦ
683 2941 703 3025 ἢ
731 2942 904 3026 φαινομένου
930 2941 1057 3023 ἀγαθοῦ,
1085 2941 1161 3004 ἀλλὰ
1182 2942 1215 3004 τδ
1239 2942 1290 3024 μέν
1319 2944 1359 3011 ὡς
1381 2942 1503 3026 ἀληθῶς

257 3049 363 3131 ἀγαθὸν
387 3044 514 3121 τελικόν,
542 3044 575 3107 τὸ
597 3044 630 3107 δέ
652 3043 825 3129 φαινόμενον
855 3043 889 3106 οῦ
912 3048 1054 3123 τοιοῦτον,
1083 3044 1254 3139 φαινόμενον
1280 3044 1313 3106 δὲ
1337 3043 1447 3127 ἀγαθδν
1470 3046 1503 3108 τδ
1578 3101 1593 3123 ,,

258 3152 324 3235 ἡδύ,
344 3154 458 3235 πρῶτον
483 3146 516 3211 ἀν
540 3149 609 3231 ἡμῖν
632 3151 716 3210 τοῦτο
738 3146 784 3229 εἴη
807 3146 923 3230 όρεκτδν
946 3147 1135 3232 κατὰφύσιν.
1177 3147 1331 3210 καὶτοῦτο
1354 3147 1387 3210 δὲ
1409 3147 1503 3231 ἀδιαρ·

257 3256 377 3339 θρώτως
398 3252 521 3334 λέγεται.
555 3249 643 3334 ἡδέος
664 3250 718 3334 γὰρ
734 3249 896 3334 ὀρεγόμεθα
919 3249 938 3333 ἡ
961 3253 1011 3312 τοῦ
1034 3251 1134 3318 ἀτελῶς
1157 3250 1243 3333 ἡτοῦ
1265 3252 1320 3332 πῇ,
1342 3249 1358 3311 ὃ
1380 3252 1455 3313 κατά
1476 3274 1503 3315 τι
1518 3269 1544 3310 ιο

257 3358 313 3441 ἡδύ
333 3357 421 3432 ἐστιν,
444 3356 545 3422 ἁπλῶς
567 3354 657 3436 μηδὲν
679 3351 797 3438 ἔχοντες
819 3352 924 3415 οἰκεῖον
948 3352 1019 3437 πρὸς
1040 3350 1122 3427 αότό,
1150 3352 1196 3416 ίνα
1218 3354 1287 3436 ἡμῖν
1310 3352 1501 3438 περιγένηται.

219 3475 244 3519 νυ
256 3458 418 3544 Βεργίννιος
439 3457 472 3521 δὲ
489 3453 612 3541 Ῥοῦφος
633 3455 682 3518 καὶ
704 3456 760 3538 πρδ
782 3454 871 3518 αὐτοῦ
887 3454 1076 3540 Σωσικράτης
1090 3455 1190 3538 φησίν,
1212 3454 1331 3519 ἕκαστον
1348 3454 1501 3538 ὀρέγεσθαι

255 3567 307 3646 τῆς
328 3559 505 3642 τελειότητος
527 3559 576 3622 καὶ
598 3563 648 3621 τοῦ
671 3558 798 3641 ἐνεργείᾳ
820 3557 902 3632 εἶναι,
929 3556 1062 3642 δηλονότι
1084 3557 1301 3640 ἀνεμποδίστως
1322 3557 1501 3641 ἐνεργοῦντα.

253 3666 367 3728 διὸκαὶ
389 3665 460 3747 ἡμῖν
482 3682 569 3747 φησιν
593 3661 710 3745 ὀρεκτὸν
737 3658 810 3724 εἶναι
832 3661 864 3723 τδ
887 3659 960 3723 εἶναι
982 3661 1127 3745 ἐνεργείφ,
1155 3659 1302 3724 τουτέστιν
1324 3661 1356 3723 τό
1380 3664 1432 3743 ζῆν
1454 3661 1503 3723 καὶ

255 3767 306 3837 τὰς
326 3767 383 3831 ἀπὸ
407 3770 458 3830 τοῦ
482 3769 534 3848 ζῆν
558 3763 701 3846 ἐνεργείας
726 3760 815 3832 ούσάς
836 3765 944 3847 ἡδείας.
988 3764 1018 3826 αἱ
1039 3762 1093 3845 γὰρ
1115 3766 1243 3826 τοιαῦται
1268 3761 1406 3846 ἐνέργειαι
1429 3762 1503 3826 κατὰ

252 3870 349 3954 φύσιν,
369 3869 427 3939 έως
449 3866 484 3931 ἀν
506 3868 579 3931 ὦσιν
601 3865 814 3949 ἀνεμπόδιστοι,
842 3867 945 3949 ἡδεῖαι.
991 3865 1065 3928 ἀλλά
1088 3866 1203 3950 ἑκοίστιμ
1226 3866 1245 3948 ἡ
1268 3864 1413 3948 τελειότης
1436 3865 1502 3947 ἀγα-

203 4113 406 4183 θδρεκτικυῑςο
484 4106 650 4167 ἐαθτούςλί
732 4108 894 4162 θαδτῶνλί
974 4106 1127 4176 ὢκειιύμεθα
1146 4109 1185 4160 Va
1268 4107 1329 4159 θέν
1347 4109 1385 4176 τῷ
1402 4105 1484 4175 όγόύιρ
1501 4112 1555 4158 τῶν

202 4195 395 4269 Νικομαχείων]
414 4196 494 4267 ὀγδόφ
513 4196 542 4262 (i.
555 4213 577 4250 ο.
593 4195 620 4248 ἐν
636 4199 674 4266 τῷ
687 4192 719 4264 Θ)
738 4197 843 4264 scripsi:
862 4195 943 4264 ίνάτῳ
959 4196 998 4248 Va
1016 4196 1048 4247 cf.
1061 4196 1141 4248 Arist.
1154 4195 1213 4247 Eth.
1226 4194 1283 4247 Nic.
1296 4193 1339 4257 83
1360 4193 1553 4248 11551217-‘27

204 4288 229 4340 ll
250 4285 344 4358 γὰρτὸ
363 4282 529 4340 Aristoteles:
548 4285 595 4354 γάρ
612 4301 651 4337 τοι
670 4285 704 4337 V:
722 4285 768 4355 γάρ
786 4300 810 4335 τι
828 4299 845 4336 a
914 4283 940 4335 ἐν
959 4286 997 4352 τιγῑ
1015 4277 1108 4352 ίνάτιρ]
1127 4283 1208 4352 ἐνάτῳ
1227 4283 1257 4348 (i.
1270 4299 1292 4334 e.
1311 4281 1337 4334 ἐν
1353 4285 1391 4351 τῷ
1407 4277 1430 4347 1)
1449 4281 1556 4349 scripsi:

201 4373 297 4443 δειάτφ
315 4374 357 4426 Va
390 4370 630 4434 ο1.Ε11ι.Νἰο.9,8
651 4370 872 4425 1168235-b10
981 4371 1011 4422 1⁴2
1035 4369 1177 4440 ὀιαφανὴο
1285 4368 1316 4422 15
1339 4367 1450 4422 αῦτοῦα

204 4461 232 4513 16
251 4461 340 4519 ἀτελῶς
356 4460 425 4530 ἡμᾶς
441 4458 533 4516 αὐτοὺς
551 4447 723 4529 ὀρτγόμεθαε
806 4457 896 4516 αότοὺς
913 4456 991 4527 ἡμᾶς]
1011 4457 1037 4509 cf
1065 4457 1158 4522 1523ss
1240 4455 1378 4510 ἐκείνωνε
1463 4454 1493 4507 17
1512 4455 1555 4508 αθ·

201 4540 293 4602 1de
416 4546 460 4598 καὶ
478 4543 617 4618 μοχθηρῶς
634 4544 682 4617 ἄρα
700 4547 744 4598 καὶ
762 4539 892 4616 λυπηρῶς]
916 4545 1018 4597 videtur
1036 4544 1208 4611 supplendum
1227 4559 1283 4596 esse
1301 4542 1401 4616 ίχοντες
1419 4541 1466 4594 οῦκ
1484 4540 1556 4595 ἄλλοι

200 4638 271 4706 ἡμεῖς
288 4636 364 4706 ἡμῶν
383 4632 468 4686 αύτῶν
588 4633 619 4685 18
642 4632 751 4685 fortasse
770 4630 974 4694 ε1σθνδί,οἳε1.
994 4631 1055 4696 5,10
1072 4636 1098 4685 et
1118 4630 1211 4694 168‚24
1337 4632 1368 4682 19
1391 4629 1453 4682 εἶναι
1471 4644 1520 4682 om.
1540 4649 1556 4682 α

201 4724 234 4777 θθ
251 4725 278 4776 ἐν
294 4720 403 4781 Ἠθικοῖς
422 4717 615 4794 Νικομαχείοις]
635 4722 678 4774 Ar.
698 4720 756 4772 Eth.
776 4720 833 4773 Nic.
852 4719 893 4784 232
915 4719 1041 4771 11041130
1148 4719 1179 4770 27
1199 4718 1285 4787 τοῦτο]
1303 4736 1332 4770 το
1350 4719 1378 4770 in
1397 4718 1436 4769 lit.
1451 4718 1472 4767 V

201 4811 235 4865 ³0
252 4809 404 4882 βεργίνιοςο
509 4805 683 4880 Σωσικράτης]
703 4808 870 4880 σωκράτηςε
976 4806 1007 4858 31
1028 4805 1169 4879 ἐνίργειαε
1273 4806 1307 4860 33
1326 4809 1370 4858 τοῦ
1389 4821 1417 4857 a:
1434 4803 1504 4858 τὸν

202 4896 307 4953 fortasse
324 4899 370 4969 ζῆν
388 4897 514 4984 (ἐνεργεῖν)
532 4895 653 4968 ἐνεργείας
759 4893 917 4966 31ἡδίαι1ί
1025 4946 1033 4963 .
