3540 5610
690 256 893 341 λιιιιιιιιυιιι
916 287 960 340 nd
985 253 1093 341 ιυιιιι
1527 289 1569 353 55

271 459 435 545 ήσθάνετο,
463 459 544 541 εἴγε
571 460 617 522 διὰ
643 464 695 541 τῆς
721 464 771 523 τοῦ
799 460 885 541 ὑγροῦ
914 460 1093 544 ἀντιλήψεως
1119 461 1137 542 ή
1165 464 1222 521 τῶν
1248 460 1278 522 ἐν
1301 460 1381 545 αὑτηῖ
1410 463 1514 544 χυμῶν

269 562 407 648 αἴσθησις
428 562 558 645 γίνεται),
580 559 641 625 οὔτ’
663 559 705 625 ,αύ
728 562 813 625 πάλιν
836 561 895 626 ἐστὶ
916 562 1043 643 τοιαύτη.
1067 564 1106 629 ῶς
1130 562 1169 643 μὴ
1195 563 1301 646 ῥηιδίως
1322 563 1514 646 ὑγραίνεσθαι.

268 666 317 729 καὶ
339 663 416 730 ἐστιν
438 667 479 734 ὑς
506 664 634 727 ἐπὶτῶν
662 662 736 727 κατὰ
761 664 813 734 τὰς
839 664 929 734 άλλας
957 664 1109 747 αἰσθήσεις
1131 663 1328 748 αἰσθητηρίων
1358 665 1390 727 τό
1413 664 1533 746 αἰσθη·“

268 769 367 853 τήριον
387 769 507 851 δυνάμει
531 767 582 848 μὲν
603 766 704 849 όμυιον
725 769 768 850 τῷ
788 767 933 851 αἰσθητῷ,
957 768 1084 850 ἐνεργείᾳ
1106 766 1138 828 δὲ
1152 756 1304 848 ἀνόμοιον,
1321 767 1397 831 οὑτω
1419 766 1514 829 δὲκαὶ

240 871 302 933 ετδ
323 876 377 955 τῆς
397 870 526 952 γεύσεως
548 866 666 952 όργανον
688 871 708 952 ἡ
727 871 850 950 γλῶττα.
884 869 920 932 τὰ
941 870 974 933 δὲ
996 868 1059 953 εἴδη
1081 874 1139 932 τῶν
1159 873 1275 953 χυμῶν,
1298 868 1350 954 ἀφ’
1378 870 1418 931 ῶν
1441 869 1515 932 κατὰ

269 973 434 1058 μεταφορὰν
460 973 509 1036 καὶ
536 971 572 1034 τὰ
598 971 646 1034 ἐπὶ
675 975 733 1033 τῶν
760 971 928 1054 ὀσφραντῶν
960 972 1089 1054 ἐλέγετο,
1122 974 1162 1039 ῶς
1191 970 1239 1036 ἐπὶ
1265 976 1323 1034 τῶν
1349 973 1514 1056 χρωμάτων

268 1073 342 1160 ἔχει.
387 1078 429 1143 ῶς
449 1074 503 1159 γὰρ
531 1072 577 1137 ἐπ’
605 1073 723 1137 ἐκείνων
750 1073 829 1136 ἁπλᾶ
858 1074 910 1156 μὲν
939 1075 972 1136 τδ
995 1075 1098 1138 λευκδν
1126 1076 1173 1137 καὶ
1197 1074 1302 1157 μέλαν,
1329 1073 1364 1137 τὰ
1387 1071 1410 1137 δ’
1439 1072 1514 1136 ἄλλα
1527 1090 1555 1130 ον

268 1178 303 1240 ἐκ
325 1177 434 1240 τούτων
456 1179 553 1261 μικτά,
575 1176 652 1240 οὑτω
674 1176 707 1238 δέ
728 1177 777 1238 καὶ
799 1175 846 1238 ἐπὶ
868 1182 926 1239 τῶν
946 1183 1052 1261 χυμῶν
1076 1178 1184 1245 ἁπλοῦς
1207 1177 1258 1258 μὲν
1275 1177 1291 1240 ό
1306 1176 1410 1258 γλυκύς
1433 1176 1512 1238 καὶό

151 1302 161 1317 ·
268 1278 379 1363 πικρός,
402 1280 436 1343 ἐκ
457 1281 490 1344 δέ
513 1285 565 1363 τῆς
587 1278 691 1362 μίξεως
713 1278 822 1341 τούτων
837 1279 981 1364 ἐγγυτέρω
1005 1280 1056 1363 μὲν
1071 1284 1121 1342 τοῦ
1137 1279 1256 1362 γλυκέος
1278 1277 1439 1363 όλιπαρός,
1462 1282 1512 1341 τοῦ

226 1397 254 1440 ιο
268 1383 301 1444 δέ
323 1387 426 1465 πικροῦ
449 1384 465 1446 ό
488 1378 631 1466 ὑλμυρός,
659 1380 763 1464 μεταξὺ
792 1381 825 1444 δέ
847 1380 956 1444 τούτων
983 1382 1016 1446 ἐκ
1043 1388 1095 1467 τής
1116 1382 1225 1445 τούτων
1254 1382 1339 1444 πάλιν
1367 1380 1470 1464 μίξεως
1497 1379 1514 1442 ό

268 1509 300 1548 τε
321 1485 422 1569 δριμύς
444 1487 493 1549 καὶ
515 1483 660 1569 αὐστηρός
682 1484 729 1546 καὶ
751 1483 895 1567 στρυφνὸς
919 1485 966 1546 καὶ
989 1484 1062 1554 ὀξύς.
1101 1486 1133 1547 τύ
1157 1485 1208 1565 μὲν
1231 1483 1281 1547 οὑν
1307 1482 1425 1566 γευστόν
1452 1483 1513 1546 ἐστι

270 1590 302 1650 τὺ
326 1592 426 1675 ποιοῦν
447 1587 613 1673 ἐντελεχείᾳ
639 1585 738 1667 ὅμοιον
763 1583 843 1669 αὐτῷ
872 1585 904 1648 τδ
931 1585 1086 1670 γευόμενιγν
1112 1587 1216 1661 αὑτοῦ,
1243 1585 1391 1669 γευστικδν
1418 1585 1451 1648 δέ
1479 1585 1511 1647 τὸ
1541 1646 1549 1664 ,

246 1674 338 1776 ’ἔχον
360 1691 478 1773 δύναμιν
501 1689 703 1773 ἀντιληπτικὴν
726 1710 757 1750 τε
779 1688 827 1750 καὶ
842 1688 971 1771 κριτικὴν
993 1695 1043 1754 τοῦ
1059 1691 1190 1753 τοιούτου
1213 1689 1260 1753 διὰ
1275 1694 1327 1772 τῆς
1348 1689 1419 1772 πρὸς
1440 1686 1512 1750 αὑτὸ

269 1792 332 1857 κατ’
361 1793 516 1856 ἀλλοίωσιν
538 1789 717 1875 ὁμοιότητος.

226 1912 254 1956 15
354 1896 463 1964 ιλοιπδς
486 1895 517 1957 δὲ
539 1897 590 1956 τοῦ
617 1893 681 1975 περὶ
708 1891 875 1976 αἰσθήσεων
903 1895 919 1957 ό
947 1895 1012 1979 περὶ
1040 1894 1118 1977 άφής
1143 1892 1235 1976 λόγος.
1280 1892 1396 1957 ἔστιδὲ
1422 1894 1469 1957 καὶ
1492 1894 1552 1975 ήνε

268 2001 329 2083 ἁφὴ
352 1998 501 2082 ἀντιληψίς
522 2019 554 2059 τε
573 1997 621 2058 καί
643 1994 735 2078 κρίσις
755 1999 814 2057 τῶν
837 1997 946 2071 ἁπτῶν,
970 1997 988 2080 ἣ
1008 1997 1114 2079 γίνεται
1135 1999 1187 2060 τοῦ
1207 1997 1261 2080 ’τἠν
1284 1997 1405 2079 ἁπτικὴν
1428 1996 1511 2059 δύνα-

184 2154 192 2167 .
268 2126 315 2185 μιν
341 2099 461 2186 ἔχοντος
492 2097 684 2181 ὁμοιουμένου
716 2103 759 2182 τῷ
787 2098 881 2182 ἁπτῷ.
930 2099 1144 2183 ἀμφισβήτησιν
1170 2099 1202 2161 δέ
1228 2097 1307 2185 ἔχει,
1338 2100 1450 2183 μήποτε
1476 2098 1510 2162 ού

267 2206 318 2287 μία
339 2202 476 2284 αἴσθησίς
497 2202 574 2265 ἐστιν
595 2202 615 2283 ἡ
638 2201 711 2285 ἁφή,
733 2201 808 2273 ἀλλὰ
830 2201 946 2270 πλείους
968 2202 1017 2264 καὶ
1038 2206 1190 2277 τοσαῦται,
1213 2200 1278 2266 όσαι
1302 2202 1401 2264 καλαί
1424 2203 1512 2265 ἁπταὶ

265 2308 456 2374 ἐναντιώσεις.
500 2306 582 2367 δοκεῖ
602 2302 658 2386 γὰρ
684 2303 792 2387 ἑκάστη
818 2303 955 2388 αἴσθησις
983 2307 1050 2386 μιᾶς
1072 2303 1268 2373 ἐναντιώσεως
1295 2302 1366 2367 εἶναι
1389 2307 1511 2389 κριτική,
1525 2321 1553 2363 ιυ

219 2426 252 2470 ευ
266 2409 331 2494 ὄψις
358 2409 411 2493 μὲν
440 2411 545 2470 λευκοῦ
574 2406 622 2469 καὶ
651 2405 773 2488 μέλανος
802 2407 849 2469 καὶ
875 2411 933 2470 τῶν
959 2406 1068 2469 τούτων
1098 2405 1218 2489 μεταξύ,
1246 2407 1320 2490 ἀκοή
1340 2406 1380 2469 ’δὲ
1408 2406 1511 2492 βαρέος

216 2534 224 2546 ·
265 2514 316 2576 καὶ
337 2511 418 2581 όξέος
439 2510 487 2573 καὶ
509 2513 603 2590 γεῦσις
626 2512 729 2592 πικροῦ
751 2509 798 2571 καὶ
821 2508 950 2591 γλυκέος.
990 2510 1020 2573 ἐν
1042 2510 1075 2573 δὲ
1097 2513 1155 2579 τοῖς
1178 2510 1280 2576 ἁπτοῖς
1301 2509 1418 2577 πλείους
1439 2509 1510 2572 είσὶν

264 2616 461 2680 ἐναντιώσεις·
486 2609 632 2695 θερμότης
645 2609 700 2694 γὰρ
715 2611 763 2673 καὶ
785 2612 936 2697 ψυχρότης
957 2612 1004 2675 καὶ
1020 2611 1141 2695 ὑγρότης
1155 2613 1204 2675 καὶ
1219 2611 1341 2696 ξηρότης
1362 2612 1410 2675 καὶ
1425 2613 1510 2695 σκλη-

202 2770 206 2777 ,
264 2717 352 2802 ρότης
373 2717 422 2781 καὶ
445 2711 611 2798 μαλακότης
634 2714 682 2776 καί
704 2711 816 2796 λειότης
838 2716 887 2778 καὶ
909 2715 1054 2799 τραχύτης
1070 2716 1116 2776 καὶ
1138 2714 1264 2799 βαρύτης
1284 2716 1333 2778 καὶ
1356 2712 1509 2798 κουφότης,

261 2820 444 2888 ἐναντιώσεις
471 2818 568 2899 ἕτεραί
591 2839 634 2894 τε,
649 2815 785 2899 ἀλλήλων
815 2817 863 2879 καὶ
890 2817 1091 2900 διαφέρουσαι,
1119 2815 1205 2891 ὥστ’,
1237 2817 1263 2879 εί
1290 2813 1357 2880 καθ’
1386 2817 1510 2897 ἐκάστην

217 2940 248 2984 τε
261 2921 429 2987 ἐναντίωσίν
457 2920 520 2984 ἐστί
543 2943 585 2988 τις
609 2919 670 3004 ἁφὴ
699 2919 778 2986 ἰδίως
803 2919 914 3004 ἐκείνης
941 2923 994 3002 τῆς
1019 2919 1214 2988 ἐναντιώσεως
1240 2921 1367 3004 κριτική,
1395 2917 1451 2982 εἶεν
1475 2917 1509 2982 ἂν

262 3025 383 3093 πλείους
409 3023 490 3108 ὑφαί.
539 3023 559 3106 ἢ
593 3019 654 3085 ἔστι
680 3023 728 3085 καί
762 3021 809 3084 ἐπὶ
836 3024 894 3083 τῶν
920 3021 1016 3085 ἄλλων
1050 3022 1216 3107 αἰσθήσεων
1250 3023 1342 3106 εὑρεῖν
1356 3021 1509 3085 ,πλειόνων
1523 3038 1550 3082 τε
1621 3012 1628 3026 ’
1694 3032 1707 3057 ·

261 3130 465 3192 ἐναντιώσεωνι
483 3125 535 3208 τὴν
557 3123 648 3208 αὑτὴν
676 3124 812 3208 αἴσθησιν
835 3127 972 3209 κριτικήν.
1018 3125 1048 3187 ἐν
1071 3129 1138 3207 γοῦν
1164 3128 1250 3209 φωνή
1277 3123 1352 3207 ούση
1375 3125 1508 3210 ἀκυυστή

256 3218 298 3295 ὀύ
322 3229 410 3313 μόνον
432 3228 508 3292 ἐστίν
531 3227 694 3295 ἐναντίωσις
716 3225 818 3311 όξὺτης
846 3229 892 3290 καὶ
915 3228 1054 3313 βαρύτης,
1082 3228 1156 3290 ἀλλὰ
1181 3229 1229 3292 καὶ
1252 3228 1374 3311 μέγεθος
1397 3228 1444 3291 καί
1467 3252 1510 3312 μι-

261 3332 370 3418 κρότης
392 3332 440 3395 καλ
462 3328 575 3414 λειότης
597 3330 644 3391 καὶ
667 3329 812 3414 τραχύτης
833 3330 883 3393 καί
904 3352 977 3398 τινες
999 3328 1083 3393 άλλαι
1106 3336 1247 3408 τοιαῦται,
1274 3332 1383 3414 όμοίως
1405 3332 1437 3395 δέ
1460 3333 1507 3395 καὶ
1614 3378 1619 3387 .

204 3492 264 3499 -.
403 3488 436 3493 ..-
444 3485 611 3493 -..-----.

201 3577 221 3629 3
250 3573 308 3643 καὶ]
328 3572 442 3627 sondem
565 3570 580 3621 6
608 3570 763 3640 μεταφορὰν]
784 3571 951 3639 Entlehnung
968 3570 1022 3623 und
1042 3572 1225 3625 Aehnlichkeit
1330 3572 1384 3625 ’καὶ
1402 3575 1434 3627 τὰ
1452 3574 1561 3626 ἐπὶτῶν

202 3659 368 3734 ὀσφραντῶν]
388 3661 430 3713 die
449 3658 616 3713 Gerochenen
723 3657 738 3709 9
757 3657 871 3729 λιπαρός]
890 3659 949 3711 sade
967 3658 1036 3725 (dett)
1146 3659 1175 3712 12
1194 3659 1345 3733 ἐντελεχείᾳ]
1364 3661 1522 3728 νοίλτίδυσίγι

206 3750 240 3802 13
260 3754 307 3801 τοῦ
324 3745 450 3816 τοιούτου]
470 3747 516 3799 das
535 3745 798 3814 Geschmacksobjekt
907 3743 936 3795 19
956 3743 1026 3798 δοκεῖ
1042 3745 1100 3816 γὰρ]
1119 3746 1188 3800 denn
1208 3763 1267 3799 man
1286 3748 1384 3801 kdnnte
1403 3749 1505 3801 meinen

203 3834 321 3909 κριτική]
341 3835 451 3904 ετλιειριιί
467 3833 522 3885 und
539 3833 621 3885 kennt
727 3832 757 3884 θλ
786 3831 895 3900 πλείους]
914 3833 999 3884 addit:
1018 3833 1057 3885 εΙε
1075 3834 1145 3886 einer
1217 3877 1222 3889 .
1250 3833 1282 3886 ⁴24
1311 3835 1561 3894 ἐναντιώσεις-δια·

202 3921 337 3996 φέρουσαι]
360 3921 421 3975 sind
439 3921 565 3976 einander
582 3924 810 3989 entgegengesetzt
831 3920 884 3972 und
903 3921 941 3972 sie
960 3920 1018 3972 sind
1038 3921 1202 3974 verschiedon
1314 3921 1429 3975 ·24-25
1456 3920 1518 3974 ὥστ’
1540 3923 1561 3975 εἰ

204 4008 361 4079 -κριτική]
385 4008 440 4061 und
460 4024 534 4061 κευιι
549 4007 622 4076 jeder
640 4008 787 4075 Gegensatz
809 4012 886 4060 unter
904 4008 993 4059 diesen
1011 4007 1279 4077 Entgegengesetzten
1297 4008 1438 4062 denselben
1458 4009 1559 4079 Gegan-

204 4102 263 4151 satz
285 4097 360 4150 nieht
376 4096 457 4149 kennt
565 4094 669 4163 26-27
697 4093 853 4165 ήίστι-ἐν
871 4098 930 4163 γοῦν
948 4093 1034 4164 φωνῇ]
1057 4093 1110 4145 und
1134 4095 1264 4148 vielleicht
1285 4095 1367 4149 findet
1389 4097 1443 4149 sich
1467 4097 1507 4165 (ρτ
1526 4099 1560 4150 ist

205 4185 306 4247 δίκαι,
328 4198 380 4236 was
403 4183 458 4236 sich
482 4182 574 4250 findet)
597 4182 664 4235 nach
687 4183 771 4235 dieser
790 4182 917 4250 Analogia
940 4181 1005 4234 auch
1031 4182 1071 4235 bei
1096 4182 1146 4234 den
1168 4184 1281 4255 αρδειυιι
1300 4183 1400 4237 Sinnen
1425 4185 1453 4236 in
1472 4185 1557 4255 jedem

203 4272 273 4325 Sinn
290 4270 425 4324 demelben
448 4272 520 4323 mehr
538 4270 576 4323 als
598 4271 671 4323 einer
689 4268 756 4338 [scil.
776 4268 868 4338 Sinn],
892 4269 926 4321 da
949 4269 994 4320 wir
1012 4268 1113 4333 finden,
1136 4269 1257 4323 ἀεικείῃ
1280 4271 1335 4323 und
1357 4271 1473 4325 derselbe
1492 4271 1558 4324 Sinn

203 4363 283 4412 unter
301 4358 381 4411 ihnen
400 4360 471 4411 mehr
489 4359 528 4411 als
546 4359 623 4412 einen
641 4357 787 4426 Gegensntz
806 4356 900 4408 kenne.
937 4356 1022 4408 θαλίη
1040 4354 1164 4426 [ροδὺτῐ]
1182 4357 1242 4411 dass
1260 4359 1295 4411 im
1315 4359 1387 4412 Τοιιο

458 4499 605 4506 ...η-..-

204 4587 217 4638 1
239 4582 363 4654 ήσθάνετο
383 4602 399 4637 ε
496 4585 521 4635 τ.)
540 4582 655 4654 τοιαύτη]
675 4602 700 4636 ια
718 4584 746 4636 in
764 4583 803 4635 lit.
815 4584 837 4636 λ’
944 4584 1023 4652 ίμὲν
1042 4599 1092 4635 om.
1199 4585 1214 4635 6
1233 4583 1343 4638 fortasse
1361 4585 1392 4636 τὰ
1410 4590 1462 4637 τῶν

201 4670 307 4724 ndum
325 4689 342 4724 ιι
443 4670 672 4742 1ῖ),ιτιρὶάφι”ης.“
710 4664 796 4728 λοιπός
814 4669 840 4721 δὲ
862 4672 899 4722 Va
996 4670 1072 4740 καλή
1092 4684 1176 4723 οπλα
1272 4671 1305 4723 θῖ
1323 4670 1488 4740 ἐναντιώσεις]
1508 4690 1515 4723 ι
1533 4678 1559 4724 τί,

201 4779 224 4813 ιι
244 4761 272 4813 in
290 4759 363 4812 ιιιν
486 4756 650 4832 mma
777 4757 810 4809 ει·
837 4757 865 4830 γ]
884 4758 917 4810 ιι.
936 4757 951 4829 τ,
970 4756 1017 4809 ιιι
1037 4758 1095 4810 τισιν
1115 4757 1171 4824 ουρ
1193 4762 1220 4810 ω
1239 4758 1298 4823 την
1318 4758 1452 4825 63,61nd.

202 4847 237 4901 ετ
258 4849 371 4916 ιιοωτη
393 4847 430 4898 va
