3540 5610
204 317 247 382 64
678 316 881 371 ALEXANDRI
905 317 949 370 llll
972 315 1082 370 ANllld

257 512 314 557 τως
337 491 398 575 ἅμα
419 489 642 575 τὰδιαφέροντα
664 490 753 574 κρίνει
775 495 820 575 τῷ
841 489 902 570 άμα
924 489 1014 573 αἰιτην
1037 488 1117 575 ἔχειν
1139 490 1175 554 τὰ
1194 491 1308 554 πάντων
1330 487 1396 574 εἴδη
1417 491 1507 576 πέρας

257 589 345 656 οὖσαν
372 598 430 657 τῶν
457 593 653 677 αἰσθητηρίων
680 598 737 656 τῶν
765 592 800 655 τὰ
827 592 886 654 αἰπδ
913 596 970 655 τῶν
996 592 1146 676 αἰσθητῶν
1173 593 1255 676 πάθη
1283 591 1506 675 διαγγελλόντων
1599 593 1605 603 ’

256 693 344 779 αὐτῇ,
365 696 459 765 οὕτως
478 695 565 780 κρίνει
587 694 707 773 καὶτὰς
729 699 787 758 τῶν
807 694 942 761 ἐναντίων
965 695 1114 779 διαφοράς,
1137 695 1178 758 ῶν
1202 697 1220 779 ή
1243 674 1379 779 αἴσθησις
1400 696 1506 777 γίνεται

256 796 293 860 δι’
313 798 377 868 ἑνὸς
396 799 598 882 αἰσθητηρίου.
633 797 756 880 καὶγὰρ
779 797 828 860 ἐπὶ
846 797 955 860 τούτων
978 797 1010 860 τδ
1030 797 1219 884 αἰσθητήριον
1242 795 1322 862 ἔσται
1344 798 1407 862 κατ’
1434 796 1506 860 άλλο

230 899 305 962 exal
326 898 399 963 άλλο
426 901 513 984 μέρος
537 898 626 963 αὐτοῦ
649 900 711 983 ἅμα
740 898 776 963 τὰ
803 899 885 983 πάθη
912 903 970 963 τῶν
998 899 1132 963 ἐναντίων
1159 900 1309 983 αἰσθητῶν
1337 899 1505 986 δεχόμενον,

257 1002 320 1065 ἐπεὶ
343 1004 384 1085 μὴ
407 1001 468 1065 οἰόν
490 1026 521 1066 τε
543 1003 604 1085 ἅμα
626 1001 662 1064 τὰ
683 1001 795 1065 ἐναντία
818 1002 853 1065 ’ἐν
875 1007 917 1085 τῷ
944 1001 1025 1088 αὐτῷ
1050 1002 1184 1085 γενέσθαι
1208 1004 1299 1085 πάθη.
1344 1004 1549 1088 πάσχαντοςιε

257 1106 290 1168 δέ
311 1104 413 1168 τούτου
436 1103 511 1168 κατὰ
532 1104 702 1188 διαφέροντα
725 1103 812 1188 μόρια
833 1104 890 1167 ὑπὸ
913 1110 971 1167 τῶν
991 1105 1126 1169 ἐναντίων
1148 1106 1298 1190 αἰσθητῶν
1320 1107 1368 1169 καὶ
1391 1109 1432 1174 ῶς
1453 1107 1506 1169 πά·

257 1228 324 1292 σχει
337 1206 431 1275 οὕτως
453 1196 627 1275 διαδιδόντος
649 1207 702 1295 ἐπὶ,
715 1207 748 1269 τδ
764 1204 1095 1293 ἔσχατονάἰσθητήριυν
1117 1207 1153 1271 τά
1169 1208 1251 1293 πάθη
1268 1209 1401 1272 κάκείνου
1417 1232 1506 1293 παρα-

258 1311 387 1392 πλησίως
408 1308 482 1372 κατδ
504 1308 589 1392 μόρια
611 1306 764 1381 παθόντος,
790 1334 809 1393 η
830 1310 988 1409 δόναμιςθ
1010 1310 1087 1394 αὐτὴ
1107 1311 1154 1374 καί
1178 1311 1228 1394 μία
1250 1308 1324 1375 οὖσα
1345 1311 1379 1374 ἐκ
1401 1311 1507 1381 παντός

218 1427 244 1473 10
257 1417 293 1475 τεΙ
309 1418 359 1476 τυῶ
382 1411 573 1496 αἰσθητηρίου
596 1414 644 1475 καί
666 1413 791 1476 ἐκάστου
818 1418 876 1475 τῶν
899 1418 995 1497 μερῶν
1017 1411 1107 1477 αἰντοῦ
1130 1413 1191 1498 ἅμα
1213 1413 1385 1478 αἰσθάνεταί
1404 1415 1506 1477 τεκαὶ

256 1516 342 1600 κρίνει
369 1515 405 1578 τὰ
426 1514 547 1577 ἐναντία.
592 1513 625 1577 οἰι
652 1514 704 1598 γὰρ
731 1514 831 1598 ῶσπερ
858 1514 906 1577 ἐπὶ
933 1519 983 1578 τοῦ
1012 1517 1135 1601 πάσχειν
1162 1516 1301 1580 σἰδίινατον
1330 1515 1506 1599 συνυπάρέαι

256 1623 300 1702 τηῑ
323 1618 402 1702 αδτῷ
427 1616 463 1681 τὰ
486 1617 608 1689 ἐναντία,
631 1616 723 1686 οὕτως
746 1617 778 1680 δὲ
799 1614 864 1702 ἔχει
886 1618 934 1683 καί
956 1617 1004 1680 ἐπὶ
1026 1622 1079 1702 τῆς
1100 1618 1223 1702 κρίσεως
1244 1619 1350 1683 αδτῶν.
1394 1618 1427 1682 οδ
1450 1600 1504 1701 γάρ

257 1720 370 1784 ἐναντία
392 1720 480 1805 κρίσις
502 1721 520 1803 ή
544 1720 607 1803 περὶ
637 1725 695 1783 τῶν
718 1720 852 1783 ἐναντίων
878 1720 1015 1805 κρίνουσα
1038 1720 1074 1783 τά
1096 1721 1223 1796 ἐναντία,
1252 1720 1288 1805 ήν
1311 1722 1343 1784 δέ
1366 1721 1505 1784 ἀδύνατον

257 1824 295 1898 τὰ
315 1824 427 1887 ἐναντία
449 1822 510 1906 ἅμα
533 1824 598 1907 περὶ
619 1827 663 1909 τῷ
687 1822 767 1907 αὐτῷ
787 1823 935 1905 4γενέσθαι.
980 1823 1010 1886 ἐν
1033 1823 1122 1906 κρίσει
1144 1823 1198 1909 γὰρ
1221 1824 1334 1887 ἐναντία
1356 1822 1390 1887 οδ
1413 1824 1446 1886 τδ
1469 1823 1547 1885 τάνυ

217 1943 244 1986 15
257 1927 370 1991 ἐναντία
391 1925 502 1989 ἐναντία
524 1925 635 2007 λέγειν,
658 1925 733 1989 ἀλλὰ
759 1927 792 1988 td
819 1926 851 1988 τδ
879 1924 951 1988 αδτδ
974 1925 1036 2007 ἅμα
1062 1924 1134 1989 εἰναι
1161 1926 1306 1990 τάναντία
1349 1927 1394 1990 διδ
1421 1930 1505 1990 τοῦτο

155 2100 158 2107 ,
259 2031 310 2113 μὲν
333 2029 471 2093 ἀδύνατον
494 2028 674 2113 συνυπάρξαι
695 2033 737 2112 τῷ
754 2028 876 2111 κρίνοντι
899 2031 938 2098 ῶς
959 2028 1020 2110 ἅμα
1042 2027 1146 2090 τάυτδν
1169 2028 1260 2092 εἰπεῖν
1276 2028 1379 2093 λευκόν
1401 2053 1433 2093 τε
1456 2031 1512 2115 καὶ,

258 2133 362 2217 μέλαν,
380 2132 423 2195 ’τδ
450 2131 482 2195 δέ
509 2131 545 2194 τὰ
567 2130 681 2193 ἐναντία
707 2135 799 2214 κρῖναι
827 2128 872 2192 ὅτι·
896 2129 1010 2193 ἐναντία
1037 2130 1091 2194 οδκ
1118 2131 1266 2219 ἀδύνατον.
1312 2133 1398 2216 κρίνει
1424 2134 1461 2217 δὴ
1485 2134 1504 2216 ἡ

257 2236 376 2319 δόναμις
396 2236 415 2318 ἢ
437 2234 593 2318 αἰσθητικὴ
617 2233 679 2316 ἅμα
700 2232 736 2293 τὰ
755 2232 868 2295 ἐναντία
891 2231 934 2295 ὅτι
949 2233 1073 2311 ἐναντία,
1097 2238 1148 2297 τοῦ
1163 2235 1291 2318 ἐσχάτου
1313 2235 1505 2320 αἰσθητηρίου
1601 2272 1608 2285 ·

257 2336 291 2401 οὔ
313 2337 431 2422 δύναμίς
452 2337 528 2400 ἐστιν
550 2334 625 2418 αὐτή
648 2335 721 2398 κατὰ
743 2333 917 2418 διαφέροντα
937 2334 1033 2420 μόίρια
1054 2337 1219 2421 πάσχοντός
1241 2361 1272 2401 τε
1294 2340 1349 2403 καλ
1364 2337 1401 2402 τὰ
1421 2337 1486 2423 εἴδη
1508 2354 1559 2399 len

215 2446 313 2505 νυτῶν
336 2439 470 2503 ἐναντίων
493 2439 641 2522 αἰσθητῶν
663 2428 877 2520 διαγγέλλοντος
899 2436 985 2521 αἰτή.
1031 2441 1050 2522 ή
1073 2439 1127 2523 γὰρ
1150 2438 1224 2525 αἰντὴ
1252 2430 1375 2527 δύναμιςΙ
1393 2440 1427 2504 ἂν
1450 2443 1503 2526 μὲν

256 2544 330 2609 κατὰ
352 2542 382 2605 ἐν
406 2566 432 2606 τι
454 2542 594 2627 αἰσθητδν
617 2541 665 2604 καί
684 2539 738 2624 ἀφ’
766 2540 830 2608 §ele
852 2541 884 2603 τδ
908 2540 1094 2625 αἰσθητήριον
1118 2543 1213 2625 πάθη,
1239 2548 1323 2607 τοῦτο
1345 2544 1443 2628 κρίνει,
1467 2543 1502 2608 ἐν

255 2649 288 2711 δέ
310 2645 383 2710 κατὰ
406 2645 511 2720 πλείω,
541 2648 640 2707 ταῦτα.
685 2644 726 2706 ῶν
748 2644 803 2726 γὰρ
825 2641 891 2728 ζάμα
922 2646 956 2707 τδ
982 2644 1171 2730 αἰσθητήριον
1198 2646 1233 2709 τά
1259 2644 1326 2730 εἴδη
1353 2647 1504 2733 λαμβάνει,

205 2879 215 2929 l
237 2873 327 2945 αὐτὴν]
346 2889 374 2927 es
392 2871 460 2941 [scil.
478 2870 508 2924 τδ
526 2870 553 2922 ἐν
571 2869 614 2921 καὶ
632 2865 797 2935 ἀδιαίρετον]
855 2865 921 2919 1-3
939 2850 1340 2939 πέραςῗοδσαν-διαηηελλόντων
1357 2868 1434 2944 ebe-fi]
1455 2871 1511 2925 weil
1530 2888 1559 2925 es

202 2965 249 3017 des
263 2962 335 3015 Ende
346 2963 384 3014 ist
394 2960 435 3013 ίδι
447 2960 493 3012 des
507 2958 594 3027 Orgen
607 2954 669 3023 (sie)
682 2954 727 3008 des
740 2953 843 3020 Sinnes
862 2955 968 3009 welcber
980 2957 1019 3008 sie
1032 2956 1092 3022 (sie)
1105 2958 1299 3010 unterscbeidet
1316 2972 1368 3010 von
1382 2957 1433 3011 den
1447 2958 1559 3027 Spnren,

202 3052 297 3104 welche
314 3052 344 3103 in
360 3049 442 3102 ibnen
459 3046 540 3098 durch
559 3044 601 3096 die
619 3042 817 3111 Sinnesobjelsle
836 3044 972 3095 entsteben
1077 3044 1147 3096 4-5
1170 3046 1214 3097 καὶ
1232 3044 1461 3118 γαρ-δεχόμενον]
1481 3046 1558 3100 Denn

202 3138 279 3192 dsbei
297 3137 390 3190 nimnlt
401 3135 468 3187 euch
487 3132 723 3200 dessinnesorgan
740 3131 770 3183 in
783 3131 868 3199 jedem
882 3130 1043 3184 bdsenderen
1055 3129 1127 3184 'l'eile
1145 3132 1231 3185 deson
1243 3133 1361 3202 eugleieb
1381 3133 1441 3186 επεὶ
1455 3133 1558 3201 Spuren

202 3226 293 3279 zweier
310 3225 566 3292 entgegengeeetzter
584 3218 781 3287 Sinnesebjelste
799 3216 847 3270 auf
950 3217 965 3268 6
984 3216 1093 3286 ἐναντία]
1113 3220 1188 3272 zwei
1207 3224 1451 3289 entgegengesetzte

203 3312 219 3364 'l
237 3310 368 3380 ἐναντίων]
388 3310 462 3362 zwei
480 3312 723 3376 entgegengeeetzte
829 3305 844 3356 9
863 3305 930 3358 κατὰ
949 3304 1035 3376 μόρια]
1055 3307 1083 3358 ln
1098 3305 1182 3373 jedem
1202 3307 1361 3360 besonderen
1380 3307 1452 3360 ‘leile

204 3401 233 3453 ll
258 3397 373 3469 πάσχειν]
394 3395 540 3451 Αυίιιαδιπο
558 3393 602 3447 der
621 3393 688 3461 Spur
706 3393 759 3445 und
781 3393 909 3468 Affectien
1020 3392 1049 3444 12
1073 3391 1190 3463 κρίσεως]
1211 3394 1382 3447 Erbenntniss
1400 3394 1455 3447 und
1474 3394 1558 3448 Urteil

205 3487 306 3540 14-15
329 3482 495 3553 τδ-λίηιιν]
514 3483 573 3535 dees
592 3496 652 3533 men
670 3481 712 3533 die
730 3481 791 3533 zwel
811 3480 1079 3548 Entgegengesetzten
1097 3481 1291 3534 unterscheidet
1399 3480 1500 3535 15-17
1519 3480 1558 3536 διὸ

176 3568 183 3583 ’
202 3572 330 3644 -μίλαν]
355 3572 438 3626 Deher
456 3571 491 3623 ἰοί
508 3569 550 3622 die
569 3557 691 3620 ll’xistenz
710 3567 845 3621 desselben
864 3567 981 3636 znglelch
1001 3569 1035 3620 lm
1054 3567 1198 3621 Beurteiler
1216 3568 1380 3636 unmbglieb‚
1402 3583 1430 3621 se
1450 3568 1511 3622 dess
1529 3586 1559 3623 er
1614 3590 1618 3595 ·

201 3678 252 3716 von
275 3663 358 3715 einem
382 3659 436 3712 und
455 3655 603 3710 demselben
622 3656 706 3723 Dinge
728 3670 804 3724 sege,
827 3654 887 3706 dese
909 3670 937 3706 es
954 3656 1030 3707 weiss
1053 3656 1106 3708 und
1130 3655 1190 3708 dese
1214 3672 1241 3709 es
1265 3658 1376 3710 schwerz
1395 3657 1431 3709 sei

203 3751 234 3802 17
254 3747 346 3823 κρῖναι]
366 3745 537 3803 Erbenntniss
553 3743 607 3794 und
626 3741 706 3796 Urteil
795 3740 838 3811 δὴ]
858 3741 980 3795 vielmehr
1064 3740 1106 3794 '18
1124 3740 1162 3794 ὅτι
1180 3742 1279 3795 ἐναντία
1296 3759 1346 3796 om.
1436 3743 1470 3795 20
1488 3743 1557 3814 διαη·
1627 3784 1632 3791 .

200 3835 342 3907 ηίλλοντος]
361 3831 552 3888 untersebeidet
570 3830 633 3883 fiber
652 3827 696 3896 [cl.
715 3846 737 3880 ν.
750 3827 828 3897 1-3]
932 3820 1057 3893 ἳΟ-’65,1
1079 3829 1095 3899 ἡ
1115 3829 1312 3899 γὰρ-ποιεῖται]
1331 3831 1401 3884 denn
1420 3846 1494 3884 wenn
1512 3832 1556 3884 die

201 3925 416 3992 Wehrnebmung
428 3922 471 3974 ein
488 3918 541 3972 und
561 3917 695 3970 desselben
708 3915 783 3969 Krelt
801 3912 851 3969 den
870 3917 931 3970 zwei
945 3915 1125 3985 Gegensblzen
1144 3918 1215 3981 winl,
1234 3918 1288 3970 und
1307 3919 1349 3970 die
1361 3918 1490 3972 Affection
1509 3919 1555 3972 des

201 4008 446 4064 Webrnehme'nden
469 4023 519 4060 von
540 4006 624 4058 einen
643 4004 688 4057 der
705 4003 874 4072 Orgene'des
893 4003 989 4057 Sinnes
1008 4002 1163 4071 [herrdhrt]‚
1187 4019 1214 4056 so
1238 4004 1295 4056 fsllt
1320 4004 1363 4059 dle
1382 4006 1555 4059 Etlenntniss
1612 4000 1615 4006 ’

201 4100 328 4153 εἰιίσαθειι
351 4099 401 4151 den
423 4094 518 4150 beiden
536 4091 731 4160 θεραποδίτειι,
758 4091 811 4142 und
835 4106 911 4143 wenn
933 4092 1005 4144 selne
1024 4091 1236 4160 Webrnehmung
1260 4091 1320 4157 des,
1347 4108 1399 4145 wes
1421 4094 1493 4146 mehr
1515 4093 1555 4146 els

202 4187 287 4240 dieses
305 4187 348 4251 ist,
366 4180 497 4252 [betrill't]‚
515 4195 543 4233 so
562 4179 619 4232 fellt
636 4179 678 4232 die
697 4177 870 4231 Erbenntniss
888 4179 1015 4231 zwiseben
1035 4178 1077 4231 die
1096 4178 1291 4232 Gesammtbeit.
1323 4181 1375 4234 Des
1394 4181 1464 4248 Ding
1482 4184 1554 4232 nim·

201 4274 267 4339 lich,
290 4273 346 4325 mit
365 4272 483 4325 welchem
507 4268 552 4322 der
569 4265 794 4320 Wehrnehmende
818 4266 988 4319 die-lemen
1011 4265 1181 4319 desselben
1208 4269 1349 4334 annimmt,
1373 4267 1491 4322 desselbe
1515 4284 1554 4319 er·

202 4361 293 4424 lenm,
309 4375 361 4412 was
380 4351 512 4412 zwischen'
525 4358 606 4409 ibnen
625 4356 668 4418 ist,
685 4353 803 4422 zugleieb

202 4482 601 4493 -—..-———..—-—--

204 4550 402 4622 Ιδιφίρονταε
506 4548 613 4616 τέρατα
718 4541 924 4617 θαίσδηρίωνα
1029 4544 1244 4615 διαγγελόντωνα
1343 4548 1359 4598 l
1378 4544 1555 4618 αἰαθτηριανα

112 4674 116 4683 -
201 4639 218 4691 8
236 4637 395 4695 διαδιδόντως
413 4653 429 4689 α
536 4635 568 4687 10
590 4632 794 4705 αἰαθητηῑτηρίου
813 4633 835 4684 V
946 4631 1046 4684 11-12
1071 4631 1100 4685 οδ
1118 4634 1164 4705 γάρ
1183 4632 1334 4705 ῶσπερ-τά
1353 4635 1451 4688 ἐναντία
1469 4649 1520 4686 em.
1539 4650 1556 4686 ε

179 4720 183 4725 ’
204 4726 236 4779 13
263 4724 395 4795 ἰναντίηια
525 4723 556 4774 14
583 4722 629 4791 ηδρ
648 4719 780 4790 ἐναντίαιν
912 4720 943 4772 15
970 4719 1068 4772 ἐναντία
1087 4719 1196 4789 ἐναντία]
1215 4739 1253 4773 τιυ
1272 4721 1328 4773 ἐναν
1347 4723 1383 4773 m¹
1401 4723 1430 4773 in
1448 4737 1499 4790 mg.
1520 4721 1554 4774 V:
1586 4780 1595 4801 ι

129 4812 133 4817 ”
201 4813 299 4866 ἐναντία
317 4829 333 4866 e
442 4810 472 4863 18
491 4808 529 4863 δτι
546 4811 582 4862 V:
603 4809 684 4879 άραο
792 4807 822 4859 ’21
844 4804 927 4877 πάθη]
946 4809 994 4859 sub
1013 4806 1031 4858 θ
1049 4808 1182 4875 paululum
1203 4824 1303 4861 erasum
1324 4810 1358 4860 l':
1377 4807 1445 4879 τάθη
1465 4825 1481 4860 α

152 4926 156 4934 ·
202 4902 235 4953 22
254 4900 331 4970 πλείῳ
350 4917 366 4953 ο
