3540 5610
685 319 888 373 ALEXANDRI
906 319 951 372 DE
969 320 1079 373 AMMA
1520 318 1560 382 97

257 493 346 573 τῆσδε
370 490 373 574 ί
397 493 446 555 καὶ
469 492 584 562 ταύταις
605 494 625 575 ή
649 491 751 560 ἄνοδος
774 496 814 562 ῶς
838 494 885 556 ἐπὶ
907 493 1002 577 ἀρχὴν
1025 493 1077 575 τήν
1100 491 1225 575 καρδίαν.
1270 490 1354 555 τοδτδ
1377 516 1419 554 τοι
1442 493 1490 554 καὶ
1512 506 1561 551 ιιιι

258 593 288 656 ἐν
311 601 370 662 τοῖς
391 594 494 680 φόβοις
515 596 563 658 καὶ
589 599 650 664 ταῖς
674 595 771 678 δργαῖς
799 597 847 658 καὶ
871 597 945 664 ίλιος
972 596 1001 657 ἐν
1024 599 1084 663 τοῖς
1111 594 1233 657 πάθεσιν
1256 596 1307 678 τὴν
1330 596 1425 679 ἀρχὴν
1448 595 1506 657 ἀπὸ

256 701 311 778 τής
333 697 501 782 αἰσθήσεως
524 695 686 782 ἔχειτοῦτο
710 699 834 779 μάλιστα
856 699 889 761 τὸ
913 698 1021 781 μίριον.
1055 697 1233 780 πρυκινεῖταί
1253 720 1283 759 τε
1302 697 1356 780 γὰρ
1379 699 1426 760 καὶ
1443 721 1508 781 προ·

257 805 366 888 πάσχει
395 803 493 886 ὥσπερ
525 798 601 883 ζῷόν
628 824 652 862 τι
679 799 711 861 δν
739 800 770 861 ἐν
793 798 873 887 ζῴῳ.
918 800 993 864 ἀλλὰ
1019 801 1066 862 καὶ
1093 799 1118 861 εἰ
1142 802 1216 882 μήτε
1241 804 1298 861 τῶν
1326 801 1455 882 ἀναίμων
1482 814 1508 863 τι

225 906 366 989 σμορίιυν
389 906 465 968 ἐστὶν
485 902 664 987 αἰσθητικόν,
688 906 728 971 ῶς
743 902 825 983 δστδι,
849 906 954 987 τρίχες,
978 900 1092 985 ὄνυχες,
1117 903 1190 984 μήτε
1213 903 1282 964 αδτδ
1306 903 1339 964 τὸ
1358 903 1432 982 αἷμά
1447 904 1508 965 ἐστι

255 1009 291 1071 τδ
313 1008 420 1091 ταύτην
442 1008 494 1090 τὴν
520 1007 637 1088 δύναμιν
660 1003 741 1090 ἔχον,
764 1007 851 1089 δῆλον
876 1009 915 1074 ῶς
938 1006 970 1067 τδ
993 1009 1107 1088 πρῶτον
1131 1001 1246 1084 ἔναιμον
1270 1011 1383 1086 πρῶτον
1407 1004 1440 1068 ἂν
1463 1004 1508 1088 εἴη
1536 1023 1550 1064 ο

256 1112 307 1174 καὶ
328 1106 513 1192 αἰσθητικὸν
537 1113 650 1192 πρῶτον
674 1108 706 1170 δὲ
725 1104 841 1190 ἔναιμον
865 1110 883 1189 ή
905 1108 1016 1190 καρδία.
1051 1108 1083 1168 τδ
1099 1106 1152 1189 γὰρ
1176 1106 1263 1192 ἐντῷ
1288 1109 1376 1191 ἥπατι
1391 1108 1508 1193 ἀκατέρ-

255 1235 363 1296 γαστον
386 1210 428 1275 ἔτι
450 1213 497 1275 καὶ
519 1211 587 1273 οὐδὲ
609 1210 717 1292 κυρίως
731 1209 813 1292 αἷμα.
848 1212 895 1273 καὶ
918 1209 1029 1293 ὅτιμὲν
1053 1211 1101 1272 καὶ
1124 1210 1314 1294 ήαίσθήτικὴ
1339 1212 1437 1295 ὥσπερ
1461 1214 1509 1275 καὶ

256 1318 277 1398 ή
304 1317 443 1398 θρεπτική
472 1316 537 1398 περὶ
567 1315 616 1395 τήν
645 1312 761 1395 καρδίαν
790 1312 866 1375 ἐστίν
893 1314 923 1374 ἐν
950 1318 1008 1381 τοῖς
1035 1313 1152 1396 καρδίαν
1182 1310 1313 1396 ἔχουσιν,
1342 1313 1360 1396 ἢ
1384 1316 1448 1397 περὶ
1476 1317 1508 1378 τὸ

212 1434 243 1478 10
257 1420 400 1500 ἀνάλογον
424 1418 456 1481 δν
479 1417 573 1502 τούτῳ
595 1424 638 1502 τῷ
664 1417 755 1501 μορίῳ
778 1412 809 1477 ἔν
827 1436 898 1478 τισιν
922 1421 978 1477 τῶν
1002 1412 1098 1500 ζῴων,
1122 1416 1155 1478 ἐκ
1178 1416 1286 1477 τούτων
1309 1419 1452 1500 γνώριμον
1475 1416 1509 1480 ἂν

256 1521 316 1604 εἴη.
361 1522 436 1584 αλλὰ
460 1524 517 1605 μὴν
541 1520 613 1584 δπου
640 1522 669 1583 αἱ
691 1520 842 1602 αἰσθήσεις
869 1521 1057 1593 τελευτῶσιν,
1085 1518 1148 1579 ἐκεῖ
1168 1519 1215 1579 καὶ
1241 1519 1293 1601 τήν
1315 1522 1509 1603 φανταστικὴν

257 1625 359 1709 ,postte
382 1625 536 1704 ἀναγκαῖον
558 1624 639 1695 εἶναι,
666 1622 746 1704 εἴγε
767 1623 786 1705 ή
810 1619 936 1704 ἐνέργεια
959 1620 1050 1703 αὐτῆς
1072 1622 1119 1682 καὶ
1146 1621 1178 1682 τδ
1202 1617 1283 1704 ἔργον
1306 1625 1370 1704 περὶ
1393 1623 1429 1685 τὰ
1450 1625 1508 1686 ἀπδ

257 1734 318 1789 τῶν
341 1727 490 1810 αἰσθητῶν
513 1726 774 1808 ἐγκαταλείμματα,
802 1723 821 1786 ἃ
841 1724 947 1804 γίνεται
970 1723 1000 1784 ἐν
1023 1728 1065 1806 τῷ
1091 1723 1196 1806 μορίῳ,
1220 1724 1250 1785 ἐν
1273 1721 1298 1808 ᾧ
1323 1728 1340 1807 ή
1365 1726 1445 1808 κοινὴ
1470 1724 1511 1787 αἴ·
1525 1744 1552 1783 ιυ

259 1831 375 1913 σθήσις.
420 1834 505 1891 τοῦτο
528 1826 552 1891 δ’
579 1829 610 1892 δν
633 1831 651 1910 ή
675 1828 778 1911 καρδία
800 1825 953 1888 δέδεικται·
982 1826 1057 1888 ἀλλὰ
1081 1827 1136 1909 μήν
1159 1827 1188 1889 ἐν
1212 1823 1237 1911 ᾧ
1263 1829 1281 1910 ή
1305 1829 1456 1912 ιραντασία,
1479 1829 1509 1891 ἐν

216 1949 245 1993 15
260 1934 355 2015 τοότιρ
378 1933 427 1994 καὶ
449 1933 479 1993 αἱ
502 1932 738 2013 συγκαταθέσεις,
762 1930 792 1991 ἐν
816 1926 841 2013 ιγ’)
860 1929 892 1991 δὲ
915 1930 945 1990 αἱ
968 1928 1204 2010 συγκαταθέσεις,
1227 1929 1371 2013 ἐντούτῳ
1394 1933 1442 1994 καὶ
1465 1932 1511 2015 δρ-

260 2037 315 2120 μαί
334 2059 365 2098 τε
392 2036 440 2096 καὶ
463 2033 583 2117 ὀρέξεις,
617 2034 721 2102 αίτινές
742 2033 813 2094 εἰσιν
836 2032 925 2116 ἀρχαὶ
956 2035 1008 2113 τῆς
1029 2032 1102 2093 κατὰ
1130 2030 1217 2093 τόπον
1240 2034 1389 2117 κινήσεως.
1435 2034 1511 2097 ὥστε

259 2140 309 2200 καὶ
331 2139 350 2220 ή
374 2139 517 2220 δρμήτική
541 2161 571 2199 τε
594 2139 642 2200 καὶ
665 2136 798 2221 δρεκτικὴ
823 2135 941 2215 δύναμις
968 2139 1019 2217 τῆς
1042 2139 1142 2218 ψυχῆς
1168 2132 1214 2216 εἴη
1239 2133 1273 2196 ἂν
1296 2137 1361 2219 περὶ
1383 2137 1509 2219 καρδίαν.

258 2242 308 2303 καὶ
331 2239 473 2322 εδλδγιος·
503 2239 550 2324 ἐφ’
580 2240 672 2323 δγὰρ
694 2241 724 2302 αἱ
748 2239 806 2300 ἀπὸ
829 2241 886 2298 τῶν
909 2233 1017 2304 ἔξωθεν
1045 2237 1171 2320 κινήσεις
1193 2242 1367 2308 τελευτῶσιν
1395 2243 1436 2308 ῶς
1458 2239 1505 2302 ἐπ’

260 2345 368 2427 ἀρχήν,
391 2343 451 2405 ἀπὸ
474 2336 576 2405 eccere
598 2340 716 2423 εὔλογον
738 2341 867 2423 γίνεσθαι
890 2340 937 2402 καὶ
960 2340 1011 2421 τήν
1034 2340 1131 2423 ἀρχήν
1154 2347 1206 2424 τῆς
1228 2342 1276 2404 ἐπὶ
1298 2342 1334 2404 τὰ
1356 2340 1411 2411 έΕιυ
1436 2345 1512 2426 κινή·

214 2463 244 2506 ου
258 2467 344 2514 σειος.
379 2446 471 2514 οὕτως
493 2445 547 2529 γὰρ
570 2446 685 2527 δρῶμεν
706 2445 754 2506 καὶ
777 2444 807 2505 ἐν
830 2446 890 2510 τοῖς
913 2442 1117 2526 στρατοπέδοις
1137 2442 1295 2526 γινόμενον.
1330 2444 1376 2529 ἐφ’
1405 2444 1436 2506 δν
1459 2444 1512 2527 γδιρ
1527 2462 1552 2502 ιι

260 2551 292 2613 αἱ
306 2554 364 2611 τῶν
388 2546 496 2616 ἔξωθεν
520 2547 721 2631 προσαγγελίαι
736 2546 869 2628 γίνονται,
891 2545 976 2614 οὗτος
998 2545 1030 2608 δέ
1049 2547 1125 2609 ἐστιν
1148 2546 1348 2632 δστρατήγός,
1371 2549 1429 2610 ἀπὸ
1452 2549 1513 2611 τού·

259 2677 313 2715 του
335 2652 384 2714 καὶ
399 2652 429 2713 αί
451 2652 523 2734 πρδς
545 2650 581 2712 τὰ
603 2648 659 2719 ἔξω
675 2652 801 2732 κινήσεις
824 2650 876 2731 τήν
899 2649 994 2732 ἀρχὴν
1017 2650 1220 2733 λαμβάνουσιν.
1254 2651 1297 2713 διὸ
1321 2651 1369 2713 καὶ
1391 2651 1426 2713 τὰ
1442 2653 1513 2735 πρὸς

258 2756 311 2837 τήν
335 2755 443 2837 κίνησιν
467 2752 572 2836 ὄργανα
595 2753 652 2814 ἀπὸ
674 2757 726 2835 τῆς
749 2751 866 2833 καρδίας
887 2753 939 2834 τήν
962 2751 1057 2834 ἀρχὴν
1080 2749 1153 2836 ἔχει.
1195 2753 1269 2815 ἀλλὰ
1292 2754 1340 2816 καὶ
1363 2758 1414 2837 τής
1437 2756 1511 2837 κινή-

259 2878 335 2924 σειυς
360 2861 413 2939 τῆς
441 2856 471 2925 ἐξ
493 2855 589 2918 αὐτῶν
616 2859 675 2922 τοῖς
703 2854 817 2937 μέρεσιν
846 2859 931 2917 πᾶσιν
960 2856 1030 2937 δρᾶν
1059 2852 1120 2917 ἔστι
1146 2856 1194 2917 τδν
1225 2857 1288 2939 περὶ
1316 2857 1368 2940 τὴν
1395 2857 1511 2940 καρδίαν

216 2961 349 3023 mcccv
373 2959 469 3043 ἀρχὴν
492 2955 589 3021 οὖσαν.
634 2953 680 3040 ἐρ’
709 2955 801 3040 ὃγδιρ
825 2955 923 3040 μόριον
946 2957 1068 3018 παύεται
1089 2957 1125 3019 τὰ
1148 2957 1225 3026 δεξιὰ
1247 2960 1295 3022 καὶ
1319 2959 1354 3021 τδι
1376 2959 1512 3043 ἀριστερὰ

263 3064 338 3146 μέρη
361 3063 529 3143 κινούμενα,
558 3060 692 3122 ἐντεῦθεν
716 3057 814 3127 αὐτοῖς
841 3060 860 3141 ή
884 3064 936 3142 τῆς
958 3062 1099 3143 κινήσεως
1122 3061 1217 3145 α’ρχή,
1250 3065 1290 3130 ῶς
1312 3062 1341 3124 ἐν
1368 3063 1512 3145 τοῖςπερὶ

261 3163 347 3250 ζῴων
370 3166 512 3248 κινήσεως
533 3163 683 3226 δέδεικται.
720 3163 735 3224 δ
759 3160 785 3224 δ’
813 3160 899 3230 αὐτὸς
920 3161 1005 3243 λέγος
1028 3164 1074 3226 καὶ
1098 3163 1145 3225 ἐπὶ
1166 3168 1223 3226 τῶν
1246 3164 1374 3226 κατὰτὸ
1398 3163 1459 3227 ἅνιο
1482 3188 1512 3227 τε
1526 3181 1553 3222 ευ

259 3273 308 3332 καὶ
326 3269 406 3330 καίτοι
423 3272 519 3350 μερῶν
535 3265 728 3348 διήρήμένων.
764 3268 850 3327 πᾶσιν
872 3265 924 3347 γὰρ
941 3265 1050 3334 τούτοις
1073 3267 1152 3351 ἀρχή
1175 3289 1206 3328 τε
1222 3268 1270 3328 καὶ
1286 3267 1374 3350 πέρας
1391 3268 1406 3329 δ
1424 3267 1511 3350 μέσος

260 3395 293 3434 τε
316 3372 364 3433 καὶ
387 3371 453 3453 περὶ
474 3370 526 3452 τὴν
549 3368 666 3451 καρδίαν
689 3366 776 3436 τόπος
797 3367 816 3450 ἠ
839 3369 872 3430 τδ
888 3367 979 3449 ταύτῃ
1002 3368 1151 3449 ἀνάλογον.
1186 3371 1262 3432 ὥστε
1284 3373 1331 3432 καὶ
1354 3370 1388 3433 ἐκ
1409 3369 1512 3434 τούτου

206 3538 294 3546 -—
300 3536 507 3543 ——-—--
517 3535 612 3541 --—-—

203 3629 275 3682 1—4
293 3625 371 3678 τοῦτό
384 3623 530 3695 τοι-ζῴῳ]
550 3625 629 3678 daher
647 3627 731 3679 dieses
745 3625 821 3679 Glied
839 3627 1023 3679 insbesondere
1043 3629 1083 3680 bei
1103 3628 1148 3680 der
1160 3628 1258 3681 Furcht
1274 3630 1329 3681 und
1343 3631 1408 3682 bcim
1425 3631 1493 3682 Zorn
1511 3633 1564 3684 und

203 3716 355 3782 fiberhaupt
373 3714 414 3765 bei
434 3713 485 3765 den
504 3713 661 3782 Vorgengen
681 3713 725 3766 der
743 3714 827 3778 Seele,
852 3715 948 3767 deren
967 3715 1102 3783 Princip
1124 3717 1162 3768 im
1182 3716 1280 3769 Sinne
1300 3718 1356 3782 ist,
1381 3719 1566 3771 insbesondere

201 3805 261 3857 sich
280 3803 374 3854 vorher
393 3802 493 3867 bewegt
511 3800 565 3852 und
583 3804 669 3853 zuerst
681 3800 800 3854 Schmerz
820 3801 961 3869 empfindet
978 3803 1044 3855 nach
1065 3803 1109 3856 der
1122 3803 1194 3856 Stuse
1212 3804 1283 3871 (Art)
1303 3806 1373 3857 eines
1386 3806 1501 3871 Thieres,
1520 3806 1566 3858 das

202 3893 233 3943 in
253 3891 339 3942 einem
360 3888 455 3940 Thiere
473 3888 559 3940 wohnt
667 3886 795 3961 5δνυχες
813 3904 862 3941 om.
969 3890 1107 3962 6πρῶτυν
1126 3907 1175 3943 om.
1290 3893 1317 3943 11
1343 3891 1502 3963 τελευτῶσιν]
1522 3894 1567 3946 der

201 3978 261 4030 Sitz
279 3978 316 4028 ist
426 3975 456 4027 15
482 3975 508 4026 αἱ
525 3972 728 4044 συγκαταθέσεις]
749 3975 793 4028 der
810 3977 948 4029 Beschluss
1053 3978 1078 4030 ἐν
1098 3977 1118 4047 ᾧ
1137 3979 1190 4030 δὲ-
1200 3977 1393 4048 συγκαταθέσεις
1411 3997 1461 4033 om.

206 4066 236 4117 11
264 4061 535 4134 δρμήτικίγ-ψυγῆς]
555 4064 596 4114 die
616 4062 691 4113 Kraft
709 4063 754 4115 der
772 4066 937 4129 auregendcn
956 4065 1028 4118 Seele
1047 4066 1100 4118 und
1120 4067 1164 4119 der
1183 4068 1364 4133 bcgchreuden
1477 4068 1508 4120 18
1531 4069 1566 4127 ὡς

203 4150 247 4204 ἐπ’
269 4149 366 4223 ἀργήν]
386 4150 433 4202 wie
452 4151 480 4201 in
499 4152 541 4202 ein
562 4150 639 4217 Ding‚
659 4151 764 4203 welches
783 4167 817 4203 an
836 4153 933 4204 seinem
952 4154 1073 4221 Principe
1093 4171 1123 4205 κυ
1144 4154 1215 4207 Ende
1234 4156 1295 4222 geht
1405 4155 1433 4207 19
1458 4155 1518 4224 ἀπὸ]
1539 4159 1565 4209 in

203 4239 236 4291 21
259 4236 381 4308 γίνονται]
400 4237 484 4290 enden
591 4237 624 4289 23
643 4243 702 4305 post
720 4236 813 4310 ὄργανα
831 4239 917 4291 addit:
937 4241 1029 4293 welche
1048 4241 1199 4309 Principien
1220 4242 1353 4295 dcrselben
1372 4243 1431 4294 sind

207 4468 220 4518 l
241 4464 279 4522 ὡς
297 4464 338 4516 ἐπὶ
356 4463 438 4535 ἀρχὴν
456 4462 503 4531 τὴν
522 4462 636 4533 καρδίαν]
655 4465 688 4515 cf.
707 4465 820 4533 p.73,·24
926 4467 1000 4519 τοῦτό
1018 4467 1067 4536 τοι]
1085 4468 1116 4520 cf.
1137 4468 1242 4535 p.8‚·25.
1275 4468 1320 4520 sed
1339 4468 1376 4520 ita
1395 4469 1457 4520 mihi
1478 4469 1567 4521 viden-

206 4559 250 4605 tur
263 4554 327 4605 haec
346 4568 403 4604 esse
416 4550 537 4616 legenda:
556 4550 630 4602 τοῦτό
643 4570 681 4603 τοι
701 4554 743 4604 καὶ
761 4553 850 4610 ἐντοῖς
868 4554 953 4623 φόβοις
972 4556 1015 4606 καὶ
1032 4563 1086 4612 ταῖς
1104 4553 1186 4625 ὀργαῖς
1205 4556 1248 4606 καὶ
1260 4551 1326 4614 ὅλως
1344 4556 1369 4606 ἐν
1386 4562 1437 4613 τοῖς
1455 4554 1566 4620 πάθεσιν,

206 4641 246 4703 (ἃ)
265 4639 310 4705 (cs.
328 4641 375 4691 int.
396 4637 478 4703 hebr.)
497 4637 544 4706 τὴν
563 4638 644 4711 ἀρχὴν
659 4639 708 4691 ἀπὸ
726 4644 772 4710 τῆς
790 4638 931 4710 αἰσθήσεως
951 4641 1015 4714 ἔχει,
1035 4646 1109 4694 τοῦτο
1128 4641 1233 4710 μάλιστα
1251 4643 1279 4694 τδ
1299 4643 1385 4715 μόριον
1403 4646 1566 4707 (κινεῖται).

208 4725 361 4796 προκιντῖταί
378 4744 405 4777 τε
422 4725 469 4795 γὰρ
488 4726 531 4776 καὶ
550 4724 605 4777 κτλ.
698 4727 759 4796 3γε
777 4729 858 4799 γδριι
951 4727 1108 4799 ὁτρδγεςα
1200 4731 1346 4800 ῖήπατιυ
1439 4730 1511 4784 δὸτι
1530 4732 1564 4782 V:

211 4814 292 4885 ἄριιι
390 4814 435 4880 μὲν
453 4829 539 4865 οιιι.α
640 4813 818 4867 1116ντιοιιι
921 4814 952 4866 12
971 4815 1000 4867 τδ
1018 4832 1103 4869 οιιι.α
1210 4819 1239 4868 15
1259 4819 1302 4870 καί
1320 4819 1335 4887 ἡ
1355 4817 1568 4888 συγκατάθεσιςυ

212 4901 246 4954 ’24
263 4900 299 4960 ῶς
317 4902 343 4954 ίν
360 4907 414 4959 τοῖς
431 4898 499 4969 κτλ]
519 4902 563 4953 Αι.
582 4900 613 4953 δε
631 4906 693 4953 mot.
713 4903 818 4955 animal.
838 4902 861 4954 9.
882 4902 1034 4973 70211θοιγ.
1141 4904 1175 4957 28
1194 4905 1237 4958 καὶ
1256 4911 1316 4958 ante
1334 4908 1406 4957 καίτοι
1426 4907 1454 4959 in
1473 4906 1544 4959 lit.V

268 5008 374 5059 supplem.
388 5008 455 5048 Aricc
469 5008 497 5048 11.
511 5009 616 5048 Alexand.
630 5009 650 5048 d.
666 5009 749 5049 Αιιίοιιι.
1348 4993 1364 5058 Ῑ
