3540 5610
600 1521 1083 1598 PRAEFATIO

249 1811 427 1877 Alexandri
448 1810 711 1895 Aphrodisiensis
731 1814 781 1878 De
803 1813 910 1878 anima
933 1812 1051 1877 librum·
1070 1820 1144 1897 post
1168 1813 1317 1879 Aldinam
1340 1813 1416 1878 anni
1440 1814 1524 1878 1534

162 1930 340 1995 editionem
364 1950 469 2014 neque
491 1930 661 1996 ediderunt
683 1930 742 1995 viri
765 1933 851 1998 docti
873 1953 977 2016 neque
1000 1933 1181 1998 accuratius
1202 1934 1236 1997 in
1258 1952 1330 1998 eum
1353 1933 1524 2016 inquisire·
1584 1925 1586 1929 ⁸

161 2057 248 2114 runt.
294 2050 340 2114 ita
362 2050 480 2115 iactum
505 2057 567 2132 est,
590 2059 624 2115 ut
646 2051 791 2134 proximo
815 2051 941 2116 demum
964 2071 1050 2116 anno
1074 2052 1104 2116 J.
1126 2052 1344 2117 Frendentbal
1356 2051 1380 2135 ¹)
1401 2051 1522 2135 apertis

162 2168 273 2232 serbis
300 2169 522 2252 pronuntiaret
544 2170 764 2234 Alexandrum
799 2169 839 2234 de
869 2169 977 2235 anima
1006 2192 1119 2255 unum,
1153 2192 1217 2236 non
1244 2171 1325 2234 duos
1355 2170 1522 2254 scripsisse

161 2288 282 2369 libros3
317 2289 350 2352 id
373 2289 458 2371 quod
482 2295 514 2354 et
536 2308 570 2353 re
594 2295 684 2371 patet
710 2296 742 2353 et
768 2286 973 2353 confirmatur
995 2288 1171 2355 Alexandri
1198 2290 1285 2374 apud
1307 2289 1431 2354 Arabes
1457 2309 1521 2354 me-

160 2408 273 2473 moria.
318 2409 454 2473 alterum
477 2416 585 2493 autem
608 2407 662 2490 qui
684 2406 785 2472 fertur
807 2407 921 2472 librum
944 2407 1028 2474 idem
1052 2410 1101 2474 vir
1123 2411 1237 2485 doetus
1259 2408 1339 2474 vidit
1362 2408 1522 2473 collectio-

160 2549 236 2592 nem
259 2547 331 2592 esse
357 2528 518 2592 variarum
541 2526 764 2608 quaestionum
792 2526 821 2591 ei
846 2527 1055 2611 persimilem,
1083 2529 1133 2593 cui
1161 2527 1409 2613 ,Quaestionum
1432 2534 1521 2592 natu·

160 2648 278 2712 salium
302 2655 334 2712 et
350 2645 517 2711 moralium
540 2645 611 2710 libri
628 2645 793 2728 quattuor'
813 2646 910 2728 vulgo
933 2646 1118 2711 inscribunt.
1153 2647 1242 2712 cuius
1261 2647 1388 2712 tametsi
1409 2654 1521 2712 contra

159 2767 266 2833 Adolfi
290 2765 436 2831 Tor-strik
466 2765 683 2830 dubitationes
714 2783 902 2847 persuasum
937 2765 1041 2831 babeo
1071 2767 1243 2831 maximam
1278 2773 1364 2831 certe
1394 2772 1519 2849 partem

159 2888 267 2953 eidem
291 2885 401 2952 deberi
423 2885 619 2969 Alexandro,
643 2883 704 2947 boo
725 2890 832 2948 tamen
856 2886 926 2950 looo
944 2886 1099 2951 rationem
1122 2886 1201 2951 satis
1222 2885 1326 2951 babeo
1348 2885 1519 2968 indicasse,

159 3029 219 3073 cur
240 3026 261 3071 a
282 3006 378 3071 solita
400 3004 506 3089 operis
532 3002 742 3086 inscriptione
768 3004 969 3088 recesserim,
1000 3025 1071 3071 eam
1098 3025 1181 3088 quae
1208 3005 1248 3070 de
1275 3004 1409 3088 siugulis
1432 3003 1520 3070 insti-

160 3127 284 3192 tuenda
306 3124 365 3190 erit
388 3121 609 3207 quaestionem
635 3120 713 3186 alibi
735 3121 967 3206 propositurus.

247 3247 283 3310 In
306 3245 495 3310 adornanda
510 3242 675 3324 utriusque
695 3241 801 3324 operis
817 3241 958 3307 editione
981 3242 1156 3327 principem
1172 3252 1301 3310 secutus
1316 3265 1384 3308 sum
1401 3242 1514 3308 ducem

159 3365 304 3429 codicem
329 3364 481 3427 Vas-arou
509 3360 725 3427 bibliothecae
747 3359 779 3426 S.
803 3360 903 3425 Marci
926 3361 988 3426 258
1018 3362 1308 3446 membranaceum,
1335 3362 1442 3446 quiin
1466 3382 1516 3427 ca·
1530 3343 1565 3370 ⁸¹⁰

158 3486 269 3566 talogo
286 3483 477 3548 Zanett-iauo
500 3482 629 3547 saeculo
646 3479 757 3563 quinto
779 3479 903 3545 decimo
926 3480 1035 3566 inepte
1053 3481 1211 3566 tribuitur,
1234 3504 1269 3548 re
1292 3502 1369 3548 rera
1391 3482 1516 3549 decimo

158 3606 297 3689 scriptus
317 3609 376 3669 est.
409 3608 535 3667 constat
557 3600 641 3665 foliis
657 3601 721 3666 324
743 3598 817 3663 altis
841 3599 880 3665 18
893 3620 951 3664 cm.
975 3600 1050 3665 latis
1073 3603 1113 3666 13
1126 3621 1196 3685 cm,
1219 3621 1353 3684 qnorum
1369 3601 1516 3684 singulae

159 3726 299 3811 paginae
322 3744 435 3788 sersus
457 3722 588 3788 vicenos
611 3726 744 3784 octonos
768 3718 942 3784 continent.
987 3718 1189 3801 glutinaturis
1212 3721 1516 3788 socordiafol.105

159 3844 264 3908 -107
286 3850 362 3908 aute
384 3841 438 3906 fol.
454 3842 494 3907 97
519 3842 681 3924 leguntur,
704 3860 734 3922 p.
750 3839 832 3904 260¹
854 3839 1012 3922 scriptura
1027 3843 1123 3903 caret.
1158 3847 1258 3903 totum
1274 3840 1415 3905 codicem
1432 3840 1516 3923 idom

159 3963 310 4028 librarius
332 3982 429 4027 manu
451 3967 589 4025 venusta
617 3965 650 4024 et
680 3978 780 4041 usque
807 3958 849 4022 ad
872 3965 1048 4023 extremam
1076 3958 1225 4041 paginam
1254 3959 1414 4042 aequabili
1442 3980 1514 4026 exa-

157 4083 256 4165 rarit3
279 4080 422 4146 notabile
444 4087 552 4144 autem
576 4085 625 4144 est
647 4078 812 4145 literarum
835 4076 963 4142 ductum
988 4098 1117 4161 prorsus
1141 4079 1277 4144 eundem
1301 4100 1382 4162 esse,
1406 4080 1514 4163 quiin

156 4201 367 4266 celeberrimo
396 4197 541 4264 Platonis
574 4197 686 4262 codice
714 4197 859 4262 Parisino
887 4197 947 4262 No.
976 4197 1055 4262 1807
1093 4195 1145 4282 (of.
1179 4197 1333 4265 Mnemos.
1356 4201 1403 4264 Ill
1432 4200 1514 4265 1875

156 4343 187 4404 p.
208 4321 267 4385 157
276 4318 337 4404 sq.)
361 4319 552 4402 conspicuus
574 4324 633 4381 est.
678 4335 717 4381 eo
741 4323 864 4380 tantum
893 4335 913 4380 a
936 4316 1082 4380 Parisino
1110 4316 1216 4380 differt
1239 4317 1395 4402 Venetus,
1428 4320 1514 4402 quod

154 4439 189 4502 in
216 4438 277 4503 boo
299 4436 484 4503 minusculis
507 4456 587 4521 quas
610 4436 720 4500 dicunt
742 4434 843 4500 litoris
865 4434 976 4500 crebro
996 4434 1253 4500 intermiscentur
1275 4436 1513 4521 maiusculae²),

195 4588 267 4594 ....—
279 4588 397 4593 --.--....-
408 4588 456 4593 --.
475 4588 487 4592 -.
503 4588 522 4592 -
532 4588 559 4595 .-

230 4660 249 4726 ¹)
270 4659 506 4712 Commentationcs
525 4658 682 4711 Academiae
701 4659 806 4712 Boruss.
828 4658 894 4711 1884
913 4676 939 4726 p.
955 4657 987 4710 13
1006 4657 1066 4709 adn.
1103 4657 1135 4709 cf.
1154 4659 1190 4710 ib.
1208 4675 1234 4726 p.
1248 4658 1281 4710 27
1300 4659 1360 4711 adn.
1374 4659 1397 4710 8.

228 4746 249 4811 ²)
275 4747 310 4798 lte
328 4747 376 4798 bac
395 4747 464 4798 inter
481 4746 627 4798 Parisinum
647 4751 673 4797 et
692 4745 818 4799 Venetam
842 4746 969 4798 affinitate
988 4745 1095 4798 Carolus
1115 4745 1204 4798 Graux
1228 4763 1268 4798 mo
1287 4747 1347 4798 olim
1367 4762 1512 4799 commone·

149 4838 225 4890 iecit.
263 4834 332 4886 idem
354 4849 407 4901 qua
429 4840 484 4885 erat
506 4849 608 4885 summa
630 4835 659 4885 iu
682 4834 731 4885 bac
749 4833 885 4900 provincia
908 4834 1003 4899 peritia
1026 4849 1110 4884 meum
1134 4834 1165 4886 de
1189 4838 1304 4901 tempore
1327 4848 1377 4902 quo
1396 4835 1512 4888 l'crretus

148 4925 268 4995 scriptus
287 4923 322 4973 sit
340 4921 466 4975 iudicium
486 4921 658 4975 confirmarit.
695 4921 727 4976 cf.
746 4917 878 4991 bldlanges
897 4921 985 4974 Graux
1004 4936 1029 4990 p.
1043 4919 1104 4973 587.
