<?xml version="1.0" encoding="UTF-8"?>
<!DOCTYPE html PUBLIC "-//W3C//DTD XHTML 1.0 Transitional//EN"
    "http://www.w3.org/TR/xhtml1/DTD/xhtml1-transitional.dtd">
<html xmlns="http://www.w3.org/1999/xhtml" xml:lang="en" lang="en">
 <head>
  <title>
</title>
<meta http-equiv="Content-Type" content="text/html;charset=utf-8" />
  <meta name='ocr-system' content='tesseract 3.04.00' />
  <meta name='ocr-capabilities' content='ocr_page ocr_carea ocr_par ocr_line ocrx_word'/>
</head>
<body>
  <div class='ocr_page' id='page_1' title='image "./supplementumari02arisgoog/supplementumari02arisgoog_0377.png"; bbox 0 0 3540 5610; ppageno 0'>
   <div class='ocr_carea' id='block_1_1' title="bbox 699 314 1085 374">
    <p class='ocr_par' dir='ltr' id='par_1_1' title="bbox 699 314 1085 374">
     <span class='ocr_line' id='line_1_1' title="bbox 699 314 1085 374; baseline 0 -1"><span class='ocrx_word' id='word_1_1' title='bbox 699 315 852 374; x_wconf 82' lang='grc' dir='ltr'>ΑΠΟΡΙΩΝ</span> <span class='ocrx_word' id='word_1_2' title='bbox 872 316 933 373; x_wconf 82' lang='grc' dir='ltr'><strong>ΚΑΙ</strong></span> <span class='ocrx_word' id='word_1_3' title='bbox 952 314 1085 373; x_wconf 70' lang='lat' dir='ltr'><strong>mmm</strong></span> 
     </span>
    </p>
   </div>
   <div class='ocr_carea' id='block_1_2' title="bbox 203 487 1568 3443">
    <p class='ocr_par' dir='ltr' id='par_1_2' title="bbox 264 487 1560 886">
     <span class='ocr_line' id='line_1_2' title="bbox 347 487 1519 576; baseline -0.004 -21"><span class='ocrx_word' id='word_1_4' title='bbox 347 489 424 555; x_wconf 84' lang='grc' dir='ltr'><strong>Ἀλλ’</strong></span> <span class='ocrx_word' id='word_1_5' title='bbox 453 491 534 555; x_wconf 83' lang='grc' dir='ltr'><strong>οὔτοί</strong></span> <span class='ocrx_word' id='word_1_6' title='bbox 553 516 596 575; x_wconf 86' lang='grc' dir='ltr'><strong>γε,</strong></span> <span class='ocrx_word' id='word_1_7' title='bbox 619 491 688 576; x_wconf 84' lang='grc' dir='ltr'><strong>ἔφη,</strong></span> <span class='ocrx_word' id='word_1_8' title='bbox 710 493 760 555; x_wconf 84' lang='grc' dir='ltr'><strong>καλ</strong></span> <span class='ocrx_word' id='word_1_9' title='bbox 782 491 863 553; x_wconf 81' lang='grc' dir='ltr'><strong>πᾶσά</strong></span> <span class='ocrx_word' id='word_1_10' title='bbox 884 513 916 572; x_wconf 91' lang='grc' dir='ltr'><strong>γε</strong></span> <span class='ocrx_word' id='word_1_11' title='bbox 931 492 951 573; x_wconf 79' lang='grc' dir='ltr'>ἡ</span> <span class='ocrx_word' id='word_1_12' title='bbox 967 494 1066 553; x_wconf 82' lang='grc' dir='ltr'><strong>τοῦτον</strong></span> <span class='ocrx_word' id='word_1_13' title='bbox 1088 491 1137 552; x_wconf 87' lang='grc' dir='ltr'><strong>τὸν</strong></span> <span class='ocrx_word' id='word_1_14' title='bbox 1160 488 1266 574; x_wconf 82' lang='grc' dir='ltr'>τρόπον</span> <span class='ocrx_word' id='word_1_15' title='bbox 1289 489 1426 573; x_wconf 73' lang='grc' dir='ltr'><strong>γινομένη</strong></span> <span class='ocrx_word' id='word_1_16' title='bbox 1451 487 1519 572; x_wconf 91' lang='grc' dir='ltr'><strong>πρό-</strong></span> 
     </span>
     <span class='ocr_line' id='line_1_3' title="bbox 264 592 1518 680; baseline -0.002 -25"><span class='ocrx_word' id='word_1_17' title='bbox 264 615 327 657; x_wconf 88' lang='grc' dir='ltr'><strong>νοια</strong></span> <span class='ocrx_word' id='word_1_18' title='bbox 351 595 445 677; x_wconf 88' lang='grc' dir='ltr'><strong>δλίγον</strong></span> <span class='ocrx_word' id='word_1_19' title='bbox 467 619 494 658; x_wconf 89' lang='grc' dir='ltr'><strong>τι</strong></span> <span class='ocrx_word' id='word_1_20' title='bbox 516 595 645 680; x_wconf 83' lang='grc' dir='ltr'>διαφέρει</span> <span class='ocrx_word' id='word_1_21' title='bbox 672 601 725 679; x_wconf 79' lang='grc' dir='ltr'><strong>τῆς</strong></span> <span class='ocrx_word' id='word_1_22' title='bbox 751 593 901 677; x_wconf 77' lang='grc' dir='ltr'><strong>γινομένης</strong></span> <span class='ocrx_word' id='word_1_23' title='bbox 927 593 1153 677; x_wconf 76' lang='grc' dir='ltr'><strong>προηγουμένως</strong></span> <span class='ocrx_word' id='word_1_24' title='bbox 1180 617 1211 656; x_wconf 91' lang='grc' dir='ltr'><strong>τε</strong></span> <span class='ocrx_word' id='word_1_25' title='bbox 1238 594 1287 657; x_wconf 86' lang='grc' dir='ltr'><strong>καὶ</strong></span> <span class='ocrx_word' id='word_1_26' title='bbox 1314 592 1383 657; x_wconf 88' lang='grc' dir='ltr'><strong>καθ’</strong></span> <span class='ocrx_word' id='word_1_27' title='bbox 1411 593 1518 677; x_wconf 81' lang='grc' dir='ltr'><strong>αὑτήν·</strong></span> 
     </span>
     <span class='ocr_line' id='line_1_4' title="bbox 264 695 1560 782; baseline -0.004 -22"><span class='ocrx_word' id='word_1_28' title='bbox 264 703 322 760; x_wconf 88' lang='grc' dir='ltr'><strong>τῶν</strong></span> <span class='ocrx_word' id='word_1_29' title='bbox 345 697 398 781; x_wconf 84' lang='grc' dir='ltr'><strong>γὰρ</strong></span> <span class='ocrx_word' id='word_1_30' title='bbox 420 697 517 761; x_wconf 91' lang='grc' dir='ltr'><strong>άλλων</strong></span> <span class='ocrx_word' id='word_1_31' title='bbox 539 698 696 782; x_wconf 85' lang='grc' dir='ltr'><strong>γινομένων</strong></span> <span class='ocrx_word' id='word_1_32' title='bbox 720 697 827 779; x_wconf 83' lang='grc' dir='ltr'><strong>ὁμοίως</strong></span> <span class='ocrx_word' id='word_1_33' title='bbox 855 696 871 759; x_wconf 88' lang='grc' dir='ltr'><strong>ό</strong></span> <span class='ocrx_word' id='word_1_34' title='bbox 895 697 1004 766; x_wconf 87' lang='grc' dir='ltr'><strong>σκοπὸς</strong></span> <span class='ocrx_word' id='word_1_35' title='bbox 1026 696 1249 780; x_wconf 64' lang='grc' dir='ltr'><strong>μετατιθέμενος</strong></span> <span class='ocrx_word' id='word_1_36' title='bbox 1279 695 1366 779; x_wconf 82' lang='grc' dir='ltr'><strong>μόνος</strong></span> <span class='ocrx_word' id='word_1_37' title='bbox 1389 701 1442 780; x_wconf 77' lang='grc' dir='ltr'><strong>τῆς</strong></span> <span class='ocrx_word' id='word_1_38' title='bbox 1464 719 1518 758; x_wconf 88' lang='grc' dir='ltr'><strong>τοι·</strong></span> <span class='ocrx_word' id='word_1_39' title='bbox 1533 711 1560 753; x_wconf 81' lang='grc' dir='ltr'><strong>ιο</strong></span> 
     </span>
     <span class='ocr_line' id='line_1_5' title="bbox 265 797 1282 886; baseline -0.001 -23"><span class='ocrx_word' id='word_1_40' title='bbox 265 801 356 884; x_wconf 90' lang='grc' dir='ltr'><strong>αότης</strong></span> <span class='ocrx_word' id='word_1_41' title='bbox 377 803 510 886; x_wconf 77' lang='grc' dir='ltr'><strong>προνοίας</strong></span> <span class='ocrx_word' id='word_1_42' title='bbox 534 801 577 885; x_wconf 87' lang='grc' dir='ltr'><strong>[ό]</strong></span> <span class='ocrx_word' id='word_1_43' title='bbox 602 803 673 885; x_wconf 83' lang='grc' dir='ltr'><strong>πρὸς</strong></span> <span class='ocrx_word' id='word_1_44' title='bbox 695 802 746 885; x_wconf 77' lang='grc' dir='ltr'><strong>τὴν</strong></span> <span class='ocrx_word' id='word_1_45' title='bbox 768 797 836 863; x_wconf 86' lang='grc' dir='ltr'><strong>καθ’</strong></span> <span class='ocrx_word' id='word_1_46' title='bbox 865 799 936 862; x_wconf 84' lang='grc' dir='ltr'><strong>αὑτὸ</strong></span> <span class='ocrx_word' id='word_1_47' title='bbox 960 801 1110 883; x_wconf 79' lang='grc' dir='ltr'><strong>ποιεῖτὴν</strong></span> <span class='ocrx_word' id='word_1_48' title='bbox 1133 801 1282 883; x_wconf 88' lang='grc' dir='ltr'><strong>διαφοράν.</strong></span> 
     </span>
    </p>

    <p class='ocr_par' dir='ltr' id='par_1_3' title="bbox 229 916 1560 1315">
     <span class='ocr_line' id='line_1_6' title="bbox 229 916 1519 1006; baseline -0.006 -18"><span class='ocrx_word' id='word_1_49' title='bbox 229 941 244 988; x_wconf 78' lang='grc'><em>5</em></span> <span class='ocrx_word' id='word_1_50' title='bbox 350 918 386 984; x_wconf 88' lang='grc' dir='ltr'><strong>Τί</strong></span> <span class='ocrx_word' id='word_1_51' title='bbox 408 919 450 1000; x_wconf 82' lang='grc' dir='ltr'><strong>δ’,</strong></span> <span class='ocrx_word' id='word_1_52' title='bbox 474 921 541 1006; x_wconf 87' lang='grc' dir='ltr'><strong>οὐχὶ</strong></span> <span class='ocrx_word' id='word_1_53' title='bbox 564 921 646 984; x_wconf 79' lang='grc' dir='ltr'><strong>καλό</strong></span> <span class='ocrx_word' id='word_1_54' title='bbox 669 920 772 1003; x_wconf 85' lang='grc' dir='ltr'><strong>λέγων,</strong></span> <span class='ocrx_word' id='word_1_55' title='bbox 795 917 880 1003; x_wconf 90' lang='grc' dir='ltr'><strong>ἔφην,</strong></span> <span class='ocrx_word' id='word_1_56' title='bbox 902 923 944 1002; x_wconf 77' lang='grc' dir='ltr'><strong>τῷ</strong></span> <span class='ocrx_word' id='word_1_57' title='bbox 969 919 1020 1000; x_wconf 84' lang='grc' dir='ltr'><strong>μὲν</strong></span> <span class='ocrx_word' id='word_1_58' title='bbox 1044 916 1112 982; x_wconf 82' lang='grc' dir='ltr'><strong>καθ’</strong></span> <span class='ocrx_word' id='word_1_59' title='bbox 1133 919 1204 981; x_wconf 87' lang='grc' dir='ltr'><strong>αότδ</strong></span> <span class='ocrx_word' id='word_1_60' title='bbox 1226 918 1353 1001; x_wconf 90' lang='grc' dir='ltr'><strong>γίνεσθαι</strong></span> <span class='ocrx_word' id='word_1_61' title='bbox 1376 919 1429 1002; x_wconf 77' lang='grc' dir='ltr'><strong>τὴν</strong></span> <span class='ocrx_word' id='word_1_62' title='bbox 1452 919 1519 1003; x_wconf 89' lang='grc' dir='ltr'><strong>πρό-</strong></span> 
     </span>
     <span class='ocr_line' id='line_1_7' title="bbox 264 1019 1560 1109; baseline -0.005 -22"><span class='ocrx_word' id='word_1_63' title='bbox 264 1048 352 1101; x_wconf 88' lang='grc' dir='ltr'><strong>νοιαν,</strong></span> <span class='ocrx_word' id='word_1_64' title='bbox 374 1029 418 1109; x_wconf 80' lang='grc' dir='ltr'><strong>τῷ</strong></span> <span class='ocrx_word' id='word_1_65' title='bbox 443 1025 475 1086; x_wconf 82' lang='grc' dir='ltr'><strong>δὲ</strong></span> <span class='ocrx_word' id='word_1_66' title='bbox 497 1025 571 1088; x_wconf 85' lang='grc' dir='ltr'><strong>κατὰ</strong></span> <span class='ocrx_word' id='word_1_67' title='bbox 595 1023 787 1108; x_wconf 82' lang='grc' dir='ltr'><strong>συμβεβηκός,</strong></span> <span class='ocrx_word' id='word_1_68' title='bbox 810 1019 879 1084; x_wconf 86' lang='grc' dir='ltr'><strong>καθ’</strong></span> <span class='ocrx_word' id='word_1_69' title='bbox 905 1021 975 1084; x_wconf 80' lang='grc' dir='ltr'><strong>αθτδ</strong></span> <span class='ocrx_word' id='word_1_70' title='bbox 997 1022 1048 1104; x_wconf 80' lang='grc' dir='ltr'><strong>μὲν</strong></span> <span class='ocrx_word' id='word_1_71' title='bbox 1071 1025 1129 1084; x_wconf 90' lang='grc' dir='ltr'><strong>τῶν</strong></span> <span class='ocrx_word' id='word_1_72' title='bbox 1153 1020 1293 1093; x_wconf 89' lang='grc' dir='ltr'><strong>καθόλου,</strong></span> <span class='ocrx_word' id='word_1_73' title='bbox 1317 1022 1391 1084; x_wconf 74' lang='grc' dir='ltr'><strong>κατὰ</strong></span> <span class='ocrx_word' id='word_1_74' title='bbox 1413 1022 1519 1106; x_wconf 85' lang='grc' dir='ltr'><strong>συμβε-</strong></span> <span class='ocrx_word' id='word_1_75' title='bbox 1534 1039 1560 1080; x_wconf 75' lang='grc' dir='ltr'><strong>ιτ</strong></span> 
     </span>
     <span class='ocr_line' id='line_1_8' title="bbox 264 1121 1517 1212; baseline -0.002 -22"><span class='ocrx_word' id='word_1_76' title='bbox 264 1128 354 1212; x_wconf 89' lang='grc' dir='ltr'><strong>βηκδς</strong></span> <span class='ocrx_word' id='word_1_77' title='bbox 376 1127 408 1190; x_wconf 81' lang='grc' dir='ltr'><strong>δέ</strong></span> <span class='ocrx_word' id='word_1_78' title='bbox 431 1133 487 1189; x_wconf 92' lang='grc' dir='ltr'><strong>τῶν</strong></span> <span class='ocrx_word' id='word_1_79' title='bbox 511 1126 558 1190; x_wconf 87' lang='grc' dir='ltr'><strong>ὑπ’</strong></span> <span class='ocrx_word' id='word_1_80' title='bbox 587 1121 675 1203; x_wconf 83' lang='grc' dir='ltr'><strong>αὐτά,</strong></span> <span class='ocrx_word' id='word_1_81' title='bbox 699 1125 786 1189; x_wconf 87' lang='grc' dir='ltr'><strong>άλλον</strong></span> <span class='ocrx_word' id='word_1_82' title='bbox 809 1125 871 1188; x_wconf 84' lang='grc' dir='ltr'><strong>τινὰ</strong></span> <span class='ocrx_word' id='word_1_83' title='bbox 893 1125 999 1208; x_wconf 91' lang='grc' dir='ltr'><strong>τρόπον</strong></span> <span class='ocrx_word' id='word_1_84' title='bbox 1023 1125 1156 1209; x_wconf 80' lang='grc' dir='ltr'><strong>προνοίας</strong></span> <span class='ocrx_word' id='word_1_85' title='bbox 1177 1124 1254 1208; x_wconf 82' lang='grc' dir='ltr'><strong>λέγει</strong></span> <span class='ocrx_word' id='word_1_86' title='bbox 1277 1125 1356 1208; x_wconf 82' lang='grc' dir='ltr'><strong>παρὰ</strong></span> <span class='ocrx_word' id='word_1_87' title='bbox 1379 1125 1446 1193; x_wconf 87' lang='grc' dir='ltr'><strong>τοδς</strong></span> <span class='ocrx_word' id='word_1_88' title='bbox 1468 1127 1517 1210; x_wconf 83' lang='grc' dir='ltr'><strong>ρη-</strong></span> 
     </span>
     <span class='ocr_line' id='line_1_9' title="bbox 262 1230 550 1315; baseline 0.017 -22"><span class='ocrx_word' id='word_1_89' title='bbox 262 1231 365 1300; x_wconf 82' lang='grc' dir='ltr'><strong>θέντας</strong></span> <span class='ocrx_word' id='word_1_90' title='bbox 388 1230 417 1298; x_wconf 85' lang='grc' dir='ltr'><strong>ἐΕ</strong></span> <span class='ocrx_word' id='word_1_91' title='bbox 440 1231 550 1315; x_wconf 77' lang='grc' dir='ltr'><strong>ἀρχῆς;</strong></span> 
     </span>
    </p>

    <p class='ocr_par' dir='ltr' id='par_1_4' title="bbox 348 1347 1516 1433">
     <span class='ocr_line' id='line_1_10' title="bbox 348 1347 1516 1433; baseline -0.003 -20"><span class='ocrx_word' id='word_1_92' title='bbox 348 1350 416 1419; x_wconf 85' lang='grc' dir='ltr'><strong>Πῶς</strong></span> <span class='ocrx_word' id='word_1_93' title='bbox 437 1352 506 1433; x_wconf 92' lang='grc' dir='ltr'><strong>γάρ,</strong></span> <span class='ocrx_word' id='word_1_94' title='bbox 533 1349 626 1424; x_wconf 83' lang='grc' dir='ltr'><strong>εἶπεν,</strong></span> <span class='ocrx_word' id='word_1_95' title='bbox 654 1348 707 1412; x_wconf 81' lang='grc' dir='ltr'><strong>οὐκ</strong></span> <span class='ocrx_word' id='word_1_96' title='bbox 729 1347 831 1427; x_wconf 81' lang='grc' dir='ltr'><strong>άλλον,</strong></span> <span class='ocrx_word' id='word_1_97' title='bbox 857 1347 938 1431; x_wconf 85' lang='grc' dir='ltr'><strong>εἴγε</strong></span> <span class='ocrx_word' id='word_1_98' title='bbox 964 1349 1114 1412; x_wconf 82' lang='grc' dir='ltr'><strong>τὸκοινόν</strong></span> <span class='ocrx_word' id='word_1_99' title='bbox 1137 1348 1210 1412; x_wconf 81' lang='grc' dir='ltr'><strong>ἄλλο</strong></span> <span class='ocrx_word' id='word_1_100' title='bbox 1233 1349 1284 1431; x_wconf 79' lang='grc' dir='ltr'><strong>μὲν</strong></span> <span class='ocrx_word' id='word_1_101' title='bbox 1308 1349 1433 1412; x_wconf 79' lang='grc' dir='ltr'><strong>ἑκάστου</strong></span> <span class='ocrx_word' id='word_1_102' title='bbox 1456 1353 1516 1411; x_wconf 91' lang='grc' dir='ltr'><strong>τῶν</strong></span> 
     </span>
    </p>

    <p class='ocr_par' dir='ltr' id='par_1_5' title="bbox 212 1449 1557 1639">
     <span class='ocr_line' id='line_1_11' title="bbox 212 1449 1557 1536; baseline -0.004 -21"><span class='ocrx_word' id='word_1_103' title='bbox 212 1475 243 1521; x_wconf 84' lang='grc' dir='ltr'><strong>ιο</strong></span> <span class='ocrx_word' id='word_1_104' title='bbox 261 1452 311 1536; x_wconf 85' lang='grc' dir='ltr'><strong>ὑφ’</strong></span> <span class='ocrx_word' id='word_1_105' title='bbox 339 1453 439 1527; x_wconf 82' lang='grc' dir='ltr'><strong>ἑαυτό,</strong></span> <span class='ocrx_word' id='word_1_106' title='bbox 469 1455 498 1516; x_wconf 92' lang='grc' dir='ltr'><strong>ἐν</strong></span> <span class='ocrx_word' id='word_1_107' title='bbox 521 1453 633 1521; x_wconf 81' lang='grc' dir='ltr'><strong>τούτοις</strong></span> <span class='ocrx_word' id='word_1_108' title='bbox 656 1453 708 1536; x_wconf 83' lang='grc' dir='ltr'><strong>μὲν</strong></span> <span class='ocrx_word' id='word_1_109' title='bbox 730 1453 763 1515; x_wconf 88' lang='grc' dir='ltr'><strong>τδ</strong></span> <span class='ocrx_word' id='word_1_110' title='bbox 787 1452 817 1514; x_wconf 84' lang='grc' dir='ltr'><strong>ἐν</strong></span> <span class='ocrx_word' id='word_1_111' title='bbox 839 1476 866 1515; x_wconf 94' lang='grc' dir='ltr'><strong>τι</strong></span> <span class='ocrx_word' id='word_1_112' title='bbox 893 1451 966 1514; x_wconf 82' lang='grc' dir='ltr'><strong>εἶναι</strong></span> <span class='ocrx_word' id='word_1_113' title='bbox 989 1449 1073 1536; x_wconf 88' lang='grc' dir='ltr'><strong>ἔχον,</strong></span> <span class='ocrx_word' id='word_1_114' title='bbox 1100 1452 1149 1514; x_wconf 83' lang='grc' dir='ltr'><strong>καλ</strong></span> <span class='ocrx_word' id='word_1_115' title='bbox 1177 1451 1223 1515; x_wconf 82' lang='grc' dir='ltr'><strong>διὰ</strong></span> <span class='ocrx_word' id='word_1_116' title='bbox 1250 1456 1333 1515; x_wconf 84' lang='grc' dir='ltr'><strong>τοῦτο</strong></span> <span class='ocrx_word' id='word_1_117' title='bbox 1356 1455 1514 1515; x_wconf 82' lang='grc' dir='ltr'><strong>κοινωνοῦν</strong></span> <span class='ocrx_word' id='word_1_118' title='bbox 1528 1468 1557 1510; x_wconf 78' lang='grc' dir='ltr'><strong>ευ</strong></span> 
     </span>
     <span class='ocr_line' id='line_1_12' title="bbox 260 1554 1123 1639; baseline -0.002 -19"><span class='ocrx_word' id='word_1_119' title='bbox 260 1581 323 1626; x_wconf 90' lang='grc' dir='ltr'><strong>πως</strong></span> <span class='ocrx_word' id='word_1_120' title='bbox 344 1557 442 1625; x_wconf 85' lang='grc' dir='ltr'><strong>αὐτοῖς</strong></span> <span class='ocrx_word' id='word_1_121' title='bbox 463 1560 521 1619; x_wconf 92' lang='grc' dir='ltr'><strong>τῶν</strong></span> <span class='ocrx_word' id='word_1_122' title='bbox 543 1556 586 1623; x_wconf 82' lang='grc' dir='ltr'><strong>εἰς</strong></span> <span class='ocrx_word' id='word_1_123' title='bbox 608 1554 678 1618; x_wconf 80' lang='grc' dir='ltr'><strong>αὐτὸ</strong></span> <span class='ocrx_word' id='word_1_124' title='bbox 700 1554 857 1638; x_wconf 86' lang='grc' dir='ltr'><strong>γινομένων</strong></span> <span class='ocrx_word' id='word_1_125' title='bbox 880 1555 1123 1639; x_wconf 85' lang='grc' dir='ltr'><strong>προηγουμένως;</strong></span> 
     </span>
    </p>

    <p class='ocr_par' dir='ltr' id='par_1_6' title="bbox 260 1673 1568 1968">
     <span class='ocr_line' id='line_1_13' title="bbox 345 1673 1514 1760; baseline 0.001 -22"><span class='ocrx_word' id='word_1_126' title='bbox 345 1675 437 1758; x_wconf 79' lang='grc' dir='ltr'><strong>Κάγὼ</strong></span> <span class='ocrx_word' id='word_1_127' title='bbox 459 1676 530 1758; x_wconf 90' lang='grc' dir='ltr'><strong>πρδς</strong></span> <span class='ocrx_word' id='word_1_128' title='bbox 553 1673 653 1736; x_wconf 84' lang='grc' dir='ltr'><strong>αὐτόν·</strong></span> <span class='ocrx_word' id='word_1_129' title='bbox 685 1675 773 1756; x_wconf 76' lang='grc' dir='ltr'><strong>δῆλον</strong></span> <span class='ocrx_word' id='word_1_130' title='bbox 795 1674 904 1750; x_wconf 84' lang='grc' dir='ltr'><strong>τοίνυν,</strong></span> <span class='ocrx_word' id='word_1_131' title='bbox 932 1673 1028 1749; x_wconf 78' lang='grc' dir='ltr'><strong>εἶπον,</strong></span> <span class='ocrx_word' id='word_1_132' title='bbox 1055 1675 1089 1737; x_wconf 91' lang='grc' dir='ltr'><strong>ἐκ</strong></span> <span class='ocrx_word' id='word_1_133' title='bbox 1111 1679 1168 1736; x_wconf 91' lang='grc' dir='ltr'><strong>τῶν</strong></span> <span class='ocrx_word' id='word_1_134' title='bbox 1192 1676 1441 1760; x_wconf 82' lang='grc' dir='ltr'><strong>ὡμολογημένων,</strong></span> <span class='ocrx_word' id='word_1_135' title='bbox 1469 1675 1514 1739; x_wconf 81' lang='grc' dir='ltr'><strong>ότι</strong></span> 
     </span>
     <span class='ocr_line' id='line_1_14' title="bbox 260 1776 1556 1862; baseline -0.002 -21"><span class='ocrx_word' id='word_1_136' title='bbox 260 1778 328 1841; x_wconf 80' lang='grc' dir='ltr'><strong>καθ’</strong></span> <span class='ocrx_word' id='word_1_137' title='bbox 362 1779 394 1841; x_wconf 86' lang='grc' dir='ltr'><strong>δν</strong></span> <span class='ocrx_word' id='word_1_138' title='bbox 423 1777 457 1841; x_wconf 89' lang='grc' dir='ltr'><strong>άν</strong></span> <span class='ocrx_word' id='word_1_139' title='bbox 487 1802 529 1846; x_wconf 90' lang='grc' dir='ltr'><strong>τις</strong></span> <span class='ocrx_word' id='word_1_140' title='bbox 554 1781 612 1839; x_wconf 91' lang='grc' dir='ltr'><strong>τῶν</strong></span> <span class='ocrx_word' id='word_1_141' title='bbox 639 1776 756 1858; x_wconf 81' lang='grc' dir='ltr'><strong>ὕστερον</strong></span> <span class='ocrx_word' id='word_1_142' title='bbox 788 1777 936 1860; x_wconf 79' lang='grc' dir='ltr'><strong>ῥηθέντων</strong></span> <span class='ocrx_word' id='word_1_143' title='bbox 966 1777 1072 1860; x_wconf 82' lang='grc' dir='ltr'><strong>τρόπον</strong></span> <span class='ocrx_word' id='word_1_144' title='bbox 1099 1778 1151 1861; x_wconf 77' lang='grc' dir='ltr'><strong>τὴν</strong></span> <span class='ocrx_word' id='word_1_145' title='bbox 1183 1778 1319 1862; x_wconf 85' lang='grc' dir='ltr'><strong>πρόνοιαν</strong></span> <span class='ocrx_word' id='word_1_146' title='bbox 1348 1780 1478 1862; x_wconf 89' lang='grc' dir='ltr'><strong>γίνεσθαι</strong></span> <span class='ocrx_word' id='word_1_147' title='bbox 1509 1782 1556 1859; x_wconf 69' lang='grc' dir='ltr'><strong>ξας</strong></span> 
     </span>
     <span class='ocr_line' id='line_1_15' title="bbox 260 1877 1568 1968; baseline 0.003 -23"><span class='ocrx_word' id='word_1_148' title='bbox 260 1882 341 1966; x_wconf 85' lang='grc' dir='ltr'><strong>λε’γη,</strong></span> <span class='ocrx_word' id='word_1_149' title='bbox 365 1881 431 1944; x_wconf 80' lang='grc' dir='ltr'><strong>οὔτε</strong></span> <span class='ocrx_word' id='word_1_150' title='bbox 446 1881 672 1966; x_wconf 86' lang='grc' dir='ltr'><strong>προηγουμένως</strong></span> <span class='ocrx_word' id='word_1_151' title='bbox 694 1877 761 1942; x_wconf 83' lang='grc' dir='ltr'><strong>οὔτε</strong></span> <span class='ocrx_word' id='word_1_152' title='bbox 783 1880 857 1942; x_wconf 84' lang='grc' dir='ltr'><strong>κατὰ</strong></span> <span class='ocrx_word' id='word_1_153' title='bbox 879 1881 1061 1966; x_wconf 84' lang='grc' dir='ltr'><strong>συμβεβηκὸς</strong></span> <span class='ocrx_word' id='word_1_154' title='bbox 1083 1879 1117 1942; x_wconf 79' lang='grc' dir='ltr'><strong>ἂν</strong></span> <span class='ocrx_word' id='word_1_155' title='bbox 1140 1879 1231 1965; x_wconf 76' lang='grc' dir='ltr'><strong>αὐτὴν</strong></span> <span class='ocrx_word' id='word_1_156' title='bbox 1253 1883 1383 1964; x_wconf 82' lang='grc' dir='ltr'><strong>γίνεσθαι</strong></span> <span class='ocrx_word' id='word_1_157' title='bbox 1405 1884 1494 1968; x_wconf 88' lang='grc' dir='ltr'><strong>λέγοι.</strong></span> <span class='ocrx_word' id='word_1_158' title='bbox 1519 1893 1568 1950; x_wconf 81' lang='grc'><strong>128</strong></span> 
     </span>
    </p>

    <p class='ocr_par' dir='ltr' id='par_1_7' title="bbox 210 1998 700 2085">
     <span class='ocr_line' id='line_1_16' title="bbox 210 1998 700 2085; baseline -0.008 -21"><span class='ocrx_word' id='word_1_159' title='bbox 210 2023 241 2071; x_wconf 78' lang='lat'><strong>15</strong></span> <span class='ocrx_word' id='word_1_160' title='bbox 345 2002 439 2085; x_wconf 79' lang='grc' dir='ltr'><strong>Δῆλον</strong></span> <span class='ocrx_word' id='word_1_161' title='bbox 462 2001 515 2083; x_wconf 86' lang='grc' dir='ltr'><strong>γάρ</strong></span> <span class='ocrx_word' id='word_1_162' title='bbox 538 1998 588 2063; x_wconf 86' lang='grc' dir='ltr'><strong>οόν</strong></span> <span class='ocrx_word' id='word_1_163' title='bbox 611 1998 700 2061; x_wconf 76' lang='grc' dir='ltr'><strong>εἶπεν.</strong></span> 
     </span>
    </p>

    <p class='ocr_par' dir='ltr' id='par_1_8' title="bbox 256 2116 1555 2515">
     <span class='ocr_line' id='line_1_17' title="bbox 343 2116 1554 2209; baseline -0.001 -26"><span class='ocrx_word' id='word_1_164' title='bbox 343 2120 435 2185; x_wconf 80' lang='grc' dir='ltr'><strong>Ἀλλά</strong></span> <span class='ocrx_word' id='word_1_165' title='bbox 458 2122 530 2203; x_wconf 80' lang='grc' dir='ltr'><strong>μήν,</strong></span> <span class='ocrx_word' id='word_1_166' title='bbox 558 2116 646 2203; x_wconf 89' lang='grc' dir='ltr'><strong>ἔφην,</strong></span> <span class='ocrx_word' id='word_1_167' title='bbox 673 2118 775 2181; x_wconf 81' lang='grc' dir='ltr'><strong>τούτου</strong></span> <span class='ocrx_word' id='word_1_168' title='bbox 797 2119 888 2201; x_wconf 81' lang='grc' dir='ltr'><strong>δήλου</strong></span> <span class='ocrx_word' id='word_1_169' title='bbox 910 2118 1060 2201; x_wconf 81' lang='grc' dir='ltr'><strong>γεγονότος</strong></span> <span class='ocrx_word' id='word_1_170' title='bbox 1082 2123 1184 2203; x_wconf 76' lang='grc' dir='ltr'><strong>δῆλον,</strong></span> <span class='ocrx_word' id='word_1_171' title='bbox 1212 2125 1253 2192; x_wconf 91' lang='grc' dir='ltr'><strong>ῶς</strong></span> <span class='ocrx_word' id='word_1_172' title='bbox 1275 2122 1342 2186; x_wconf 81' lang='grc' dir='ltr'><strong>οὔτε</strong></span> <span class='ocrx_word' id='word_1_173' title='bbox 1364 2148 1383 2207; x_wconf 94' lang='grc' dir='ltr'><strong>η</strong></span> <span class='ocrx_word' id='word_1_174' title='bbox 1406 2127 1510 2209; x_wconf 86' lang='grc' dir='ltr'><strong>πρώτη</strong></span> <span class='ocrx_word' id='word_1_175' title='bbox 1538 2141 1554 2182; x_wconf 80' lang='grc' dir='ltr'><strong>ε</strong></span> 
     </span>
     <span class='ocr_line' id='line_1_18' title="bbox 258 2221 1511 2307; baseline 0.002 -19"><span class='ocrx_word' id='word_1_176' title='bbox 258 2227 299 2293; x_wconf 87' lang='grc' dir='ltr'><strong>εἰς</strong></span> <span class='ocrx_word' id='word_1_177' title='bbox 321 2225 357 2307; x_wconf 80' lang='grc' dir='ltr'><strong>ἢν</strong></span> <span class='ocrx_word' id='word_1_178' title='bbox 380 2221 453 2307; x_wconf 89' lang='grc' dir='ltr'><strong>ἔφης</strong></span> <span class='ocrx_word' id='word_1_179' title='bbox 476 2223 587 2305; x_wconf 81' lang='grc' dir='ltr'><strong>ἐρωτᾶν</strong></span> <span class='ocrx_word' id='word_1_180' title='bbox 606 2246 693 2297; x_wconf 88' lang='grc' dir='ltr'><strong>τινας,</strong></span> <span class='ocrx_word' id='word_1_181' title='bbox 717 2222 898 2306; x_wconf 85' lang='grc' dir='ltr'><strong>ἀποκρίσεως</strong></span> <span class='ocrx_word' id='word_1_182' title='bbox 920 2222 994 2295; x_wconf 78' lang='grc' dir='ltr'><strong>ἀξία,</strong></span> <span class='ocrx_word' id='word_1_183' title='bbox 1018 2221 1086 2285; x_wconf 84' lang='grc' dir='ltr'><strong>οὔθ’</strong></span> <span class='ocrx_word' id='word_1_184' title='bbox 1108 2226 1123 2287; x_wconf 91' lang='grc' dir='ltr'><strong>ό</strong></span> <span class='ocrx_word' id='word_1_185' title='bbox 1147 2226 1221 2288; x_wconf 90' lang='grc' dir='ltr'><strong>κατά</strong></span> <span class='ocrx_word' id='word_1_186' title='bbox 1243 2250 1305 2289; x_wconf 90' lang='grc' dir='ltr'><strong>τινα</strong></span> <span class='ocrx_word' id='word_1_187' title='bbox 1319 2228 1429 2290; x_wconf 90' lang='grc' dir='ltr'><strong>τοότων</strong></span> <span class='ocrx_word' id='word_1_188' title='bbox 1451 2236 1511 2291; x_wconf 89' lang='grc' dir='ltr'><strong>τῶν</strong></span> 
     </span>
     <span class='ocr_line' id='line_1_19' title="bbox 256 2325 1510 2412; baseline 0.001 -21"><span class='ocrx_word' id='word_1_189' title='bbox 256 2328 372 2412; x_wconf 86' lang='grc' dir='ltr'><strong>τρόπων</strong></span> <span class='ocrx_word' id='word_1_190' title='bbox 396 2328 446 2409; x_wconf 74' lang='grc' dir='ltr'><strong>τἠν</strong></span> <span class='ocrx_word' id='word_1_191' title='bbox 463 2325 598 2409; x_wconf 90' lang='grc' dir='ltr'><strong>πρόνοιαν</strong></span> <span class='ocrx_word' id='word_1_192' title='bbox 620 2326 750 2406; x_wconf 87' lang='grc' dir='ltr'><strong>γίνεσθαι</strong></span> <span class='ocrx_word' id='word_1_193' title='bbox 774 2325 866 2407; x_wconf 90' lang='grc' dir='ltr'><strong>λέγων</strong></span> <span class='ocrx_word' id='word_1_194' title='bbox 882 2326 997 2410; x_wconf 81' lang='grc' dir='ltr'><strong>ἀναιρεῖ</strong></span> <span class='ocrx_word' id='word_1_195' title='bbox 1015 2326 1068 2410; x_wconf 83' lang='grc' dir='ltr'><strong>τὴν</strong></span> <span class='ocrx_word' id='word_1_196' title='bbox 1090 2325 1235 2409; x_wconf 85' lang='grc' dir='ltr'><strong>πρόνοιαν,</strong></span> <span class='ocrx_word' id='word_1_197' title='bbox 1260 2332 1300 2399; x_wconf 88' lang='grc' dir='ltr'><strong>ῶς</strong></span> <span class='ocrx_word' id='word_1_198' title='bbox 1321 2332 1403 2394; x_wconf 88' lang='grc' dir='ltr'><strong>δοκεῖ</strong></span> <span class='ocrx_word' id='word_1_199' title='bbox 1417 2336 1510 2394; x_wconf 84' lang='grc' dir='ltr'><strong>ποιεῖν</strong></span> 
     </span>
     <span class='ocr_line' id='line_1_20' title="bbox 256 2428 1555 2515; baseline 0 -21"><span class='ocrx_word' id='word_1_200' title='bbox 256 2433 271 2494; x_wconf 83' lang='grc' dir='ltr'><strong>ό</strong></span> <span class='ocrx_word' id='word_1_201' title='bbox 295 2431 368 2494; x_wconf 84' lang='grc' dir='ltr'><strong>κατὰ</strong></span> <span class='ocrx_word' id='word_1_202' title='bbox 391 2430 578 2513; x_wconf 85' lang='grc' dir='ltr'><strong>συμβεβηκὸς</strong></span> <span class='ocrx_word' id='word_1_203' title='bbox 599 2428 689 2512; x_wconf 77' lang='grc' dir='ltr'><strong>αὐτὴν</strong></span> <span class='ocrx_word' id='word_1_204' title='bbox 712 2429 843 2510; x_wconf 91' lang='grc' dir='ltr'><strong>γίνεσθαι</strong></span> <span class='ocrx_word' id='word_1_205' title='bbox 865 2429 969 2510; x_wconf 84' lang='grc' dir='ltr'><strong>λέγων.</strong></span> <span class='ocrx_word' id='word_1_206' title='bbox 1007 2430 1039 2492; x_wconf 90' lang='grc' dir='ltr'><strong>τδ</strong></span> <span class='ocrx_word' id='word_1_207' title='bbox 1062 2429 1116 2515; x_wconf 81' lang='grc' dir='ltr'><strong>γάρ</strong></span> <span class='ocrx_word' id='word_1_208' title='bbox 1139 2431 1301 2515; x_wconf 81' lang='grc' dir='ltr'><strong>ἀφεμένους</strong></span> <span class='ocrx_word' id='word_1_209' title='bbox 1324 2434 1432 2497; x_wconf 91' lang='grc' dir='ltr'><strong>τοότων</strong></span> <span class='ocrx_word' id='word_1_210' title='bbox 1455 2438 1508 2499; x_wconf 84' lang='grc' dir='ltr'><strong>τινὶ</strong></span> <span class='ocrx_word' id='word_1_211' title='bbox 1526 2453 1555 2495; x_wconf 86' lang='grc' dir='ltr'><strong>ιο</strong></span> 
     </span>
    </p>

    <p class='ocr_par' dir='ltr' id='par_1_9' title="bbox 204 2531 1557 3037">
     <span class='ocr_line' id='line_1_21' title="bbox 204 2531 1509 2623; baseline 0.002 -26"><span class='ocrx_word' id='word_1_212' title='bbox 204 2557 237 2602; x_wconf 75' lang='lat'><strong>20</strong></span> <span class='ocrx_word' id='word_1_213' title='bbox 255 2541 313 2597; x_wconf 90' lang='grc' dir='ltr'><strong>τῶν</strong></span> <span class='ocrx_word' id='word_1_214' title='bbox 336 2533 450 2617; x_wconf 86' lang='grc' dir='ltr'><strong>τρόπων</strong></span> <span class='ocrx_word' id='word_1_215' title='bbox 475 2531 640 2621; x_wconf 85' lang='grc' dir='ltr'><strong>ἀνατιθέναι</strong></span> <span class='ocrx_word' id='word_1_216' title='bbox 668 2533 720 2614; x_wconf 79' lang='grc' dir='ltr'><strong>τὴν</strong></span> <span class='ocrx_word' id='word_1_217' title='bbox 744 2533 777 2594; x_wconf 86' lang='grc' dir='ltr'><strong>ἐκ</strong></span> <span class='ocrx_word' id='word_1_218' title='bbox 799 2539 857 2594; x_wconf 91' lang='grc' dir='ltr'><strong>τῶν</strong></span> <span class='ocrx_word' id='word_1_219' title='bbox 881 2532 969 2595; x_wconf 92' lang='grc' dir='ltr'><strong>θείων</strong></span> <span class='ocrx_word' id='word_1_220' title='bbox 997 2538 1054 2595; x_wconf 91' lang='grc' dir='ltr'><strong>τῶν</strong></span> <span class='ocrx_word' id='word_1_221' title='bbox 1077 2533 1108 2596; x_wconf 91' lang='grc' dir='ltr'><strong>ἐν</strong></span> <span class='ocrx_word' id='word_1_222' title='bbox 1130 2535 1241 2616; x_wconf 84' lang='grc' dir='ltr'><strong>γενέσει</strong></span> <span class='ocrx_word' id='word_1_223' title='bbox 1268 2560 1300 2599; x_wconf 91' lang='grc' dir='ltr'><strong>τε</strong></span> <span class='ocrx_word' id='word_1_224' title='bbox 1322 2539 1370 2600; x_wconf 83' lang='grc' dir='ltr'><strong>κοιλ</strong></span> <span class='ocrx_word' id='word_1_225' title='bbox 1392 2539 1509 2623; x_wconf 84' lang='grc' dir='ltr'><strong>θνητῶν</strong></span> 
     </span>
     <span class='ocr_line' id='line_1_22' title="bbox 255 2634 1509 2721; baseline 0.002 -21"><span class='ocrx_word' id='word_1_226' title='bbox 255 2637 389 2721; x_wconf 86' lang='grc' dir='ltr'><strong>πρόνοιαν</strong></span> <span class='ocrx_word' id='word_1_227' title='bbox 413 2635 478 2704; x_wconf 86' lang='grc' dir='ltr'><strong>τοὺς</strong></span> <span class='ocrx_word' id='word_1_228' title='bbox 500 2635 587 2703; x_wconf 84' lang='grc' dir='ltr'><strong>θεοὺς</strong></span> <span class='ocrx_word' id='word_1_229' title='bbox 608 2634 700 2716; x_wconf 83' lang='grc' dir='ltr'><strong>λέγειν</strong></span> <span class='ocrx_word' id='word_1_230' title='bbox 724 2635 771 2697; x_wconf 78' lang='grc' dir='ltr'><strong>διὰ</strong></span> <span class='ocrx_word' id='word_1_231' title='bbox 798 2636 850 2717; x_wconf 77' lang='grc' dir='ltr'><strong>τἠν</strong></span> <span class='ocrx_word' id='word_1_232' title='bbox 873 2639 931 2697; x_wconf 91' lang='grc' dir='ltr'><strong>τῶν</strong></span> <span class='ocrx_word' id='word_1_233' title='bbox 954 2636 1070 2720; x_wconf 85' lang='grc' dir='ltr'><strong>θνητῶν</strong></span> <span class='ocrx_word' id='word_1_234' title='bbox 1098 2639 1242 2721; x_wconf 87' lang='grc' dir='ltr'><strong>σωτηρίαν</strong></span> <span class='ocrx_word' id='word_1_235' title='bbox 1264 2639 1316 2708; x_wconf 85' lang='grc' dir='ltr'><strong>τάς</strong></span> <span class='ocrx_word' id='word_1_236' title='bbox 1337 2641 1443 2712; x_wconf 84' lang='grc' dir='ltr'><strong>οἰκείας</strong></span> <span class='ocrx_word' id='word_1_237' title='bbox 1467 2643 1509 2705; x_wconf 83' lang='grc' dir='ltr'><strong>ἐν·</strong></span> 
     </span>
     <span class='ocr_line' id='line_1_23' title="bbox 254 2737 1557 2829; baseline 0.002 -26"><span class='ocrx_word' id='word_1_238' title='bbox 254 2742 365 2825; x_wconf 90' lang='grc' dir='ltr'><strong>εργείας</strong></span> <span class='ocrx_word' id='word_1_239' title='bbox 387 2740 510 2823; x_wconf 82' lang='grc' dir='ltr'><strong>ἐνεργεῖν</strong></span> <span class='ocrx_word' id='word_1_240' title='bbox 533 2742 682 2807; x_wconf 85' lang='grc' dir='ltr'><strong>παντελῶς</strong></span> <span class='ocrx_word' id='word_1_241' title='bbox 705 2737 854 2822; x_wconf 81' lang='grc' dir='ltr'><strong>ἀλλότριον</strong></span> <span class='ocrx_word' id='word_1_242' title='bbox 875 2738 962 2801; x_wconf 89' lang='grc' dir='ltr'><strong>θεῶν.</strong></span> <span class='ocrx_word' id='word_1_243' title='bbox 1003 2743 1203 2825; x_wconf 79' lang='grc' dir='ltr'><strong>παραπλήσιον</strong></span> <span class='ocrx_word' id='word_1_244' title='bbox 1225 2742 1279 2826; x_wconf 78' lang='grc' dir='ltr'><strong>γὰρ</strong></span> <span class='ocrx_word' id='word_1_245' title='bbox 1302 2749 1386 2808; x_wconf 84' lang='grc' dir='ltr'><strong>τοῦτο</strong></span> <span class='ocrx_word' id='word_1_246' title='bbox 1408 2751 1450 2829; x_wconf 80' lang='grc' dir='ltr'><strong>τῷ</strong></span> <span class='ocrx_word' id='word_1_247' title='bbox 1466 2747 1512 2810; x_wconf 86' lang='grc' dir='ltr'><strong>λέ·</strong></span> <span class='ocrx_word' id='word_1_248' title='bbox 1527 2763 1557 2806; x_wconf 74' lang='grc' dir='ltr'><strong>ιε</strong></span> 
     </span>
     <span class='ocr_line' id='line_1_24' title="bbox 254 2840 1511 2931; baseline 0.006 -26"><span class='ocrx_word' id='word_1_249' title='bbox 254 2867 331 2925; x_wconf 89' lang='grc' dir='ltr'><strong>γοντι</strong></span> <span class='ocrx_word' id='word_1_250' title='bbox 353 2844 420 2911; x_wconf 80' lang='grc' dir='ltr'><strong>τοὺς</strong></span> <span class='ocrx_word' id='word_1_251' title='bbox 442 2840 615 2923; x_wconf 89' lang='grc' dir='ltr'><strong>ἐλευθέρους</strong></span> <span class='ocrx_word' id='word_1_252' title='bbox 636 2842 683 2902; x_wconf 82' lang='grc' dir='ltr'><strong>καλ</strong></span> <span class='ocrx_word' id='word_1_253' title='bbox 706 2841 774 2909; x_wconf 80' lang='grc' dir='ltr'><strong>τοὺς</strong></span> <span class='ocrx_word' id='word_1_254' title='bbox 796 2840 937 2910; x_wconf 85' lang='grc' dir='ltr'><strong>δεσπότας</strong></span> <span class='ocrx_word' id='word_1_255' title='bbox 959 2847 1017 2904; x_wconf 91' lang='grc' dir='ltr'><strong>τῶν</strong></span> <span class='ocrx_word' id='word_1_256' title='bbox 1040 2844 1162 2906; x_wconf 80' lang='grc' dir='ltr'><strong>οἰκετῶν</strong></span> <span class='ocrx_word' id='word_1_257' title='bbox 1185 2845 1258 2909; x_wconf 79' lang='grc' dir='ltr'><strong>εἶναι</strong></span> <span class='ocrx_word' id='word_1_258' title='bbox 1280 2849 1365 2931; x_wconf 87' lang='grc' dir='ltr'><strong>χάριν</strong></span> <span class='ocrx_word' id='word_1_259' title='bbox 1388 2851 1435 2912; x_wconf 75' lang='grc' dir='ltr'><strong>καὶ</strong></span> <span class='ocrx_word' id='word_1_260' title='bbox 1459 2849 1511 2920; x_wconf 78' lang='grc' dir='ltr'><strong>τὰς</strong></span> 
     </span>
     <span class='ocr_line' id='line_1_25' title="bbox 256 2944 1509 3037; baseline 0.006 -28"><span class='ocrx_word' id='word_1_261' title='bbox 256 2949 362 3015; x_wconf 83' lang='grc' dir='ltr'><strong>οἰκείας</strong></span> <span class='ocrx_word' id='word_1_262' title='bbox 377 2946 521 3028; x_wconf 78' lang='grc' dir='ltr'><strong>ἐνεργείας</strong></span> <span class='ocrx_word' id='word_1_263' title='bbox 543 2944 630 3007; x_wconf 80' lang='grc' dir='ltr'><strong>ἕνεκα</strong></span> <span class='ocrx_word' id='word_1_264' title='bbox 652 2949 703 3027; x_wconf 76' lang='grc' dir='ltr'><strong>τῆς</strong></span> <span class='ocrx_word' id='word_1_265' title='bbox 720 2944 836 3007; x_wconf 86' lang='grc' dir='ltr'><strong>ἐκείνων</strong></span> <span class='ocrx_word' id='word_1_266' title='bbox 860 2949 1005 3029; x_wconf 88' lang='grc' dir='ltr'><strong>σωτηρίας</strong></span> <span class='ocrx_word' id='word_1_267' title='bbox 1027 2968 1058 3008; x_wconf 91' lang='grc' dir='ltr'><strong>τε</strong></span> <span class='ocrx_word' id='word_1_268' title='bbox 1081 2947 1128 3009; x_wconf 85' lang='grc' dir='ltr'><strong>καὶ</strong></span> <span class='ocrx_word' id='word_1_269' title='bbox 1144 2947 1253 3017; x_wconf 75' lang='grc' dir='ltr'><strong>τάξεως</strong></span> <span class='ocrx_word' id='word_1_270' title='bbox 1268 2947 1405 3034; x_wconf 85' lang='grc' dir='ltr'><strong>ἐνεργεῖν,</strong></span> <span class='ocrx_word' id='word_1_271' title='bbox 1427 2952 1509 3037; x_wconf 85' lang='grc' dir='ltr'><strong>εἴπερ</strong></span> 
     </span>
    </p>

    <p class='ocr_par' dir='ltr' id='par_1_10' title="bbox 203 3046 1557 3443">
     <span class='ocr_line' id='line_1_26' title="bbox 203 3046 1511 3137; baseline 0.005 -23"><span class='ocrx_word' id='word_1_272' title='bbox 203 3072 236 3119; x_wconf 77' lang='lat'><strong>‘25</strong></span> <span class='ocrx_word' id='word_1_273' title='bbox 257 3049 394 3114; x_wconf 82' lang='grc' dir='ltr'><strong>δεσπόται</strong></span> <span class='ocrx_word' id='word_1_274' title='bbox 417 3054 474 3111; x_wconf 89' lang='grc' dir='ltr'><strong>τῶν</strong></span> <span class='ocrx_word' id='word_1_275' title='bbox 491 3046 587 3110; x_wconf 89' lang='grc' dir='ltr'><strong>άλλων</strong></span> <span class='ocrx_word' id='word_1_276' title='bbox 611 3048 725 3109; x_wconf 90' lang='grc' dir='ltr'><strong>πάντων</strong></span> <span class='ocrx_word' id='word_1_277' title='bbox 746 3049 773 3110; x_wconf 88' lang='grc' dir='ltr'><strong>οἱ</strong></span> <span class='ocrx_word' id='word_1_278' title='bbox 790 3048 862 3110; x_wconf 89' lang='grc' dir='ltr'><strong>θεοί.</strong></span> <span class='ocrx_word' id='word_1_279' title='bbox 898 3049 924 3110; x_wconf 79' lang='grc' dir='ltr'><strong>εἰ</strong></span> <span class='ocrx_word' id='word_1_280' title='bbox 946 3048 1000 3131; x_wconf 88' lang='grc' dir='ltr'><strong>γάρ</strong></span> <span class='ocrx_word' id='word_1_281' title='bbox 1023 3050 1053 3112; x_wconf 88' lang='grc' dir='ltr'><strong>ἐν</strong></span> <span class='ocrx_word' id='word_1_282' title='bbox 1069 3054 1138 3115; x_wconf 84' lang='grc' dir='ltr'><strong>πᾶσι</strong></span> <span class='ocrx_word' id='word_1_283' title='bbox 1162 3055 1331 3137; x_wconf 78' lang='grc' dir='ltr'><strong>τιμιώτερον</strong></span> <span class='ocrx_word' id='word_1_284' title='bbox 1353 3059 1404 3117; x_wconf 83' lang='grc' dir='ltr'><strong>τοῦ</strong></span> <span class='ocrx_word' id='word_1_285' title='bbox 1418 3055 1511 3120; x_wconf 76' lang='grc' dir='ltr'><strong>ἄλλου</strong></span> 
     </span>
     <span class='ocr_line' id='line_1_27' title="bbox 257 3149 1557 3244; baseline 0.002 -28"><span class='ocrx_word' id='word_1_286' title='bbox 257 3157 341 3239; x_wconf 84' lang='grc' dir='ltr'><strong>χάριν</strong></span> <span class='ocrx_word' id='word_1_287' title='bbox 365 3151 445 3220; x_wconf 77' lang='grc' dir='ltr'><strong>ὄντος</strong></span> <span class='ocrx_word' id='word_1_288' title='bbox 468 3152 501 3213; x_wconf 91' lang='grc' dir='ltr'><strong>τδ</strong></span> <span class='ocrx_word' id='word_1_289' title='bbox 525 3149 558 3212; x_wconf 83' lang='grc' dir='ltr'><strong>οὖ</strong></span> <span class='ocrx_word' id='word_1_290' title='bbox 581 3152 667 3234; x_wconf 83' lang='grc' dir='ltr'><strong>χάριν</strong></span> <span class='ocrx_word' id='word_1_291' title='bbox 690 3150 766 3213; x_wconf 91' lang='grc' dir='ltr'><strong>ἐστίν</strong></span> <span class='ocrx_word' id='word_1_292' title='bbox 788 3173 824 3224; x_wconf 93' lang='grc' dir='ltr'><strong>τι,</strong></span> <span class='ocrx_word' id='word_1_293' title='bbox 848 3149 928 3233; x_wconf 84' lang='grc' dir='ltr'><strong>εἴγε</strong></span> <span class='ocrx_word' id='word_1_294' title='bbox 951 3155 1120 3237; x_wconf 83' lang='grc' dir='ltr'><strong>τιμιώτερον</strong></span> <span class='ocrx_word' id='word_1_295' title='bbox 1144 3155 1176 3217; x_wconf 83' lang='grc' dir='ltr'><strong>τὸ</strong></span> <span class='ocrx_word' id='word_1_296' title='bbox 1198 3155 1280 3225; x_wconf 88' lang='grc' dir='ltr'><strong>τέλος</strong></span> <span class='ocrx_word' id='word_1_297' title='bbox 1302 3161 1360 3219; x_wconf 90' lang='grc' dir='ltr'><strong>τῶν</strong></span> <span class='ocrx_word' id='word_1_298' title='bbox 1383 3161 1439 3244; x_wconf 85' lang='grc' dir='ltr'><strong>πρὸ</strong></span> <span class='ocrx_word' id='word_1_299' title='bbox 1461 3160 1511 3223; x_wconf 78' lang='grc' dir='ltr'><strong>αδ·</strong></span> <span class='ocrx_word' id='word_1_300' title='bbox 1526 3177 1557 3219; x_wconf 79' lang='grc' dir='ltr'><strong>ευ</strong></span> 
     </span>
     <span class='ocr_line' id='line_1_28' title="bbox 256 3253 1510 3344; baseline -0.005 -25"><span class='ocrx_word' id='word_1_301' title='bbox 256 3262 322 3323; x_wconf 77' lang='grc' dir='ltr'><strong>τοῦ,</strong></span> <span class='ocrx_word' id='word_1_302' title='bbox 350 3254 430 3318; x_wconf 88' lang='grc' dir='ltr'><strong>ἔσται</strong></span> <span class='ocrx_word' id='word_1_303' title='bbox 453 3254 527 3316; x_wconf 84' lang='grc' dir='ltr'><strong>κατὰ</strong></span> <span class='ocrx_word' id='word_1_304' title='bbox 549 3253 616 3320; x_wconf 81' lang='grc' dir='ltr'><strong>τοὺς</strong></span> <span class='ocrx_word' id='word_1_305' title='bbox 643 3253 719 3315; x_wconf 81' lang='grc' dir='ltr'><strong>οὕτω</strong></span> <span class='ocrx_word' id='word_1_306' title='bbox 747 3253 881 3335; x_wconf 86' lang='grc' dir='ltr'><strong>λέγοντας</strong></span> <span class='ocrx_word' id='word_1_307' title='bbox 904 3254 920 3315; x_wconf 85' lang='grc' dir='ltr'><strong>ό</strong></span> <span class='ocrx_word' id='word_1_308' title='bbox 944 3256 995 3337; x_wconf 85' lang='grc' dir='ltr'><strong>μὲν</strong></span> <span class='ocrx_word' id='word_1_309' title='bbox 1019 3255 1133 3340; x_wconf 83' lang='grc' dir='ltr'><strong>οἰκέτης</strong></span> <span class='ocrx_word' id='word_1_310' title='bbox 1158 3280 1189 3320; x_wconf 87' lang='grc' dir='ltr'><strong>τε</strong></span> <span class='ocrx_word' id='word_1_311' title='bbox 1215 3260 1263 3322; x_wconf 80' lang='grc' dir='ltr'><strong>καὶ</strong></span> <span class='ocrx_word' id='word_1_312' title='bbox 1286 3262 1389 3330; x_wconf 84' lang='grc' dir='ltr'><strong>δοῦλος</strong></span> <span class='ocrx_word' id='word_1_313' title='bbox 1410 3268 1510 3344; x_wconf 65' lang='grc' dir='ltr'><strong>τιμιώ.</strong></span> 
     </span>
     <span class='ocr_line' id='line_1_29' title="bbox 259 3357 1511 3443; baseline 0.006 -20"><span class='ocrx_word' id='word_1_314' title='bbox 259 3385 339 3443; x_wconf 80' lang='grc' dir='ltr'><strong>τερος</strong></span> <span class='ocrx_word' id='word_1_315' title='bbox 362 3363 412 3421; x_wconf 84' lang='grc' dir='ltr'><strong>τοδ</strong></span> <span class='ocrx_word' id='word_1_316' title='bbox 433 3357 585 3421; x_wconf 79' lang='grc' dir='ltr'><strong>δεσπότου,</strong></span> <span class='ocrx_word' id='word_1_317' title='bbox 608 3361 666 3418; x_wconf 88' lang='grc' dir='ltr'><strong>τῶν</strong></span> <span class='ocrx_word' id='word_1_318' title='bbox 690 3357 722 3418; x_wconf 83' lang='grc' dir='ltr'><strong>δὲ</strong></span> <span class='ocrx_word' id='word_1_319' title='bbox 745 3358 832 3419; x_wconf 90' lang='grc' dir='ltr'><strong>θείων</strong></span> <span class='ocrx_word' id='word_1_320' title='bbox 855 3358 890 3419; x_wconf 83' lang='grc' dir='ltr'><strong>τά</strong></span> <span class='ocrx_word' id='word_1_321' title='bbox 914 3359 1015 3441; x_wconf 90' lang='grc' dir='ltr'><strong>θνητά.</strong></span> <span class='ocrx_word' id='word_1_322' title='bbox 1050 3359 1143 3420; x_wconf 87' lang='grc' dir='ltr'><strong>καίτοι</strong></span> <span class='ocrx_word' id='word_1_323' title='bbox 1165 3383 1197 3441; x_wconf 90' lang='grc' dir='ltr'><strong>γε</strong></span> <span class='ocrx_word' id='word_1_324' title='bbox 1219 3361 1268 3424; x_wconf 81' lang='grc' dir='ltr'><strong>ἐπὶ</strong></span> <span class='ocrx_word' id='word_1_325' title='bbox 1291 3364 1343 3443; x_wconf 82' lang='grc' dir='ltr'><strong>μὲν</strong></span> <span class='ocrx_word' id='word_1_326' title='bbox 1365 3371 1424 3429; x_wconf 85' lang='grc' dir='ltr'><strong>τῶν</strong></span> <span class='ocrx_word' id='word_1_327' title='bbox 1447 3367 1511 3430; x_wconf 88' lang='grc' dir='ltr'><strong>δοό·</strong></span> 
     </span>
    </p>
   </div>
   <div class='ocr_carea' id='block_1_3' title="bbox 204 3456 1566 3960">
    <p class='ocr_par' dir='ltr' id='par_1_11' title="bbox 204 3456 1566 3960">
     <span class='ocr_line' id='line_1_30' title="bbox 256 3456 1555 3554; baseline 0.006 -29"><span class='ocrx_word' id='word_1_328' title='bbox 256 3467 314 3525; x_wconf 88' lang='grc' dir='ltr'><strong>λων</strong></span> <span class='ocrx_word' id='word_1_329' title='bbox 337 3463 384 3525; x_wconf 87' lang='grc' dir='ltr'><strong>καὶ</strong></span> <span class='ocrx_word' id='word_1_330' title='bbox 408 3466 465 3523; x_wconf 89' lang='grc' dir='ltr'><strong>τῶν</strong></span> <span class='ocrx_word' id='word_1_331' title='bbox 489 3462 637 3522; x_wconf 83' lang='grc' dir='ltr'><strong>δεσποτῶν</strong></span> <span class='ocrx_word' id='word_1_332' title='bbox 665 3456 741 3520; x_wconf 87' lang='grc' dir='ltr'><strong>ἔστιν</strong></span> <span class='ocrx_word' id='word_1_333' title='bbox 767 3460 858 3522; x_wconf 83' lang='grc' dir='ltr'><strong>εἰπεῖν</strong></span> <span class='ocrx_word' id='word_1_334' title='bbox 886 3461 1028 3522; x_wconf 82' lang='grc' dir='ltr'><strong>ἀντίδοσιν</strong></span> <span class='ocrx_word' id='word_1_335' title='bbox 1056 3461 1154 3529; x_wconf 85' lang='grc' dir='ltr'><strong>αὐτοῖς</strong></span> <span class='ocrx_word' id='word_1_336' title='bbox 1179 3487 1241 3526; x_wconf 88' lang='grc' dir='ltr'><strong>τινα</strong></span> <span class='ocrx_word' id='word_1_337' title='bbox 1269 3466 1414 3548; x_wconf 89' lang='grc' dir='ltr'><strong>γίγνεσθαι</strong></span> <span class='ocrx_word' id='word_1_338' title='bbox 1437 3471 1506 3554; x_wconf 86' lang='grc' dir='ltr'><strong>παρ’</strong></span> <span class='ocrx_word' id='word_1_339' title='bbox 1526 3488 1555 3530; x_wconf 63' lang='lat'><strong>5</strong></span> 
     </span>
     <span class='ocr_line' id='line_1_31' title="bbox 204 3562 1510 3650; baseline 0.008 -24"><span class='ocrx_word' id='word_1_340' title='bbox 204 3587 238 3633; x_wconf 84' lang='lat'><strong>30</strong></span> <span class='ocrx_word' id='word_1_341' title='bbox 258 3568 394 3649; x_wconf 72' lang='grc' dir='ltr'><strong>ἀλλήλων</strong></span> <span class='ocrx_word' id='word_1_342' title='bbox 423 3566 469 3626; x_wconf 84' lang='grc' dir='ltr'><strong>διὰ</strong></span> <span class='ocrx_word' id='word_1_343' title='bbox 496 3569 553 3624; x_wconf 89' lang='grc' dir='ltr'><strong>τῶν</strong></span> <span class='ocrx_word' id='word_1_344' title='bbox 582 3563 732 3644; x_wconf 89' lang='grc' dir='ltr'><strong>ἐνεργειῶν</strong></span> <span class='ocrx_word' id='word_1_345' title='bbox 761 3562 795 3630; x_wconf 83' lang='grc' dir='ltr'><strong>ἃς</strong></span> <span class='ocrx_word' id='word_1_346' title='bbox 822 3563 998 3646; x_wconf 82' lang='grc' dir='ltr'><strong>ἐνεργοῦσιν·</strong></span> <span class='ocrx_word' id='word_1_347' title='bbox 1030 3563 1082 3632; x_wconf 83' lang='grc' dir='ltr'><strong>τὰς</strong></span> <span class='ocrx_word' id='word_1_348' title='bbox 1109 3566 1160 3647; x_wconf 81' lang='grc' dir='ltr'><strong>μὲν</strong></span> <span class='ocrx_word' id='word_1_349' title='bbox 1187 3566 1243 3650; x_wconf 84' lang='grc' dir='ltr'><strong>γάρ</strong></span> <span class='ocrx_word' id='word_1_350' title='bbox 1269 3574 1328 3631; x_wconf 89' lang='grc' dir='ltr'><strong>τῶν</strong></span> <span class='ocrx_word' id='word_1_351' title='bbox 1359 3573 1510 3637; x_wconf 88' lang='grc' dir='ltr'><strong>δεσποτῶν</strong></span> 
     </span>
     <span class='ocr_line' id='line_1_32' title="bbox 256 3664 1566 3753; baseline 0.011 -24"><span class='ocrx_word' id='word_1_352' title='bbox 256 3671 399 3753; x_wconf 81' lang='grc' dir='ltr'><strong>ἐνεργείας</strong></span> <span class='ocrx_word' id='word_1_353' title='bbox 421 3673 473 3750; x_wconf 76' lang='grc' dir='ltr'><strong>της</strong></span> <span class='ocrx_word' id='word_1_354' title='bbox 497 3668 639 3748; x_wconf 84' lang='grc' dir='ltr'><strong>σωτηρίας</strong></span> <span class='ocrx_word' id='word_1_355' title='bbox 664 3664 667 3749; x_wconf 74' lang='lat' dir='ltr'>l</span> <span class='ocrx_word' id='word_1_356' title='bbox 692 3671 749 3728; x_wconf 88' lang='grc' dir='ltr'><strong>τῶν</strong></span> <span class='ocrx_word' id='word_1_357' title='bbox 772 3667 883 3728; x_wconf 84' lang='grc' dir='ltr'><strong>δούλων</strong></span> <span class='ocrx_word' id='word_1_358' title='bbox 905 3667 1034 3748; x_wconf 88' lang='grc' dir='ltr'><strong>γίνεσθαι</strong></span> <span class='ocrx_word' id='word_1_359' title='bbox 1057 3669 1154 3752; x_wconf 86' lang='grc' dir='ltr'><strong>χάριν,</strong></span> <span class='ocrx_word' id='word_1_360' title='bbox 1178 3674 1322 3734; x_wconf 87' lang='grc' dir='ltr'><strong>συντελεῖν</strong></span> <span class='ocrx_word' id='word_1_361' title='bbox 1343 3677 1429 3738; x_wconf 89' lang='grc' dir='ltr'><strong>πάλιν</strong></span> <span class='ocrx_word' id='word_1_362' title='bbox 1452 3679 1494 3747; x_wconf 79' lang='grc' dir='ltr'><strong>εἰς</strong></span> <span class='ocrx_word' id='word_1_363' title='bbox 1518 3686 1566 3743; x_wconf 76' lang='lat'><strong>12⁹</strong></span> 
     </span>
     <span class='ocr_line' id='line_1_33' title="bbox 255 3770 1511 3862; baseline 0.007 -27"><span class='ocrx_word' id='word_1_364' title='bbox 255 3776 307 3857; x_wconf 78' lang='grc' dir='ltr'><strong>τὴν</strong></span> <span class='ocrx_word' id='word_1_365' title='bbox 336 3779 393 3834; x_wconf 85' lang='grc' dir='ltr'><strong>τῶν</strong></span> <span class='ocrx_word' id='word_1_366' title='bbox 421 3773 568 3832; x_wconf 86' lang='grc' dir='ltr'><strong>δεσποτῶν</strong></span> <span class='ocrx_word' id='word_1_367' title='bbox 597 3771 750 3853; x_wconf 88' lang='grc' dir='ltr'><strong>σωτηρίαν.</strong></span> <span class='ocrx_word' id='word_1_368' title='bbox 795 3770 825 3831; x_wconf 86' lang='grc' dir='ltr'><strong>ἐν</strong></span> <span class='ocrx_word' id='word_1_369' title='bbox 852 3772 906 3854; x_wconf 84' lang='grc' dir='ltr'><strong>γάρ</strong></span> <span class='ocrx_word' id='word_1_370' title='bbox 934 3775 972 3852; x_wconf 77' lang='grc' dir='ltr'><strong>τγῙ</strong></span> <span class='ocrx_word' id='word_1_371' title='bbox 1000 3776 1058 3832; x_wconf 91' lang='grc' dir='ltr'><strong>τῶν</strong></span> <span class='ocrx_word' id='word_1_372' title='bbox 1081 3773 1192 3835; x_wconf 89' lang='grc' dir='ltr'><strong>δοόλων</strong></span> <span class='ocrx_word' id='word_1_373' title='bbox 1220 3774 1348 3860; x_wconf 78' lang='grc' dir='ltr'><strong>ἐνεργείᾳ</strong></span> <span class='ocrx_word' id='word_1_374' title='bbox 1376 3780 1511 3862; x_wconf 77' lang='grc' dir='ltr'><strong>τὴντῶν</strong></span> 
     </span>
     <span class='ocr_line' id='line_1_34' title="bbox 256 3871 1511 3960; baseline 0.008 -22"><span class='ocrx_word' id='word_1_375' title='bbox 256 3879 405 3938; x_wconf 82' lang='grc' dir='ltr'><strong>δεσποτῶν</strong></span> <span class='ocrx_word' id='word_1_376' title='bbox 429 3873 571 3956; x_wconf 86' lang='grc' dir='ltr'><strong>σωτηρίαν</strong></span> <span class='ocrx_word' id='word_1_377' title='bbox 595 3874 719 3941; x_wconf 83' lang='grc' dir='ltr'><strong>κεῖσθαι,</strong></span> <span class='ocrx_word' id='word_1_378' title='bbox 743 3875 784 3940; x_wconf 88' lang='grc' dir='ltr'><strong>ῶς</strong></span> <span class='ocrx_word' id='word_1_379' title='bbox 806 3871 879 3934; x_wconf 82' lang='grc' dir='ltr'><strong>εἶναι</strong></span> <span class='ocrx_word' id='word_1_380' title='bbox 902 3873 1038 3957; x_wconf 77' lang='grc' dir='ltr'><strong>ἑκάτερόν</strong></span> <span class='ocrx_word' id='word_1_381' title='bbox 1062 3899 1124 3944; x_wconf 92' lang='grc' dir='ltr'><strong>πως</strong></span> <span class='ocrx_word' id='word_1_382' title='bbox 1145 3876 1281 3960; x_wconf 83' lang='grc' dir='ltr'><strong>ἑκατέρου</strong></span> <span class='ocrx_word' id='word_1_383' title='bbox 1305 3881 1396 3958; x_wconf 89' lang='grc' dir='ltr'><strong>τέλος,</strong></span> <span class='ocrx_word' id='word_1_384' title='bbox 1420 3885 1453 3946; x_wconf 86' lang='grc' dir='ltr'><strong>τὸ</strong></span> <span class='ocrx_word' id='word_1_385' title='bbox 1475 3887 1511 3948; x_wconf 87' lang='grc' dir='ltr'><strong>δὲ</strong></span> 
     </span>
    </p>
   </div>
   <div class='ocr_carea' id='block_1_4' title="bbox 203 3976 1555 4266">
    <p class='ocr_par' dir='ltr' id='par_1_12' title="bbox 203 3976 1555 4266">
     <span class='ocr_line' id='line_1_35' title="bbox 255 3976 1555 4066; baseline 0.002 -26"><span class='ocrx_word' id='word_1_386' title='bbox 255 3981 307 4062; x_wconf 79' lang='grc' dir='ltr'><strong>τὴν</strong></span> <span class='ocrx_word' id='word_1_387' title='bbox 330 3984 388 4041; x_wconf 86' lang='grc' dir='ltr'><strong>τῶν</strong></span> <span class='ocrx_word' id='word_1_388' title='bbox 413 3978 489 4038; x_wconf 85' lang='grc' dir='ltr'><strong>θεῶν</strong></span> <span class='ocrx_word' id='word_1_389' title='bbox 514 3977 657 4059; x_wconf 80' lang='grc' dir='ltr'><strong>σωτηρίαν</strong></span> <span class='ocrx_word' id='word_1_390' title='bbox 681 3976 796 4038; x_wconf 87' lang='grc' dir='ltr'><strong>δεῖσθαι</strong></span> <span class='ocrx_word' id='word_1_391' title='bbox 820 3976 911 4057; x_wconf 87' lang='grc' dir='ltr'><strong>λέγειν</strong></span> <span class='ocrx_word' id='word_1_392' title='bbox 940 3982 992 4059; x_wconf 78' lang='grc' dir='ltr'><strong>τῆς</strong></span> <span class='ocrx_word' id='word_1_393' title='bbox 1015 3983 1072 4039; x_wconf 91' lang='grc' dir='ltr'><strong>τῶν</strong></span> <span class='ocrx_word' id='word_1_394' title='bbox 1095 3981 1211 4062; x_wconf 90' lang='grc' dir='ltr'><strong>θνητῶν</strong></span> <span class='ocrx_word' id='word_1_395' title='bbox 1237 3981 1380 4066; x_wconf 89' lang='grc' dir='ltr'><strong>ἐνεργείας</strong></span> <span class='ocrx_word' id='word_1_396' title='bbox 1401 3984 1512 4050; x_wconf 77' lang='grc' dir='ltr'><strong>ἄτοπον</strong></span> <span class='ocrx_word' id='word_1_397' title='bbox 1540 4005 1555 4048; x_wconf 78' lang='grc' dir='ltr'><strong>ς</strong></span> 
     </span>
     <span class='ocr_line' id='line_1_36' title="bbox 203 4079 711 4150; baseline -0.006 -6"><span class='ocrx_word' id='word_1_398' title='bbox 203 4102 235 4150; x_wconf 83' lang='lat'><strong>35</strong></span> <span class='ocrx_word' id='word_1_399' title='bbox 256 4081 290 4143; x_wconf 81' lang='grc' dir='ltr'><strong>ἂν</strong></span> <span class='ocrx_word' id='word_1_400' title='bbox 314 4082 386 4143; x_wconf 84' lang='grc' dir='ltr'><strong>εἶναι</strong></span> <span class='ocrx_word' id='word_1_401' title='bbox 410 4079 500 4148; x_wconf 72' lang='grc' dir='ltr'><strong>δόξειε</strong></span> <span class='ocrx_word' id='word_1_402' title='bbox 523 4080 711 4141; x_wconf 88' lang='grc' dir='ltr'><strong>παντάπασιν.</strong></span> 
     </span>
     <span class='ocr_line' id='line_1_37' title="bbox 344 4181 576 4266; baseline -0.022 -18"><span class='ocrx_word' id='word_1_403' title='bbox 344 4184 410 4252; x_wconf 80' lang='grc' dir='ltr'><strong>Πῶς</strong></span> <span class='ocrx_word' id='word_1_404' title='bbox 431 4183 485 4266; x_wconf 83' lang='grc' dir='ltr'><strong>γὰρ</strong></span> <span class='ocrx_word' id='word_1_405' title='bbox 509 4181 576 4261; x_wconf 80' lang='grc' dir='ltr'><strong>οὕκ;</strong></span> 
     </span>
    </p>
   </div>
   <div class='ocr_carea' id='block_1_5' title="bbox 203 4376 602 4386">
    <p class='ocr_par' dir='ltr' id='par_1_13' title="bbox 203 4376 602 4386">
     <span class='ocr_line' id='line_1_38' title="bbox 203 4376 602 4386; baseline -0.013 0"><span class='ocrx_word' id='word_1_406' title='bbox 203 4377 540 4386; x_wconf 79' lang='lat'><em>——-———.....</em></span> <span class='ocrx_word' id='word_1_407' title='bbox 547 4376 602 4382; x_wconf 72' lang='lat'>...—</span> 
     </span>
    </p>
   </div>
   <div class='ocr_carea' id='block_1_6' title="bbox 202 4489 1568 5000">
    <p class='ocr_par' dir='ltr' id='par_1_14' title="bbox 202 4489 1568 5000">
     <span class='ocr_line' id='line_1_39' title="bbox 207 4489 1455 4570; baseline 0.005 -21"><span class='ocrx_word' id='word_1_408' title='bbox 207 4500 215 4549; x_wconf 94' lang='lat' dir='ltr'>l</span> <span class='ocrx_word' id='word_1_409' title='bbox 244 4495 314 4548; x_wconf 82' lang='grc' dir='ltr'><strong>οὗτοί</strong></span> <span class='ocrx_word' id='word_1_410' title='bbox 336 4495 374 4563; x_wconf 80' lang='grc' dir='ltr'><strong>γε]</strong></span> <span class='ocrx_word' id='word_1_411' title='bbox 403 4493 476 4549; x_wconf 69' lang='grc' dir='ltr'><strong>οὗτος</strong></span> <span class='ocrx_word' id='word_1_412' title='bbox 495 4489 547 4542; x_wconf 71' lang='grc' dir='ltr'><strong>οὔτι</strong></span> <span class='ocrx_word' id='word_1_413' title='bbox 570 4510 597 4559; x_wconf 84' lang='grc' dir='ltr'><strong>γε</strong></span> <span class='ocrx_word' id='word_1_414' title='bbox 618 4491 698 4542; x_wconf 55' lang='lat' dir='ltr'>vien:</span> <span class='ocrx_word' id='word_1_415' title='bbox 727 4490 800 4548; x_wconf 77' lang='grc' dir='ltr'><strong>οὗτός</strong></span> <span class='ocrx_word' id='word_1_416' title='bbox 823 4511 849 4562; x_wconf 82' lang='grc' dir='ltr'><strong>γε</strong></span> <span class='ocrx_word' id='word_1_417' title='bbox 869 4511 896 4543; x_wconf 80' lang='lat' dir='ltr'><strong>a:</strong></span> <span class='ocrx_word' id='word_1_418' title='bbox 925 4491 997 4551; x_wconf 78' lang='grc' dir='ltr'><strong>οὗτος</strong></span> <span class='ocrx_word' id='word_1_419' title='bbox 1021 4494 1069 4564; x_wconf 86' lang='grc' dir='ltr'><strong>ἔφη</strong></span> <span class='ocrx_word' id='word_1_420' title='bbox 1094 4495 1133 4547; x_wconf 83' lang='lat' dir='ltr'><strong>vel</strong></span> <span class='ocrx_word' id='word_1_421' title='bbox 1155 4494 1224 4549; x_wconf 75' lang='grc' dir='ltr'><strong>οὗτοι</strong></span> <span class='ocrx_word' id='word_1_422' title='bbox 1247 4497 1300 4551; x_wconf 87' lang='grc' dir='ltr'><strong>οότι</strong></span> <span class='ocrx_word' id='word_1_423' title='bbox 1324 4502 1390 4553; x_wconf 80' lang='grc' dir='ltr'><strong>σοιτί.</strong></span> <span class='ocrx_word' id='word_1_424' title='bbox 1411 4502 1455 4570; x_wconf 85' lang='lat' dir='ltr'><strong>Sp.</strong></span> 
     </span>
     <span class='ocr_line' id='line_1_40' title="bbox 202 4579 1567 4661; baseline -0.001 -25"><span class='ocrx_word' id='word_1_425' title='bbox 202 4585 318 4636; x_wconf 70' lang='grc' dir='ltr'><strong>ίόιΙολ</strong></span> <span class='ocrx_word' id='word_1_426' title='bbox 338 4584 468 4635; x_wconf 73' lang='lat' dir='ltr'><strong>Schwartz</strong></span> <span class='ocrx_word' id='word_1_427' title='bbox 585 4579 683 4647; x_wconf 71' lang='grc' dir='ltr'><strong>ξιέφην</strong></span> <span class='ocrx_word' id='word_1_428' title='bbox 705 4581 770 4631; x_wconf 61' lang='lat' dir='ltr'><strong>vict.</strong></span> <span class='ocrx_word' id='word_1_429' title='bbox 789 4580 845 4647; x_wconf 78' lang='lat' dir='ltr'><strong>Sp.:</strong></span> <span class='ocrx_word' id='word_1_430' title='bbox 876 4580 923 4648; x_wconf 83' lang='grc' dir='ltr'><strong>ἔφη</strong></span> <span class='ocrx_word' id='word_1_431' title='bbox 944 4582 1068 4633; x_wconf 82' lang='lat' dir='ltr'>VFB¹S¹:</span> <span class='ocrx_word' id='word_1_432' title='bbox 1096 4583 1144 4652; x_wconf 80' lang='grc' dir='ltr'><strong>ἔφη</strong></span> <span class='ocrx_word' id='word_1_433' title='bbox 1164 4585 1227 4655; x_wconf 80' lang='grc' dir='ltr'><strong>ἔφην</strong></span> <span class='ocrx_word' id='word_1_434' title='bbox 1246 4586 1329 4639; x_wconf 69' lang='lat' dir='ltr'><strong>B⁹S²a</strong></span> <span class='ocrx_word' id='word_1_435' title='bbox 1435 4592 1486 4661; x_wconf 68' lang='grc' dir='ltr'><strong>τῷ]</strong></span> <span class='ocrx_word' id='word_1_436' title='bbox 1513 4602 1567 4647; x_wconf 61' lang='grc' dir='ltr'><strong>τῶν</strong></span> 
     </span>
     <span class='ocr_line' id='line_1_41' title="bbox 202 4667 1494 4749; baseline 0.006 -24"><span class='ocrx_word' id='word_1_437' title='bbox 202 4676 247 4740; x_wconf 71' lang='lat' dir='ltr'><strong>Sp.</strong></span> <span class='ocrx_word' id='word_1_438' title='bbox 355 4671 370 4722; x_wconf 79' lang='grc' dir='ltr'><strong>θ</strong></span> <span class='ocrx_word' id='word_1_439' title='bbox 394 4668 442 4737; x_wconf 81' lang='grc' dir='ltr'><strong>τηῖ]</strong></span> <span class='ocrx_word' id='word_1_440' title='bbox 462 4674 514 4718; x_wconf 83' lang='grc' dir='ltr'><strong>τῶν</strong></span> <span class='ocrx_word' id='word_1_441' title='bbox 534 4670 577 4734; x_wconf 74' lang='lat' dir='ltr'><strong>Sp.</strong></span> <span class='ocrx_word' id='word_1_442' title='bbox 689 4669 719 4719; x_wconf 82' lang='lat'><strong>10</strong></span> <span class='ocrx_word' id='word_1_443' title='bbox 738 4667 795 4736; x_wconf 80' lang='grc' dir='ltr'><strong>μὲν]</strong></span> <span class='ocrx_word' id='word_1_444' title='bbox 815 4670 900 4734; x_wconf 82' lang='grc' dir='ltr'><strong>μέντοι</strong></span> <span class='ocrx_word' id='word_1_445' title='bbox 920 4671 986 4721; x_wconf 61' lang='lat' dir='ltr'><strong>vict.</strong></span> <span class='ocrx_word' id='word_1_446' title='bbox 1006 4671 1050 4737; x_wconf 85' lang='lat' dir='ltr'><strong>Sp.</strong></span> <span class='ocrx_word' id='word_1_447' title='bbox 1069 4677 1136 4723; x_wconf 68' lang='lat' dir='ltr'>recte</span> <span class='ocrx_word' id='word_1_448' title='bbox 1246 4676 1276 4726; x_wconf 83' lang='lat'><strong>13</strong></span> <span class='ocrx_word' id='word_1_449' title='bbox 1294 4675 1394 4746; x_wconf 87' lang='grc' dir='ltr'><strong>τρόπων</strong></span> <span class='ocrx_word' id='word_1_450' title='bbox 1413 4697 1428 4729; x_wconf 84' lang='grc' dir='ltr'><strong>ιι</strong></span> <span class='ocrx_word' id='word_1_451' title='bbox 1446 4682 1494 4749; x_wconf 84' lang='lat' dir='ltr'><strong>Sp.</strong></span> 
     </span>
     <span class='ocr_line' id='line_1_42' title="bbox 202 4755 1568 4842; baseline 0 -30"><span class='ocrx_word' id='word_1_452' title='bbox 202 4759 310 4829; x_wconf 80' lang='grc' dir='ltr'><strong>γίνεσθαι</strong></span> <span class='ocrx_word' id='word_1_453' title='bbox 329 4758 378 4810; x_wconf 79' lang='lat' dir='ltr'><strong>del.</strong></span> <span class='ocrx_word' id='word_1_454' title='bbox 397 4760 440 4809; x_wconf 63' lang='grc' dir='ltr'><strong>δ”-ἰ</strong></span> <span class='ocrx_word' id='word_1_455' title='bbox 461 4772 509 4808; x_wconf 91' lang='grc' dir='ltr'><strong>οιυ.</strong></span> <span class='ocrx_word' id='word_1_456' title='bbox 529 4760 550 4806; x_wconf 78' lang='grc' dir='ltr'>Β</span> <span class='ocrx_word' id='word_1_457' title='bbox 663 4756 691 4805; x_wconf 81' lang='grc' dir='ltr'>Π</span> <span class='ocrx_word' id='word_1_458' title='bbox 720 4755 769 4822; x_wconf 80' lang='grc' dir='ltr'><strong>εἰς]</strong></span> <span class='ocrx_word' id='word_1_459' title='bbox 798 4757 918 4826; x_wconf 84' lang='grc' dir='ltr'><strong>ἐρώτησις</strong></span> <span class='ocrx_word' id='word_1_460' title='bbox 946 4759 1013 4809; x_wconf 84' lang='lat' dir='ltr'>coni.</span> <span class='ocrx_word' id='word_1_461' title='bbox 1036 4759 1079 4826; x_wconf 85' lang='lat' dir='ltr'><strong>Sp.</strong></span> <span class='ocrx_word' id='word_1_462' title='bbox 1109 4768 1177 4812; x_wconf 78' lang='lat' dir='ltr'>recte</span> <span class='ocrx_word' id='word_1_463' title='bbox 1283 4764 1345 4833; x_wconf 82' lang='grc' dir='ltr'><strong>ἔφης</strong></span> <span class='ocrx_word' id='word_1_464' title='bbox 1363 4767 1470 4834; x_wconf 73' lang='lat' dir='ltr'><strong>scripsi:</strong></span> <span class='ocrx_word' id='word_1_465' title='bbox 1500 4769 1568 4842; x_wconf 61' lang='grc' dir='ltr'><strong>ἔφη,</strong></span> 
     </span>
     <span class='ocr_line' id='line_1_43' title="bbox 202 4842 1496 4923; baseline 0.006 -23"><span class='ocrx_word' id='word_1_466' title='bbox 202 4850 261 4900; x_wconf 80' lang='lat' dir='ltr'>libri</span> <span class='ocrx_word' id='word_1_467' title='bbox 353 4847 384 4896; x_wconf 84' lang='lat'><strong>18</strong></span> <span class='ocrx_word' id='word_1_468' title='bbox 403 4844 469 4912; x_wconf 82' lang='grc' dir='ltr'><strong>λέγω</strong></span> <span class='ocrx_word' id='word_1_469' title='bbox 486 4862 501 4895; x_wconf 82' lang='lat' dir='ltr'>a</span> <span class='ocrx_word' id='word_1_470' title='bbox 591 4843 623 4892; x_wconf 70' lang='grc'><strong>’32</strong></span> <span class='ocrx_word' id='word_1_471' title='bbox 643 4844 709 4893; x_wconf 83' lang='grc' dir='ltr'><strong>θεῶν</strong></span> <span class='ocrx_word' id='word_1_472' title='bbox 727 4843 785 4910; x_wconf 48' lang='lat' dir='ltr'><strong>Spa</strong></span> <span class='ocrx_word' id='word_1_473' title='bbox 806 4842 857 4913; x_wconf 78' lang='grc' dir='ltr'><strong>θεῷ</strong></span> <span class='ocrx_word' id='word_1_474' title='bbox 878 4846 936 4897; x_wconf 76' lang='lat' dir='ltr'>libri</span> <span class='ocrx_word' id='word_1_475' title='bbox 1044 4849 1073 4898; x_wconf 74' lang='lat'><strong>31</strong></span> <span class='ocrx_word' id='word_1_476' title='bbox 1096 4848 1217 4919; x_wconf 79' lang='grc' dir='ltr'><strong>γίνεσθαι]</strong></span> <span class='ocrx_word' id='word_1_477' title='bbox 1236 4850 1344 4905; x_wconf 78' lang='lat' dir='ltr'><strong>fortasse</strong></span> <span class='ocrx_word' id='word_1_478' title='bbox 1363 4858 1496 4923; x_wconf 78' lang='grc' dir='ltr'><strong>γινομένας</strong></span> 
     </span>
     <span class='ocr_line' id='line_1_44' title="bbox 203 4930 1039 5000; baseline -0.005 -12"><span class='ocrx_word' id='word_1_479' title='bbox 203 4934 326 4988; x_wconf 86' lang='grc' dir='ltr'><strong>συντελεῖν</strong></span> <span class='ocrx_word' id='word_1_480' title='bbox 351 4933 376 4986; x_wconf 81' lang='grc' dir='ltr'><strong>δὲ</strong></span> <span class='ocrx_word' id='word_1_481' title='bbox 399 4934 471 4985; x_wconf 86' lang='grc' dir='ltr'><strong>πάλιν</strong></span> <span class='ocrx_word' id='word_1_482' title='bbox 492 4933 557 4983; x_wconf 63' lang='lat' dir='ltr'>vict.</span> <span class='ocrx_word' id='word_1_483' title='bbox 665 4932 698 4982; x_wconf 69' lang='lat'><strong>:56</strong></span> <span class='ocrx_word' id='word_1_484' title='bbox 718 4930 765 4982; x_wconf 73' lang='grc' dir='ltr'><strong>οὐκ</strong></span> <span class='ocrx_word' id='word_1_485' title='bbox 783 4932 889 4995; x_wconf 83' lang='grc' dir='ltr'><strong>ἄτοπον;</strong></span> <span class='ocrx_word' id='word_1_486' title='bbox 909 4936 975 4985; x_wconf 86' lang='lat' dir='ltr'>coni.</span> <span class='ocrx_word' id='word_1_487' title='bbox 996 4935 1039 5000; x_wconf 83' lang='lat' dir='ltr'><strong>Sp.</strong></span> 
     </span>
    </p>
   </div>
   <div class='ocr_carea' id='block_1_7' title="bbox 0 0 1774 5610">
    <p class='ocr_par' dir='ltr' id='par_1_15' title="bbox 0 0 1774 5610">
     <span class='ocr_line' id='line_1_45' title="bbox 0 0 1774 5610; baseline 0 1"><span class='ocrx_word' id='word_1_488' title='bbox 0 0 1774 5610; x_wconf 95' lang='lat' dir='ltr'><strong> </strong></span> 
     </span>
    </p>
   </div>
  </div>
 </body>
</html>
