3540 5610
652 328 709 401 [οε
732 331 842 387 λοωλ
865 331 968 386 mmm
989 331 1116 404 ALTER]
1373 316 1381 335 '
1500 334 1560 398 141

262 505 314 566 τοῦ
343 503 395 587 μή.
440 500 483 566 ἔτι
508 502 535 566 εἰ
561 503 591 567 έν
620 507 715 590 μικρηῖ
748 503 820 591 οῖκιμ
850 508 960 575 πολλάς
991 530 1032 575 τις
1059 508 1150 590 δᾷδας
1175 508 1308 592 στήσειεν
1340 507 1360 591 ἢ
1386 507 1509 593 λύχνους

263 604 378 689 άψειεν,
407 606 570 692 παχύτερος
592 605 626 669 ἀν
649 608 665 671 ό
687 608 746 692 ἀὴρ
769 608 922 691 μελανθεὶς
942 607 1047 691 γίνοιτο
1069 609 1116 671 καὶ
1138 608 1193 673 όσα
1215 609 1251 673 τά
1272 609 1442 694 φωτίζοντα,
1464 632 1508 672 το

264 711 356 771 σαῦτα
383 708 446 790 ἅμα
472 711 594 792 σώματα
626 706 663 773 δι’
690 709 826 794 ἀλλήλων
855 713 986 796 χωρήσει
1013 712 1061 774 καὶ
1087 711 1136 773 τὸν
1168 710 1230 775 ἴσον
1257 711 1373 781 καθέξει
1405 711 1506 775 τόπον·

265 813 354 873 ταῦτα
376 811 409 873 δὲ
431 809 535 873 ἄτοπα.
573 809 625 885 ἔτι,
648 811 674 874 εί
695 810 756 875 ἴσον
779 810 867 874 τόπον
889 811 1007 898 κατέχει
1029 814 1096 896 ἤτε
1118 814 1199 898 ψυχὴ
1222 815 1270 878 καί
1292 815 1325 877 τὸ
1348 820 1435 898 σῶμα
1456 813 1508 878 σῦν

232 911 351 995 ταύτῃ,
373 913 422 976 καὶ
443 913 640 998 χωρισθείσης
661 913 694 976 τῦ
716 918 803 996 σῶμα
827 914 916 996 μηθὲν
940 915 1088 988 ἐλάττονα,
1110 916 1151 985 τίς
1173 913 1253 980 ἔσται
1275 915 1364 986 τόπος
1385 922 1437 1000 τῆς
1459 922 1508 1000 ψυ-
1535 932 1549 972 ο

201 1042 212 1061 ·
261 1021 335 1101 χῆςς
369 1014 466 1099 ἤγάρ
488 1016 569 1078 κενθν
596 1013 690 1095 ἔσται,
721 1014 890 1091 θκαθέξει,
919 1016 1033 1100 ἢάλλο
1060 1042 1087 1080 τι
1113 1017 1142 1086 ἐξ
1170 1020 1296 1102 ἀνάγκης
1322 1017 1402 1084 ἔσται
1427 1015 1507 1103 ζῴου

263 1124 366 1201 σῶμα,
388 1117 431 1187 εἰς
453 1116 470 1180 ὃ
492 1118 699 1201 μεταβήσεται,
722 1117 771 1181 καὶ
793 1118 885 1188 οὕτως
907 1118 1045 1183 οῦῦέποτε
1067 1120 1150 1204 ψυχὴ
1173 1117 1229 1189 ἔξω
1250 1120 1386 1204 στόματός
1407 1143 1438 1184 τε
1460 1121 1508 1184 καί

262 1217 341 1306 ζῴου
364 1217 455 1283 ἔσται.
500 1219 625 1288 όαύτθς
646 1218 730 1301 λόγος
751 1222 799 1284 καὶ
828 1221 875 1285 ἐπὶ
898 1226 948 1284 τοῦ
971 1223 1060 1306 πυρθς
1085 1219 1241 1290 τοῦόντος
1267 1222 1297 1285 ἐν
1320 1228 1362 1308 τῷ
1385 1224 1505 1307 σιδήρῳ.

260 1320 319 1398 ἔτι,
346 1321 415 1386 όταν
441 1321 522 1385 οἴνου
548 1321 654 1404 κοτύλη
681 1321 733 1386 δύο
760 1322 893 1393 κοτύλαις
919 1325 1022 1394 ύῦατος
1050 1324 1161 1409 μιχθῇ,
1188 1325 1293 1407 γίνεται
1319 1325 1370 1408 μὲν
1396 1325 1429 1387 τὸ
1451 1329 1507 1388 πᾶν

219 1441 248 1486 10
260 1418 363 1511 κρᾶμά
384 1425 433 1488 καὶ
455 1428 549 1508 μῖγμα
568 1427 785 1509 τρικοτυλιαῖον.
830 1432 893 1496 πῶς
915 1428 947 1491 δὲ
969 1423 1031 1490 κατ’
1059 1426 1186 1496 ἐκείνους
1208 1426 1269 1491 οἷόν
1292 1451 1337 1508 τες
1365 1427 1391 1490 εἰ
1411 1426 1464 1511 γάρ
1487 1429 1506 1510 ἡ

262 1533 315 1592 τοῦ
338 1525 419 1591 οἴνου
441 1527 547 1610 κοτύλη
570 1526 617 1591 ῦιά
639 1528 744 1597 παντὸς
766 1532 818 1591 τοῦ
834 1528 936 1597 ύῦατος
957 1529 1109 1614 ἐχώρησεν
1132 1531 1179 1593 καὶ
1194 1530 1349 1614 παρισώθη
1372 1529 1465 1614 αύτηῖ,
1487 1530 1506 1612 ἢ

198 1630 213 1655 ’
260 1629 400 1714 τέσσαρες
422 1628 534 1693 ἔσονται
556 1629 674 1693 κοτύλαι
696 1631 729 1693 τὸ
752 1635 809 1701 πᾶν
835 1628 897 1712 (καί
920 1630 973 1715 γάρ
997 1632 1012 1693 6
1035 1631 1111 1702 οίνος
1137 1637 1179 1718 τῷ
1208 1633 1289 1704 ύῦατι
1311 1629 1371 1701 ἴσος
1392 1631 1506 1715 γέγονεν
1521 1649 1548 1691 ιο

262 1733 338 1796 κατά
360 1734 393 1796 τῦ
415 1731 516 1809 ποσόν,
538 1733 614 1795 ὥστε
636 1731 687 1796 δύο
702 1737 847 1796 κοτυλῶν·
870 1732 904 1815 οῦ
927 1734 981 1816 γάρ
1004 1735 1040 1816 δὴ
1061 1735 1179 1803 ίσωθελς
1200 1735 1332 1802 κοτύλαις
1354 1733 1405 1797 δύο
1427 1758 1508 1799 κυτυ·

260 1838 355 1904 λιαῖος
376 1832 418 1898 ἔτι
440 1833 534 1898 ἔσται·
567 1834 706 1898 ἀδύνατον
728 1835 782 1918 γάρ
804 1832 841 1916 ἧν
863 1835 896 1896 τό
918 1836 1066 1899 διπλάσιον
1089 1835 1149 1900 ἴσον
1172 1841 1216 1922 τῷ
1239 1836 1337 1920 ἡμίσει
1358 1835 1460 1922 εἶναι),
1485 1838 1506 1923 ἢ

216 1952 247 1997 ιο
259 1938 402 2001 ἀνάπαλιν
424 1938 457 2000 τὸ
472 1938 549 2020 ύῦωρ
571 1943 614 2022 τῷ
637 1938 707 2022 οῖνιμ
730 1936 791 2001 ῖσυν
813 1934 894 2000 ἔσται
917 1938 964 2000 καὶ
980 1935 1060 2001 ἔσται
1083 1938 1221 2023 κοτύλης·
1244 1940 1292 2002 καί
1307 1938 1400 2009 οὕτως
1421 1941 1506 2004 πάλιν

261 2041 296 2103 τῦ
319 2045 411 2124 μῖγμα
436 2039 487 2103 δύο
509 2044 648 2104 κοτυλῶν.
692 2040 726 2102 τὸ
747 2039 800 2123 γάρ
823 2038 914 2120 λέγειν
941 2040 990 2102 τὸν
1018 2041 1068 2124 μὲν
1095 2039 1170 2104 οἶνον
1197 2042 1389 2117 ἐκτείνεσθαι,
1419 2043 1452 2106 τὸ
1474 2043 1508 2109 δὲ

263 2144 344 2226 ῦῦωρ
370 2142 580 2207 συστέλλεσθαι
606 2144 654 2206 καί
680 2141 771 2211 οὕτως
797 2141 839 2209 είς
864 2142 897 2203 τῦ
920 2141 1008 2224 μέσον
1030 2143 1125 2227 ἥκειν,
1155 2147 1206 2206 τοῦ
1232 2144 1284 2227 μὲν
1312 2136 1417 2231 ύῦαῇ
1436 2142 1506 2208 ἀπὀ-

261 2245 418 2330 βάλλοντος
439 2246 529 2330 ἥμισυ
548 2244 681 2327 κοτύλης,
704 2249 755 2307 τοῦ
777 2240 803 2307 6²
828 2241 907 2307 οἴνου
930 2247 1200 2330 προσλαμβάνοντος
1222 2248 1254 2310 τὸ
1276 2238 1422 2322 τοσοῦτον,
1443 2247 1505 2313 λίαν

259 2346 369 2411 ἄτοπόν
396 2347 471 2412 ἐστιν
493 2348 668 2431 αἰτούμενον.
716 2347 765 2411 καὶ
791 2347 807 2409 6
834 2347 997 2430 σταλαγμὸς
1018 2349 1051 2411 δὲ
1073 2349 1088 2411 6
1113 2349 1285 2434 μεμιγμένος
1313 2353 1350 2432 τῇ
1375 2349 1506 2434 θαλάττῃ
1521 2366 1547 2409 ιο

217 2449 349 2519 wazu&
370 2448 432 2518 ῖσος
446 2447 527 2514 ἔσται
547 2449 621 2513 κατά
643 2450 675 2512 τῦ
698 2449 787 2513 πυσθν
809 2453 848 2532 τῇ
863 2451 944 2532 πάσῃ
967 2451 1108 2534 θαλάττῃ,
1132 2453 1246 2535 ἢπῦσα
1268 2452 1288 2535 ἡ
1307 2452 1439 2516 θαλασσα
1462 2457 1505 2539 τῷ

260 2555 431 2637 σταλαγμηῖ.
465 2551 563 2622 ἄλλως
583 2553 637 2637 γάρ
660 2551 717 2637 οὐχ
736 2551 797 2615 οἷόν
820 2574 851 2614 τε
871 2553 1074 2637 παρισωθῆναι
1096 2553 1169 2617 αῦτά
1183 2554 1231 2617 καὶ
1254 2555 1396 2639 μιχθῆναι
1417 2555 1504 2639 ἀλλή-

259 2659 322 2725 λοις
343 2654 406 2719 κατ’
434 2655 548 2725 αύτούς.
592 2653 635 2718 ἔτι
655 2660 719 2724 πῶς
741 2653 756 2716 6
780 2655 944 2738 σταλαγμὸς
969 2659 1019 2718 τοῦ
1043 2655 1145 2725 ύῦατος
1168 2658 1183 2720 6
1206 2659 1244 2739 τη]
1268 2656 1399 2740 θαλάττῃ
1422 2680 1506 2741 παρε-

259 2756 442 2841 κτεινόμενος
463 2759 512 2822 ἐπὶ
533 2761 668 2821 τοσοῦτον
693 2754 907 2840 λεπτυνόμενος
928 2756 1005 2842 ύῦωρ
1028 2755 1070 2820 ἔτι
1093 2757 1185 2841 μένεις
1218 2757 1431 2843 διακρινόμενος
1451 2759 1505 2844 γάρ

260 2862 309 2924 καὶ
331 2860 542 2944 ἐπιτεινόμενος
565 2861 605 2929 είς
619 2863 739 2922 τοσοῦτο
754 2860 867 2943 φθάσαι
889 2858 923 2923 ἀν
946 2864 1002 2944 πῦρ
1017 2859 1178 2943 γενόμενος.
1212 2864 1312 2947 πολλῷ
1334 2863 1388 2947 γάρ
1411 2862 1506 2946 ἥττων

217 2965 279 3047 εοή
301 2965 441 3047 διάκρισις
470 2962 576 3047 ταύτης
601 2961 674 3046 ἀέρα
703 2961 754 3045 μὲν
777 2962 807 3032 ἐξ
830 2962 945 3036 ῦῦατος,
971 2962 1058 3025 ἐκδὲ
1085 2963 1170 3047 ἀέρος
1196 2967 1252 3048 πῦρ
1275 2967 1367 3027 ποιεῖ·
1402 2963 1443 3028 έτι
1466 2967 1506 3034 ῶς

260 3067 369 3130 ἄτοπον
392 3066 425 3129 τῦ
448 3064 478 3133 ἐξ
500 3064 652 3147 ἀμεγεθῶν
676 3063 799 3148 μέγεθος
821 3068 922 3133 ποιεῖν,
949 3064 1041 3134 οὕτως
1061 3065 1168 3129 ἀτοπον
1190 3067 1239 3129 καὶ
1261 3067 1293 3130 τὸ
1317 3068 1350 3130 ἐκ
1373 3067 1504 3151 μεγεθῶν

262 3170 352 3254 μηδὲν
369 3167 493 3252 μέγεθος
515 3171 616 3244 ποιεῖν,
639 3166 770 3230 ὃέπεται
791 3172 851 3236 τοῖς
873 3167 925 3230 δύο
948 3169 1070 3251 σώματα
1092 3167 1121 3230 ἐν
1142 3167 1240 3253 ταῦτηῖ
1262 3167 1344 3255 τόπιρ
1366 3173 1504 3235 ποιοῦσιν.
1519 3186 1548 3228 ευ

260 3271 374 3357 μεγέθη
395 3269 451 3355 γὰρ
474 3268 543 3333 ὄντα
564 3267 647 3333 οῦδὲν
670 3269 852 3354 συναυῖήσει.
884 3293 887 3297 ·

503 3507 583 3577 Πῶς
603 3508 690 3572 κατά
708 3506 933 3593 Ἀριστοτέλη
956 3511 991 3574 τῦ
1015 3510 1098 3594 ὁρᾶν
1120 3509 1264 3594 γίνεται.

215 3700 245 3745 π)
344 3681 434 3745 Δοκεῖ
454 3680 546 3745 τοίνυν
565 3679 772 3764 Ἀριστοτέλει,
800 3682 898 3766 ῶσπερ
924 3683 1024 3746 καλαί
1049 3681 1135 3745 ἀλλαι
1161 3683 1313 3768 αἰσθήσεις
1335 3682 1506 3769 πασχόντων

258 3786 383 3868 γίνονται
409 3788 467 3846 τῶν
489 3783 713 3868 αἰσθητηρίων,“
730 3783 825 3863 οὕτωςΙ
850 3784 883 3848 δὲ
910 3786 957 3848 καί
979 3786 1012 3848 τῦ
1040 3787 1109 3870 όροῖν
1137 3785 1308 3870 πασχούσης
1334 3791 1386 3870 τῆς
1412 3784 1507 3871 ὄψεως

258 3887 404 3971 γίνεσθαι,
427 3856 494 3994 RN?
521 3886 590 3971 οῦχὶ
612 3886 817 3972 ἐκπεμπούσης
844 3911 870 3950 τι
892 3889 939 3951 καὶ
962 3887 1114 3972 ποιούσης,
1141 3889 1167 3951 εί
1190 3889 1231 3972 μὴ
1259 3888 1360 3952 καὶτὸ
1382 3890 1506 3975 πάσχειν

258 3996 353 4055 ποιεῖν
374 4013 417 4059 τις
437 3962 550 4088 λέγοι]
570 3989 679 4075 πάσχει
701 3991 733 4054 δὲ
754 3989 808 4054 οῦκ
829 3991 1007 4075 ἀπορρέοντά
1033 4014 1095 4054 τινα
1117 3991 1175 4054 ἀπὸ
1203 3994 1263 4053 τῶν
1290 3991 1402 4075 ὁρατῶν
1424 3994 1507 4079 ῦεχο·
1520 4010 1548 4054 ετ

258 4094 349 4180 μένῃ,
378 4093 453 4157 ἀλλά
475 4097 526 4157 τοῦ
550 4092 655 4177 μεταξῦ
678 4097 731 4178 τῆς
750 4116 782 4156 τε
804 4091 900 4177 ὄψεως
921 4095 972 4158 καί
992 4098 1042 4158 τοῦ
1066 4093 1214 4178 ὁρωμένου
1237 4095 1391 4179 διαφανοῦς
1413 4095 1506 4160 ἀλλοι-

216 4197 386 4283 ῶουμένου
413 4195 558 4283 &aab
584 4199 636 4259 τοῦ
663 4197 768 4281 όρατοῦ
794 4197 843 4260 καὶ
869 4197 902 4260 τῦ
929 4196 1006 4266 είῦος
1033 4197 1065 4260 τῦ
1087 4197 1146 4260 ἀπὸ
1173 4200 1224 4260 τοῦ
1252 4197 1357 4283 ὁρατοῦ
1379 4220 1416 4281 τη
1440 4196 1505 4283 ὄψει

259 4300 485 4386 διαγγέλλοντος.
524 4301 581 4362 πᾶν
602 4297 657 4384 γάρ
679 4298 712 4362 τῦ
734 4298 879 4384 ῦιαφανές,
901 4298 969 4363 όταν
991 4296 1012 4384 ᾗ
1036 4297 1098 4365 κατ’
1118 4298 1263 4385 ἐνέργείαν
1286 4303 1506 4389 τοιοῦτον,,του-

208 4581 318 4638 lma<
334 4578 376 4631 Va
482 4572 665 4647 ἀπαχύτιρος]
684 4593 702 4648 χ
719 4575 747 4629 in
765 4574 840 4628 lit.V
939 4575 996 4630 4ιί
1015 4591 1094 4646 ευριπ
1111 4574 1190 4631 lin.V
1296 4572 1507 4650 ύχωρισθείσης]
1526 4576 1560 4633 τί.

209 4668 313 4741 1501ss¹
421 4662 668 4733 ’ίμετιβίγσεταιλί
780 4665 809 4716 ll
838 4665 969 4735 παρισωθῖγ
988 4666 1029 4717 Ka
1136 4663 1168 4717 13
1194 4662 1322 4734 κοτυλῶν]
1341 4672 1400 4733 post
1417 4682 1430 4716 ο
1448 4682 1503 4719 μου
1519 4667 1559 4720 lit.

207 4758 284 4812 mv
387 4747 512 4808 ίσοθιλςε
619 4750 651 4802 14
669 4748 705 4803 ίτι
723 4764 773 4803 om.
792 4751 834 4804 Ka
936 4742 1019 4823 ἡμίσει
1036 4753 1096 4805 VK:
1115 4751 1225 4823 ημισυο
1330 4751 1361 4804 21
1381 4752 1444 4804 ουτά
1463 4754 1497 4806 V:
1516 4753 1559 4807 αῦ·

207 4844 324 4904 &Ka
419 4837 453 4891 25
471 4835 536 4909 αῦτη
554 4835 648 4908 ταύτης
663 4837 706 4890 Ka
799 4837 901 4892 26-27
921 4838 1003 4899 ούτως
1020 4857 1102 4910 usque
1121 4840 1153 4893 ad
1171 4844 1248 4892 ποιεῖν
1267 4829 1317 4892 σω.
1335 4839 1376 4891 Ka
1464 4839 1497 4893 28
1516 4860 1558 4910 με·

212 4930 272 5002 γόθη
291 4931 313 4982 V
333 4945 376 4983 ex.
395 4927 475 4981 vict:
496 4922 595 4996 μτγίθιι
611 4926 653 4978 Ka
758 4924 791 4981 29
810 4927 969 5000 ἀριστοτίλην
987 4945 1002 4982 ο
1020 4934 1050 4981 ut
1067 4928 1133 4982 solet
1237 4924 1272 4979 34
1289 4943 1316 4978 τι
1334 4941 1385 4979 om.
1403 4942 1420 4980 ε
