3540 5610
677 310 881 365 ALEXANDRI
904 309 948 364 hh
970 310 1082 366 Ahmh

255 481 327 546 εἶναι
348 483 439 569 πέρας
458 488 510 547 τοῦ
532 483 563 547 ἐν
586 483 739 569 ὡρισμένῳ
762 477 959 568 διαφανοῦςῇ
988 483 1133 569 διαφανές.
1179 484 1242 568 ἥτις
1263 484 1296 547 δέ
1318 482 1348 547 ἐν
1371 487 1416 568 τηῦ
1438 485 1505 570 πυρὶ

256 587 305 650 καὶ
327 585 357 650 ἐν
378 591 438 657 τοῖς
459 585 559 656 ἄλλοις
579 591 640 656 τοῖς
658 586 757 671 φωτδς
779 588 938 669 ποιητικοῖς
959 586 1065 650 ἐνοῦσα
1088 585 1207 668 δόναμις
1228 583 1303 648 αὐτά
1324 608 1356 648 τε
1380 589 1506 669 μαλιστα

256 688 346 772 όρατὰ
368 693 454 765 ποιεῖ,
476 690 526 753 καὶ
548 693 607 759 τοῖς
629 687 728 759 ἄλλοις
748 690 900 774 χρώμασιν
923 687 1001 752 αἴτια
1022 693 1073 752 τοῦ
1089 688 1224 773 όρῦσδαι,
1246 693 1289 772 τῷ
1313 687 1409 768 φωτδς
1431 687 1506 752 αὐτὰ

256 790 328 855 εἶναι
349 793 500 876 ποιητικοί,
523 789 560 855 δι’
587 789 622 855 οῦ
645 792 746 875 δρᾶται
768 791 804 854 τὰ
825 791 976 874 ὁρώμενα,
1001 791 1107 876 ταύτην
1130 789 1254 875 ἡγητέον
1276 791 1327 874 τἠν
1349 791 1434 874 φῦσιν
1457 792 1505 854 καὶ

227 893 285 956 σέν
307 899 368 965 τοῖς
390 893 561 979 ὡρισμένοις
583 893 749 979 διαφανέσιν
772 892 950 977 μεμιγμένην
972 892 1118 978 ἢμῦιλλον
1141 891 1295 976 ἢέλαττον
1318 899 1371 977 τῆς
1392 915 1424 955 τε
1446 897 1504 956 τῶν

255 998 421 1082 χρωμάτων
447 996 589 1080 γενέσεως
614 997 737 1081 καὶτῆς
766 998 905 1079 διαφορᾶς
933 995 1032 1066 αὐτοῖς
1058 997 1148 1060 αἰτίαν
1175 994 1256 1059 εἶναι.
1300 1000 1351 1058 τοῦ
1377 996 1411 1058 δὲ
1432 994 1505 1058 εἶναι
1520 1011 1547 1053 ιο

254 1100 288 1162 τό
303 1102 411 1185 χρῶμα
433 1099 523 1186 πέρας
543 1103 595 1162 τοῦ
615 1100 779 1183 διαφανοῦς,
801 1094 822 1180 ᾖ
845 1096 992 1182 διαφανές,
1015 1101 1136 1182 σημεῖον
1159 1098 1191 1161 τδ
1207 1100 1255 1163 καὶ
1277 1103 1335 1160 τῶν
1358 1100 1505 1181 διαφανῶν

255 1200 312 1264 όσα
340 1202 390 1285 μὲν
413 1202 518 1266 οἰκεῖον
544 1201 635 1286 πέρας
659 1199 713 1264 οῦκ
735 1197 812 1286 ἔχει,
841 1203 960 1263 τοιαῦτα
981 1201 1014 1263 δέ
1035 1200 1071 1264 τὰ
1093 1200 1231 1285 ἀόριστα,
1261 1205 1351 1264 ταῦτα
1378 1200 1410 1262 δὲ
1433 1200 1508 1284 μηδὲ

256 1309 364 1388 χρῶμα
385 1301 464 1390 ἔχειν
487 1304 602 1368 οἰκεῖον.
636 1309 680 1390 τῷ
703 1303 756 1387 γὰρ
779 1301 879 1385 πέρατι
901 1307 952 1366 τοῦ
975 1305 1110 1386 σώματος
1125 1303 1238 1368 σύνεστι
1259 1305 1307 1367 καὶ
1329 1303 1363 1366 τδ
1385 1305 1427 1370 ὡς
1448 1304 1506 1366 δια·

216 1422 242 1467 10
255 1411 364 1492 φανοῦς
386 1406 475 1471 αὐτοῦ
496 1406 596 1492 πέρας.
630 1409 670 1476 ὡς
690 1405 744 1490 γὰρ
767 1403 823 1470 ὑπό
846 1427 921 1474 τινος
942 1403 1052 1474 ἔέωδεν
1071 1407 1247 1490 περατοῦταί
1265 1430 1297 1469 τε
1318 1406 1366 1469 καὶ
1388 1426 1501 1490 σχημα-

256 1511 372 1584 τίζεται,
396 1511 472 1574 οῦτω
485 1510 528 1573 ’δέ
550 1509 598 1573 καὶ
621 1511 791 1594 χρώννυται.
825 1509 866 1571 ὧν
888 1507 942 1592 γὰρ
965 1511 1005 1577 ῦς
1028 1511 1172 1590 σωμάτιον
1194 1510 1228 1572 τδ
1250 1508 1340 1595 πέρας
1362 1507 1504 1592 ἀόριστον,

256 1613 364 1676 τούτων
386 1613 435 1676 καὶ
452 1615 498 1682 hh
520 1614 677 1697 διαφανῦιν.
722 1611 763 1674 ὧν
786 1611 818 1674 δέ
840 1612 959 1695 ὥρισται
987 1612 1019 1675 τδ
1045 1611 1135 1696 πέρας
1156 1613 1318 1697 διαφανῶν,
1345 1615 1435 1675 ταῦτα
1457 1613 1505 1675 καὶ

255 1721 364 1800 χρῶμα
390 1716 495 1779 οἰκεῖον
522 1712 586 1801 ἔχει
614 1716 656 1782 ὡς
683 1714 870 1798 συνημμένου
900 1718 951 1778 τοῦ
978 1737 1010 1776 τε
1036 1713 1160 1799 πέρατος
1187 1716 1235 1779 καὶ
1262 1717 1314 1778 τοῦ
1339 1718 1504 1800 χρώματος.
1520 1731 1547 1773 ιο

256 1822 398 1902 συνῆπται
420 1820 472 1904 μὲν
494 1816 559 1892 οῦν,
585 1815 620 1880 οῦ
644 1815 702 1900 μὴν
725 1815 827 1879 ταύτόν
850 1815 935 1880 ἐστιν.
978 1821 1029 1880 τοῦ
1053 1817 1104 1899 μὲν
1126 1817 1181 1901 γὰρ
1203 1818 1267 1888 ἑνδς
1289 1815 1351 1881 κατ’
1379 1817 1503 1902 ἀριθμόν

215 1938 242 1984 15
255 1925 391 2008 σώματος
418 1922 470 2005 μία
491 1917 554 1984 κατ’
582 1918 706 2005 ἀριδμδν
732 1919 780 1982 καὶ
807 1918 973 2003 ἐπιφάνεια,
1002 1918 1036 1982 οὐ
1060 1920 1132 2005 μήν,
1159 1920 1185 1983 εἰ
1212 1921 1262 2003 μία
1289 1917 1352 1985 κατ’
1380 1919 1505 2003 ἀριδμδν

255 2027 421 2111 ἐπιφάνεια,
448 2026 495 2088 καὶ
516 2022 548 2086 ἐν
570 2026 680 2108 χρῶμα
701 2019 763 2085 κατ’
791 2020 924 2106 ἀριθμόν.
969 2022 1119 2107 ἐνδέχεται
1140 2022 1194 2107 γὰρ
1216 2024 1268 2107 τὴν
1290 2022 1381 2106 αὐτὴν
1404 2021 1505 2107 ἐπιφοί·

256 2152 334 2193 νειαν
363 2130 412 2192 καὶ
438 2127 474 2190 τὰ
500 2124 611 2189 ἐναντία
639 2121 718 2209 ἔχειν
751 2123 781 2187 ἐν
809 2123 884 2208 αῦτη
912 2126 1065 2209 χρώματα.
1116 2125 1163 2188 καὶ
1190 2125 1226 2188 τὰ
1252 2125 1353 2209 όριστὰ
1379 2126 1504 2210 διαφανῇ

255 2231 346 2315 πέρας
368 2230 419 2314 μὲν
441 2227 519 2315 ἔχει,
545 2226 580 2291 ἄν
606 2250 638 2290 τε
658 2221 688 2312 ᾗ
711 2226 916 2312 πεφωτισμένα
945 2226 979 2291 ἅν
1005 2250 1037 2291 τε
1065 2228 1123 2313 μή,
1151 2233 1259 2314 χρῶμα
1289 2228 1322 2291 δέ
1348 2225 1413 2313 ἔχει
1440 2225 1506 2290 τότε

257 2337 355 2418 μόνον,
378 2332 426 2396 ότε
448 2333 496 2396 καὶ
518 2332 705 2415 πεφώτισται.

215 2452 243 2497 νο
335 2433 371 2500 Ἡ
394 2433 426 2498 δέ
440 2457 474 2517 γε
496 2434 570 2517 ἀκοή
587 2432 648 2496 ἐστι
671 2431 723 2515 μὲν
744 2435 803 2494 τῶν
819 2431 882 2495 κατ’
903 2431 1047 2517 ἐνέργειαν
1069 2432 1172 2517 ψόφων
1195 2433 1383 2518 ἀντιληπτική
1406 2456 1437 2497 τε
1457 2432 1505 2496 καὶ
1518 2449 1548 2492 κν

257 2540 380 2626 κριτική,
401 2537 506 2621 γίνεται
528 2535 560 2598 δέ
583 2535 599 2597 ὁ
621 2532 685 2597 κατ’
713 2532 854 2617 ἐνέργειαν
877 2534 970 2620 ψόφος
992 2535 1048 2598 ῦπδ
1071 2538 1193 2620 πληγῆς.
1230 2538 1250 2620 ἡ
1273 2536 1305 2599 δέ
1327 2537 1424 2621 πληγὴ
1449 2536 1504 2601 ὑπό

255 2642 288 2706 τέ
309 2664 384 2711 τινος
404 2639 453 2704 καὶ
472 2634 548 2721 ’πρός
568 2659 594 2700 τι
621 2637 671 2701 καὶ
693 2638 741 2700 διά
762 2659 845 2705 τινος.
891 2636 947 2700 ῦπδ
971 2636 1023 2720 μέν
1044 2661 1130 2711 τινος,
1155 2642 1208 2702 τοῦ
1233 2638 1287 2723 γὰρ
1310 2639 1503 2722 πλήσσοντος·

255 2745 327 2831 πρός
348 2767 375 2807 τι
396 2741 438 2817 δέ,
461 2741 533 2825 πρδς
555 2739 609 2823 γὰρ
631 2741 664 2804 τδ
686 2736 902 2823 πλησσόμενον·
936 2741 983 2807 διαί
1004 2763 1079 2810 τινος
1101 2740 1144 2816 δέ,
1167 2737 1205 2803 δι’
1233 2740 1268 2805 οῦ
1290 2743 1310 2825 ἡ
1333 2743 1441 2826 πληγή.
1485 2743 1505 2826 ἡ

256 2848 310 2934 γὰρ
333 2844 429 2929 πληγὴ
457 2842 566 2927 κίνησίς
592 2843 635 2913 τίς
657 2842 717 2906 ἐστι
739 2842 813 2905 κατὰ
838 2839 942 2903 τόπον·
976 2847 1056 2907 πᾶσα
1078 2844 1111 2907 ῦέ
1136 2845 1156 2927 ἡ
1182 2841 1300 2927 τοιαύτη
1327 2843 1436 2928 κίνησις
1458 2847 1507 2910 διαί
1519 2861 1548 2904 εσ

214 2967 242 3012 αν
255 2973 343 3021 τινος·
378 2949 455 3012 ὥστε
476 2946 526 3010 καὶ
547 2945 566 3026 ἡ
589 2944 686 3027 πληγὴ
711 2944 761 3027 μὲν
784 2943 833 3006 διαί
852 2967 938 3021 τινος,
961 2944 996 3008 οὐ
1019 2947 1075 3030 μὴν
1097 2950 1150 3009 τοῦ
1171 2943 1318 3031 τυχόντος.
1363 2944 1506 3033 οὔτεγὰρ

257 3054 305 3119 διὰ
329 3054 457 3138 στερεοῦ,
481 3048 525 3113 ότι
540 3049 580 3133 μὴ
603 3045 712 3111 οἷόντε
733 3045 781 3109 διὰ
802 3046 932 3112 τοιοῦτον
954 3048 1063 3134 κίνησιν
1085 3047 1232 3133 γενέσθαι,
1253 3046 1320 3112 οὔτε
1342 3048 1389 3112 διὰ
1411 3054 1506 3130 κενοῦ,

204 3189 602 3205 ’,ἐ-...-

205 3260 273 3312 1-4
299 3253 527 3329 ητις-ὁρώμενα]
550 3252 593 3307 die
610 3252 699 3320 Kraft‚
722 3252 764 3306 dio
783 3252 839 3305 sich
857 3252 892 3305 im
911 3252 995 3308 Fouer
1010 3253 1094 3308 findet
1115 3254 1170 3308 und
1188 3255 1216 3308 in
1234 3244 1288 3308 den'
1304 3254 1414 3325 fibrigen
1432 3257 1560 3327 Κότροτο,

202 3347 298 3400 welche
315 3345 363 3398 das
377 3344 454 3397 Licht
471 3340 611 3405 hewirken,
629 3339 676 3393 das
696 3338 734 3393 sie
751 3341 939 3395 inshesondere
958 3340 1073 3394 sichthar
1085 3343 1180 3408 ωοεόι,
1200 3343 1286 3396 εἰσίοι
1303 3343 1369 3395 auch
1388 3342 1430 3396 dio
1442 3344 1558 3400 Ursache

122 3447 126 3455 ’
202 3435 244 3488 hir
262 3434 304 3487 die
322 3431 435 3485 anderen
453 3430 565 3494 Bathea,
583 3428 643 3481 dass
662 3429 699 3480 sie
718 3429 831 3496 μενοῦσα
848 3430 960 3495 werden,
982 3428 1038 3481 weil
1057 3429 1104 3482 sie
1122 3429 1203 3482 selhst
1220 3430 1267 3483 dus
1285 3429 1362 3483 Lieht
1378 3432 1488 3485 hewirht
1503 3434 1559 3487 und

203 3523 252 3575 das
270 3522 306 3573 ist
324 3519 473 3589 dasJenige,
494 3516 616 3570 wodurch
641 3508 683 3568 die
701 3514 781 3569 durch
805 3516 922 3570 dasselhe
945 3516 1090 3586 geseheuen
1110 3516 1196 3586 Dinge
1218 3518 1330 3586 genehen
1352 3519 1453 3573 werden

203 3609 287 3662 9-11
313 3609 351 3677 τῷ
368 3606 416 3676 γὰρ
434 3601 718 3675 πέρατι-χρώννυται]
744 3604 798 3656 weil
817 3604 928 3656 nhmlich
947 3603 988 3656 ihr
1006 3601 1126 3657 Zustand
1144 3620 1190 3656 zur
1209 3605 1268 3659 Zeit
1286 3606 1331 3659 der
1349 3605 1496 3660 Aufnahme
1513 3607 1559 3661 der

202 3695 286 3749 Farbe
309 3693 349 3763 [so
372 3690 434 3761 ist],
456 3692 503 3743 wie
528 3691 569 3743 ihr
593 3690 711 3743 Zustand
734 3690 853 3744 whhrend
875 3691 920 3744 der
943 3690 1090 3744 Aufnahme
1113 3691 1158 3745 <les
1181 3692 1413 3747 Beendehwerdens
1437 3695 1490 3746 und
1513 3695 1559 3749 der

160 3770 163 3775 ’
202 3783 279 3837 δοται
295 3796 347 3834 von
365 3781 450 3833 einem
469 3778 553 3846 Dinge
571 3778 722 3831 ausserhalh
839 3779 876 3831 11·
898 3776 1022 3849 ἀόριστον]
1041 3780 1203 3848 unhegrenzt
1322 3780 1422 3835 14-15
1449 3783 1559 3852 τοῦμὲν

201 3865 434 3941 γὰρ-ἐπιφάνεια]
453 3866 588 3919 denudas
606 3865 682 3932 Sein,
700 3866 728 3918 iu
746 3865 803 3917 dem
822 3881 850 3919 σο
868 3866 916 3932 ist,
934 3866 970 3918 ist
988 3865 1068 3918 hines
1088 3865 1132 3918 der
1151 3867 1213 3919 Zahl
1233 3869 1301 3921 nach
1320 3869 1374 3921 und
1393 3869 1436 3922 die
1454 3869 1558 3937 h'lfiche,

202 3958 232 4011 in
249 3956 369 4010 walchem
389 3957 427 4009 νίο
444 3955 489 4020 ist,
507 3954 573 4007 auc-h
592 3953 671 4006 Eines
689 3953 733 4005 der
753 3952 817 4006 Zahl
834 3953 902 4006 nach
1011 3952 1041 4004 17
1061 3950 1157 4022 όριστὰ]
1177 3953 1219 4008 die
1237 3956 1329 4023 hieht
1347 3957 1505 4025 hegrenzten

202 4044 237 4098 20
255 4044 282 4097 δέ
299 4061 327 4112 γε
345 4057 395 4096 om.
501 4042 553 4095 ἐστι
570 4038 748 4111 ἀντιληπτικὴ]
768 4040 804 4092 ist
821 4040 964 4110 dasjenige‚
982 4054 1034 4093 was
1051 4041 1215 4094 wahrnimmt
1320 4042 1424 4097 22-23
1447 4043 1557 4116 ῦπδ-έγ

201 4129 300 4203 πληγή]
323 4130 376 4183 Das
395 4129 478 4198 Βίας,
500 4143 551 4182 von
569 4127 689 4181 walchem
708 4127 756 4180 das
775 4125 887 4195 Klopfen
901 4126 1016 4192 hommt,
1038 4128 1074 4180 ist
1091 4128 1137 4180 das
1155 4128 1308 4197 Klopfende.
1345 4132 1397 4185 Das
1416 4132 1501 4201 Diug,
1523 4148 1558 4185 an

203 4220 311 4273 welches
328 4216 446 4287 geklopft
463 4217 539 4282 wird,
562 4216 597 4269 ist
615 4214 661 4267 das
679 4207 864 4282 Angehlopste.
899 4213 952 4266 Das
970 4214 1055 4282 Ding,
1079 4215 1159 4268 durch
1180 4218 1286 4270 welches
1304 4218 1351 4271 das
1370 4218 1481 4288 Klopfen
1500 4224 1557 4273 ent-

202 4308 282 4374 steht,
298 4308 334 4360 ist
351 4304 494 4374 dasjenige‚
512 4302 592 4356 durch
610 4302 704 4355 dessen
723 4300 899 4370 vermittlung
917 4301 963 4354 das
981 4301 1093 4370 Klopfen
1112 4302 1175 4356 wird

205 4499 216 4550 l
237 4493 254 4572 ᾗ
274 4497 297 4549 V
367 4495 384 4548 3
401 4498 439 4565 τῷ
453 4492 491 4546 m’
507 4491 536 4546 τὸ
549 4494 584 4545 m¹
595 4493 630 4546 V:
649 4494 688 4563 τῷ
706 4508 723 4545 α
793 4491 809 4543 6
827 4491 907 4544 αἰτίαν
925 4493 1031 4560 scripsi:
1049 4491 1115 4545 αἴτια
1128 4493 1203 4547 litera
1215 4500 1274 4563 post
1288 4513 1311 4548 ια
1325 4511 1390 4549 οιοε.
1404 4497 1439 4548 V:
1457 4495 1524 4549 αἴτια
1541 4514 1558 4550 α

203 4581 254 4655 ’ίῇ
273 4584 308 4637 V:
327 4581 344 4654 η
363 4600 379 4636 α
475 4581 558 4634 9-11
578 4577 637 4650 γὰρ]
656 4578 689 4631 cf.
705 4576 778 4643 14,19
877 4579 904 4630 11
926 4578 1038 4649 ἀόριστον
1056 4581 1148 4649 scripsi
1168 4580 1199 4634 cf.
1217 4583 1266 4635 int.
1285 4583 1370 4635 hebra
1389 4582 1485 4655 όριστόν
1504 4584 1557 4655 va;

202 4676 318 4741 apertum
337 4671 406 4724 enim
425 4675 466 4722 est
483 4685 507 4720 ν.
521 4665 607 4720 6-12
626 4667 682 4733 (τοῦ
700 4665 726 4718 δὲ
745 4664 889 4723 εῖναι-ὡς
906 4665 1043 4736 διαφανῶν)
1063 4667 1094 4720 de
1114 4669 1191 4720 rebus
1208 4684 1262 4722 non
1282 4672 1428 4724 terminatis
1447 4672 1508 4737 dici,
1527 4671 1558 4724 de

204 4759 349 4814 terminatis
369 4757 400 4810 12
410 4774 449 4826 sq.
468 4754 516 4823 (ὧν
534 4754 560 4808 δὲ
579 4752 682 4827 ὥρισται
700 4751 767 4818 κτλ.)
847 4752 882 4805 '20
901 4753 972 4823 ,περὶ
990 4753 1093 4824 ἀκοῆς,“
1122 4753 1184 4824 ἠδέ
1204 4757 1242 4809 Va
1321 4776 1348 4828 γε
1367 4774 1416 4811 om.
1435 4775 1460 4811 α.
1488 4758 1557 4829 σόη

679 4849 680 4853 ’
1074 4855 1089 4888 τ

204 4899 230 4953 δέ
242 4918 269 4970 γι
280 4903 334 4952 τῶν
346 4896 449 4969 ἀγαδῶν
461 4896 540 4971 ὄρεξις
554 4894 660 4948 136v28
732 4894 765 4944 2³6
784 4880 896 4962 στερίτιον
909 4894 970 4961 (sic)
984 4895 1004 4945 λ’
1076 4895 1138 4965 ομὴ
1152 4895 1186 4949 V:
1200 4902 1236 4968 τῷ
1250 4899 1286 4970 μὴ
1299 4917 1340 4952 ex.
1355 4897 1479 4952 Victazh
1491 4898 1558 4970 μἠο
