3540 5610
690 306 893 359 ALEXANDRI
913 307 956 359 1>ss
975 307 1086 361 Aninio
1544 309 1564 372 5

263 476 432 556 δυναμένων
456 477 574 541 ἐκείνων
598 480 645 542 καὶ
663 481 754 564 χωρὶς
776 480 884 542 τούτων
908 482 1074 564 ύφεστοίναι.
1108 483 1140 544 τό
1165 481 1216 564 μὲν
1239 479 1288 543 οῦν
1312 482 1385 544 κατὰ
1406 481 1511 565 τέχνην

263 578 411 662 γινόμενον
434 579 511 649 εἶδος
532 580 586 644 οὐκ
609 582 709 657 οὐσία,
737 583 781 647 ότι
804 583 879 667 μηδὲ
901 584 920 666 ἡ
943 582 1031 667 τέχνη
1055 584 1158 669 (τέχνη
1181 584 1235 667 γὰρ
1258 585 1306 647 καὶ
1328 585 1361 646 τὸ
1383 587 1511 646 τοιοῦτον

263 681 352 753 εἶδος,
375 685 415 752 ὡς
439 684 630 768 προείρηται),
655 686 687 769 τὸ
710 686 742 748 δὲ
764 685 838 748 κατὰ
860 685 945 769 φύσιν
965 685 1060 760 οὐσία,
1084 686 1127 749 ὅτι
1149 688 1198 750 καὶ
1219 685 1339 770 ἡφύσις
1362 686 1454 762 οὐσία,
1479 686 1511 746 τὸ

263 783 297 845 δὲ
318 788 447 847 τοιοῦτον
469 785 546 854 εἶδος
568 786 660 870 φύσις.
701 792 756 850 ’τοῦ
779 788 833 871 γὰρ
856 788 946 871 πυρὸς
968 785 1048 856 ὄντος
1070 792 1193 872 φυσικοῦ
1215 811 1246 851 τε
1268 789 1315 850 καὶ
1338 788 1432 850 ἁπλοῦ
1456 790 1510 851 σόν-

232 901 355 968 οματος
377 886 454 956 εἶῦος
477 890 529 969 μὲν
553 891 571 971 ἡ
596 889 741 974 θερμότης
768 891 817 953 καὶ
844 914 863 972 η
888 887 1009 972 ξηρότης
1037 889 1084 951 καὶ
1106 891 1126 972 ίη
1150 889 1183 953 ἐκ
1205 891 1313 954 τούτων
1340 913 1370 953 τε
1393 892 1441 954 καὶ
1465 890 1553 952 exito

263 989 376 1057 τούτοις
398 992 563 1074 γεννωμένη
585 990 747 1075 κουφότης,
772 992 826 1076 ύλη
850 993 882 1054 ῦὲ
904 991 937 1053 τὸ
960 991 1070 1061 τούτοις
1093 992 1295 1074 ὑποκείμενον,
1325 992 1341 1055 ὃ
1365 993 1437 1055 κατὰ
1460 995 1511 1076 τἠν

263 1091 354 1154 αύτοῦ
378 1092 462 1176 φύσιν
485 1092 570 1156 οῦδὲν
593 1093 624 1155 ὃν
647 1093 757 1156 τούτων
785 1093 894 1175 ὁμοίως
916 1093 1024 1156 τούτων
1051 1117 1083 1156 τε
1106 1095 1152 1157 καὶ
1175 1100 1232 1158 τῶν
1255 1095 1391 1157 ἐναντίων
1414 1096 1511 1164 αὐτοῖς

264 1194 340 1256 ἐστιν
363 1194 542 1258 ἐπιδεκτικόν
564 1194 616 1278 (δι’
637 1197 673 1278 ἣν
697 1194 781 1279 φύσιν
804 1198 833 1259 αἱ
857 1202 914 1259 τῶν
939 1197 1039 1258 ἁπλῶν
1061 1199 1204 1280 σωμάτων
1227 1198 1269 1266 εἰς
1290 1197 1402 1281 ἄλληλα
1424 1198 1511 1279 γίνον-

264 1318 310 1358 ται
327 1298 512 1381 μεταβολαί).
547 1298 588 1360 ὧν
605 1297 742 1385 ούῦέτερα
766 1298 817 1381 μέν
841 1298 902 1362 ἐστι
918 1304 1014 1381 σῶμα,
1037 1300 1069 1361 τό
1087 1300 1119 1362 δὲ
1142 1299 1171 1368 ἐξ
1187 1299 1282 1362 αὐτῶν
1305 1299 1362 1384 ἤδη
1379 1303 1466 1383 σῶμα
1481 1323 1511 1363 τε

221 1412 249 1456 lo
263 1399 312 1461 καὶ
335 1403 390 1483 πῦρ
413 1401 508 1484 ἀρχὴν
531 1401 610 1484 παρὰ
633 1405 685 1483 τῆς
707 1399 823 1484 φύσεως
849 1401 897 1464 καὶ
922 1406 974 1486 τῆς
997 1403 1070 1464 κατὰ
1094 1403 1125 1464 τὸ
1148 1401 1225 1470 εἶδος
1247 1400 1345 1471 οὐσίας
1368 1401 1437 1487 ἔχον
1459 1407 1512 1484 τῆς

263 1503 306 1569 εἰς
332 1502 365 1563 τὺ
388 1501 449 1564 ἄνω
477 1504 618 1586 κινήσεως
643 1502 696 1585 τὴν
720 1502 902 1587 κουφότητα·
936 1505 998 1587 ἥτις
1021 1503 1164 1588 κουφότης
1190 1504 1268 1573 εἶῦός
1299 1528 1328 1567 τε
1356 1506 1404 1567 καὶ
1427 1504 1512 1588 φύσις

264 1602 337 1667 υύσα
367 1609 417 1667 τοῦ
441 1605 530 1688 τυρὸς
556 1604 631 1687 αὐτὴ
660 1605 700 1688 μὴ
728 1605 891 1689 κινουμένη.
936 1610 999 1674 πῶς
1025 1606 1078 1688 ηοίρ
1108 1605 1142 1669 ἂν
1165 1605 1308 1690 κουφότης
1334 1606 1407 1691 αῦτη
1437 1605 1506 1671 καθ’
1524 1623 1552 1664 ³23

264 1707 354 1790 αὐτὴν
377 1708 509 1789 κινηθείη
536 1706 601 1769 ποτ’
630 1705 664 1769 ἂν
686 1706 775 1771 ἄλλου
801 1731 827 1770 τι
850 1708 923 1771 ούσα
952 1710 999 1771 καὶ
1027 1708 1061 1771 ού
1085 1706 1151 1772 καθ’
1179 1709 1284 1792 αύτηνς
1319 1709 1436 1792 δύναμις
1459 1712 1510 1791 μὲν

263 1811 318 1892 ηυίρ
347 1833 389 1878 τις
421 1811 440 1893 η
469 1808 613 1894 κουφότης
644 1815 695 1873 τοῦ
728 1808 846 1895 ἔχοντος
881 1811 971 1893 αὐτὴν
1003 1814 1150 1894 σώματος·
1186 1811 1306 1892 οὐδεμία
1334 1813 1365 1875 δὲ
1393 1812 1510 1895 δύναμις

221 1927 249 1971 15
263 1913 394 1997 χωριστὴ
425 1916 475 1974 τοῦ
503 1913 675 1995 δυναμένου.
724 1914 768 1976 διὸ
797 1915 844 1976 καὶ
872 1913 906 1976 ού
933 1914 1088 1997 κινουμένη
1122 1913 1189 1977 καθ’
1221 1914 1311 1996 αὐτὴν
1345 1921 1386 1999 τῷ
1414 1912 1511 1998 ἔχοντι

264 2015 355 2098 αὐτὴν
378 2017 492 2097 σώματι
514 2016 590 2078 αἰτία
604 2020 656 2098 τῆς
679 2015 709 2083 ἐξ
728 2015 817 2079 αῦτοῦ
839 2017 946 2099 γίνεται
968 2019 1110 2100 κινήσεως
1132 2016 1268 2079 καὶκατὰ
1291 2021 1375 2079 τοῦτο
1397 2017 1510 2099 λέγεται

264 2118 297 2180 τὸ
321 2115 390 2201 ἕχον
413 2116 504 2200 αὐτὴν
527 2122 614 2198 σῶμα
636 2121 739 2195 κινεῖν,
766 2117 809 2181 ότι
832 2119 879 2181 διὰ
901 2119 1007 2202 ταύτης
1028 2141 1060 2181 τε
1081 2118 1129 2181 καὶ
1152 2119 1226 2182 κατὰ
1247 2119 1351 2202 ταύτην
1374 2119 1455 2205 αὐτῷ
1480 2121 1512 2182 τό

265 2221 408 2284 κινεῖσθαι
436 2217 524 2283 υῦσαν
553 2219 642 2282 αὐτοῦ
668 2220 785 2302 δύναμίν
816 2245 847 2284 τε
874 2222 922 2284 καὶ
949 2222 1043 2305 φύσιν.
1089 2224 1175 2304 σῶμα
1203 2222 1254 2305 μὲν
1282 2219 1331 2285 οῦν
1358 2220 1508 2306 οὐδέτερόν

263 2322 349 2402 ἐστιν,
373 2323 402 2392 ἐξ
426 2324 467 2385 ὧν
491 2324 613 2405 πρώτων
635 2324 668 2385 τὸ
689 2325 799 2386 ἁπλοῦν
822 2323 884 2387 ἐστι
906 2328 1002 2405 σῶμα.
1037 2321 1103 2386 σῦτε
1125 2324 1178 2407 γὰρ
1202 2325 1220 2407 ἡ
1245 2323 1298 2408 ῦλη
1322 2329 1421 2407 σῶμα·
1453 2329 1509 2388 πᾶν
1523 2342 1551 2384 to

219 2441 249 2485 νυ
263 2428 315 2511 μὲν
337 2427 391 2510 γὰρ
412 2431 500 2507 σῶμα
522 2426 613 2488 ἁπτόν
636 2448 667 2487 τε
686 2427 734 2488 καὶ
758 2425 820 2509 μετ’
848 2426 1045 2495 ἐναντιώσεως
1061 2450 1144 2504 τινος,
1166 2450 1185 2510 η
1208 2427 1241 2489 δὲ
1264 2427 1317 2513 ύλη
1341 2428 1435 2512 πάσης
1458 2429 1510 2490 ἀπ·

264 2534 316 2611 τῆς
339 2528 491 2611 ποιότητος
513 2530 560 2591 καὶ
584 2528 780 2598 ἐναντιώσεως
802 2529 885 2598 ἐκτός
907 2529 999 2604 ἐστιν,
1022 2530 1069 2592 καὶ
1092 2529 1124 2591 τὸ
1148 2529 1200 2609 μὲν
1224 2535 1311 2612 σῶμα
1334 2529 1466 2614 ύφεστός,
1490 2534 1509 2615 η

264 2633 298 2694 δὲ
321 2632 376 2716 ῦλη
399 2629 492 2699 εἴδους
520 2633 609 2693 ῦεῖται
633 2633 704 2714 πρὸς
731 2633 763 2694 τὸ
792 2631 874 2694 εἶναι.
918 2631 966 2695 διὰ
988 2636 1072 2694 τοῦτο
1101 2633 1133 2694 δὲ
1159 2631 1227 2694 οὐδὲ
1254 2633 1287 2694 τὸ
1313 2630 1390 2702 εἶδος
1412 2639 1509 2717 σῶμα,

208 2892 219 2941 l
241 2885 357 2955 ἐκείνων]
373 2888 435 2955 jene
452 2888 575 2940 Maiorien
684 2890 700 2941 8
719 2889 744 2940 αλ
762 2895 815 2941 τῶν
834 2887 933 2958 ἁπλῶν]
953 2890 997 2941 der
1016 2890 1123 2958 librigeli
1231 2888 1317 2939 9-1'2
1335 2887 1363 2939 τὸ
1382 2886 1408 2939 δὲ
1427 2887 1562 2960 ἐΕ-αύτὴ

204 2978 242 3044 μη
260 2974 408 3044 κινουμένη]
429 2975 540 3026 sondern
559 2991 611 3027 was
631 2977 710 3028 durch
731 2976 807 3030 beide
824 2977 946 3041 entoteht,
966 2977 1000 3028 ist
1018 2977 1089 3029 donn
1107 2978 1149 3029 ein
1164 2975 1262 3042 Kirper
1281 2974 1334 3025 und
1353 2974 1400 3027 das
1419 2976 1454 3027 ist
1472 2976 1563 3029 Fener.

204 3065 258 3117 Das
276 3063 385 3130 Princip
405 3063 449 3114 (ier
467 3062 624 3131 Bewegung,
643 3063 737 3116 welche
756 3080 783 3116 es
802 3065 887 3116 seiner
899 3064 981 3116 Notur
1000 3064 1055 3116 und
1073 3064 1170 3116 seinem
1186 3062 1281 3114 Woseo
1301 3063 1366 3113 noch
1386 3062 1430 3114 hot
1447 3064 1494 3115 nui
1505 3064 1562 3117 dem

205 3151 289 3220 Wege
308 3151 353 3202 der
371 3150 456 3215 Form,
474 3151 585 3203 nimiicli
604 3150 649 3202 <ier
662 3151 810 3218 Bowegung
827 3150 894 3202 nach
914 3151 989 3214 oben,
1008 3151 1043 3202 ist
1061 3151 1103 3203 die
1122 3149 1304 3217 Leiehtigkoit.
1334 3148 1411 3201 Diese
1430 3150 1561 3220 Leichtig-

203 3240 259 3292 keit
277 3240 314 3290 ist
332 3238 374 3290 die
394 3237 468 3289 Fonn
488 3237 533 3289 des
552 3238 714 3289 notitiiehen
733 3238 840 3301 Feuers;
868 3238 906 3290 sie
925 3237 1005 3290 selbst
1024 3240 1124 3305 bewegt
1142 3237 1196 3288 sich
1216 3237 1289 3288 nicht
1308 3237 1354 3302 (ist
1372 3237 1445 3289 nicht
1463 3239 1562 3306 beweg-

147 3326 151 3333 ’
204 3326 286 3391 lieh't)
413 3324 516 3376 λῖν-16
543 3323 704 3394 διὸ-αὐτην
723 3324 834 3394 σώματι]
860 3325 945 3378 Wenn
964 3326 1017 3376 also
1037 3325 1081 3377 der
1100 3324 1199 3391 Korper
1221 3324 1276 3376 sich
1295 3323 1375 3375 doroh
1397 3326 1434 3376 sie
1454 3326 1562 3394 bewegt,

204 3414 297 3467 ἀρκτοι]
317 3415 356 3465 sio
374 3414 408 3464 ist
511 3412 541 3462 18
560 3411 636 3465 otto-'a
656 3427 706 3464 om.
807 3411 837 3464 19
857 3409 914 3464 οὔτε
933 3414 978 3483 γὰρ
996 3413 1012 3481 η
1032 3409 1079 3481 ὕλη
1099 3408 1184 3478 σῶμα]
1205 3410 1274 3463 deon
1292 3411 1334 3462 oie
1352 3411 1419 3478 Hyle
1438 3413 1472 3464 ist
1490 3413 1562 3465 nicht

205 3503 305 3570 Κῦτρσι
324 3502 386 3553 und
408 3499 458 3552 die
479 3500 565 3552 Fortu
586 3500 630 3552 ist
648 3501 740 3552 nicht
760 3501 880 3568 Κῦτριιι·
987 3499 1021 3550 20
1039 3498 1120 3567 ἀκτῆς
1139 3514 1188 3550 om.

205 3650 460 3657 ———-—-——.-.
486 3651 495 3655 .
525 3652 528 3655 .

208 3747 217 3796 l
242 3746 379 3813 ύφεστᾶναι
397 3750 427 3795 ut
445 3744 544 3797 soleto
651 3743 666 3794 2
690 3740 727 3794 ότι
746 3742 780 3793 V:
800 3741 882 3813 ἄρου
989 3740 1023 3808 μὴ
1043 3738 1069 3792 δὲ
1090 3741 1128 3791 Va
1234 3740 1250 3791 3
1273 3737 1312 3791 ὅτι
1331 3739 1365 3789 Vt
1384 3737 1466 3809 ἅραιι

203 3831 329 3896 Meton,
349 3831 467 3899 σώματος
487 3833 519 3881 t’:
540 3832 634 3884 ἁπλοῦν
653 3830 769 3898 σώματος
789 3847 804 3882 a
893 3830 1081 3899 ῦηενομὲνηυ
1174 3825 1285 3879 tanton
1303 3827 1407 3894 scripsi:
1427 3820 1504 3879 αὑτοῦ
1523 3828 1561 3880 Va

205 3924 220 3972 n*
239 3921 336 3971 αἰτῶν
358 3921 391 3969 i’:
411 3908 530 3971 αύτιῖιντι
626 3921 657 3971 10
675 3923 811 3985 exspectas
830 3916 882 3990 ἔχει
901 3922 927 3968 et
945 3917 1004 3968 ἐστι.
1041 3915 1090 3968 Sed
1108 3916 1140 3966 cf.
1159 3913 1180 3965 εἰ
1198 3914 1244 3984 γὰρ
1263 3913 1291 3966 τὸ
1309 3913 1473 3981 ὑποκείμενον
1491 3913 1562 3983 αὐτῷ

205 4014 279 4073 σῶμα
297 4006 355 4059 τόδε
373 4026 396 4058 τι
415 4006 443 4058 ὃν
462 4009 505 4059 καὶ
523 4005 585 4060 καθ’
607 4006 668 4058 oizi>
686 4004 835 4076 ὑφίστασθαι
853 4004 1003 4073 δυνάμενον,
1025 4003 1074 4056 εἶτε
1091 4006 1187 4069 πνεῦμα
1206 3999 1247 4063 όν,
1265 3999 1313 4052 εἴτε
1331 3999 1392 4052 ἄλλο
1410 4018 1433 4052 τι
1452 4000 1499 4053 οῦκ
1518 4001 1560 4070 ἔμ-

205 4096 295 4167 toy-ov,
313 4094 327 4146 ό
346 4096 480 4163 σωζομένῳ
500 4099 538 4164 τῷ
556 4095 655 4163 σώματι
673 4094 754 4162 τούτῳ
774 4091 963 4162 προσηινόμινυν
976 4089 1089 4160 ἔμψυχον
1107 4088 1169 4141 αὐτὸ
1189 4087 1214 4147 ἐξ
1234 4087 1332 4161 ἀψύχου
1351 4095 1422 4153 ποιεῖ,
1441 4087 1510 4141 τοῦτ’
1532 4089 1561 4141 ἂν

204 4183 270 4251 ciet,
290 4182 361 4254 ψυχὴ
382 4181 441 4233 κατ’
457 4181 547 4240 αύτούς
568 4181 673 4234 126134
692 4180 755 4233 ἀλλὰ
768 4180 819 4250 μὴν
837 4186 903 4232 πᾶσα
923 4180 1001 4249 βίαιος
1019 4177 1113 4248 κίνησις
1132 4176 1198 4248 παρὰ
1211 4174 1282 4244 φύσιν
1300 4175 1344 4226 καλ
1362 4174 1401 4227 διὰ
1415 4180 1561 4246 σωματικῆς

204 4270 365 4338 ἀπερείσεως
387 4272 503 4340 γινομένη
531 4268 636 4321 lios-45>
666 4266 710 4337 ὑφ’
737 4266 774 4319 ὧν
796 4268 935 4337 τρεπομένη
963 4284 1017 4324 πως
1041 4263 1213 4336 ὁμοιοτρόπως
1240 4271 1276 4333 τῷ
1305 4262 1377 4321 ἐκτός
1404 4262 1517 4333 διαφανεῖ
1539 4265 1561 4317 ΙΙ

208 4357 308 4410 introi
333 4356 385 4410 vid.
405 4357 461 4408 ind.
480 4375 500 4409 s.
513 4374 537 4409 ν.
555 4356 654 4424 ellipsis
781 4356 808 4406 ii
839 4355 867 4406 in
887 4355 1032 4407 enuntiatis
1051 4369 1096 4420 per
1113 4353 1222 4405 relativo
1240 4351 1410 4404 adnectendis
1429 4366 1462 4403 ne
1479 4366 1496 4402 o
1514 4351 1561 4403 tali

204 4444 307 4512 quidem
327 4444 466 4496 iteratione
484 4446 606 4498 abhorret
623 4439 657 4494 δι’
672 4441 776 4511 ὴν-ὧν
790 4440 1004 4513 ούδέτερα-ἧτις.
1041 4440 1080 4495 of.
1098 4441 1148 4492 ἐστι
1167 4438 1193 4491 δὲ
1211 4439 1278 4508 παρὰ
1295 4435 1388 4495 ταύτας
1406 4436 1507 4505 δύναμίς
1524 4455 1561 4496 τις

263 4533 280 4601 η
299 4530 391 4600 λομαή
402 4571 408 4582 .
419 4568 440 4593 .,
458 4530 489 4600 ἣν
508 4529 640 4601 ἅνθρωπος
663 4526 786 4598 ἐξαίρετον
805 4529 872 4600 ἔχων
891 4528 1037 4601 τιμιώτερόν
1056 4530 1083 4581 τέ
1101 4528 1152 4580 ἐστι
1170 4527 1236 4596 ζῷον
1254 4525 1297 4577 καὶ
1315 4523 1477 4596 τελειότερον,
1496 4523 1557 4577 καθ’

203 4620 233 4688 ἢν
252 4618 356 4686 δύναμιν
376 4619 420 4669 καὶ
437 4616 538 4687 λυηικὸς
555 4616 676 4670 καλεῖται.
712 4617 766 4686 ἥτις
785 4617 837 4669 ἐστι
856 4616 958 4684 ῦύναμις
980 4615 1085 4668 137v42
1109 4615 1142 4668 of.
1161 4614 1218 4667 lnd.
1237 4629 1258 4665 s.
1271 4630 1295 4664 ν.
1314 4628 1457 4681 pronomen
1475 4613 1560 4666 reinti-

203 4723 262 4759 σου]
387 4705 418 4757 12
441 4705 505 4775 αύτὴ
524 4723 552 4757 n:
572 4723 635 4773 αντη
655 4705 677 4755 V
799 4703 829 4755 17
853 4701 891 4755 ὅτι
910 4706 944 4755 V:
963 4703 1045 4774 ἄραυ
1165 4701 1197 4753 18
1224 4699 1310 4769 σῶμα]
1331 4706 1390 4768 post
1407 4719 1430 4752 ω
1449 4717 1502 4752 una
1521 4701 1560 4753 lit.

202 4796 278 4846 τοῦ
411 4791 441 4842 19
468 4798 602 4863 πρῶτονυ
726 4792 835 4843 fortasse
854 4788 901 4860 ὕλη
921 4795 995 4858 σῶμα
1014 4786 1083 4853 (οὔτε
1100 4789 1129 4841 τὸ
1148 4786 1225 4853 εἶδος)
1240 4787 1272 4840 ci.
1291 4790 1339 4842 int.
1358 4789 1427 4841 hebr.

202 4881 236 4933 '20
253 4887 355 4934 πᾶσαν
464 4878 497 4930 ’22
515 4879 663 4932 ῦιατοῦτοκ
