3540 5610
685 317 888 372 ιιιυιιιιυιιι
906 317 952 371 nr
969 317 1080 372 Αιιιιιι
1517 319 1557 383 41
1599 306 1605 321 ’

256 489 302 554 ὅτι
323 490 399 575 μηδὲ
419 489 473 575 τὴν
495 488 594 576 ἀρχὴν
614 491 648 554 τὸ
670 488 753 554 κενόν
775 489 839 555 ἐστί
857 513 894 554 τι.
938 490 1015 554 ἀλλά
1037 491 1161 575 μάλιστα
1182 491 1235 575 μὲν
1256 491 1287 562 ἐν
1308 490 1372 576 ἀέρι
1392 492 1441 554 καὶ
1464 487 1500 553 δι’

257 593 342 677 ἀέρος
369 593 385 656 ό
411 591 520 677 ψόφος,
553 591 611 676 ἤδη
638 593 671 656 δὲ
699 593 746 656 καὶ
774 589 810 655 δι’
838 593 950 663 ύδοιτος.
998 592 1066 657 οὔτε
1096 595 1129 657 τὸ
1157 597 1287 678 πλῖησσον
1318 594 1350 656 δὲ
1380 591 1447 656 οὔτε
1473 595 1506 655 τό

257 695 459 780 πλησσόμενον
486 695 523 758 τὰ
548 692 674 780 τυχόντα
708 692 776 757 όντα
804 694 898 781 ψόφον
925 699 1017 771 ποιεῖ,
1048 696 1123 759 ἀλλὰ
1149 698 1196 760 δεῖ
1220 702 1345 781 στερεῶν
1372 695 1507 779 γενέσθαι

256 799 369 884 πληγὴν
394 797 466 883 πρὸς
481 796 605 883 οῖλληλα.
640 796 674 860 ού
689 796 744 881 γὰρ
767 799 860 861 πάντα
881 798 917 861 τὰ
931 797 1120 882 πλησσόμενα
1141 798 1190 861 οἶά
1204 821 1236 862 τε
1250 803 1363 883 ψοφεῖν.
1397 800 1507 882 ἡγοϋν

230 906 316 964 στῶν
338 901 424 985 ἐρίων
446 901 517 985 πρὸς
539 899 653 985 ἄλληλα
674 900 771 985 πληγὴ
795 898 829 962 ού
853 904 933 962 ποιεῖ
951 900 1055 987 ψόφον.
1089 900 1157 964 οὐδὲ
1179 901 1214 964 τά
1236 901 1339 985 στερεὰ
1361 902 1394 965 δὲ
1415 902 1508 965 πάντα
1521 916 1549 958 ευ

258 1003 296 1066 τά
317 1002 464 1088 ψοφητυιά
486 1008 565 1067 ποιεῖ
577 1001 682 1088 ψόφον.
720 1003 750 1066 αί
764 1006 832 1085 γοῦν
855 1001 971 1087 βελόναι
992 1002 1059 1067 οὔτε
1074 1005 1257 1088 πλήσσουσαι
1280 1003 1418 1089 ἀλλήλας,
1440 1002 1508 1067 οὔτε

257 1104 459 1192 πλησσόμεναι
487 1102 536 1169 ὑπ’
563 1105 700 1190 ἀλλήλων
722 1108 836 1168 ποιοῦσι
859 1104 963 1190 ψόφον.
1007 1106 1098 1190 όγάρ
1126 1106 1183 1189 ἀὴρ
1210 1105 1318 1190 ἀθρόος
1340 1106 1508 1191 ἀπολαμβα-

256 1208 378 1291 νόμενος
399 1209 471 1294 πρός
491 1212 535 1293 τῷ
552 1206 747 1291 πλησσομένιρ
770 1207 841 1291 λείῳ
856 1207 875 1290 ἢ
892 1207 981 1292 κοιλιρ
1006 1205 1065 1271 όντι
1080 1209 1136 1271 ὑπὸ
1159 1212 1210 1272 τοῦ
1226 1211 1405 1293 πλήσσοντος
1427 1207 1508 1278 ὄντος

256 1312 307 1374 καὶ
328 1310 419 1375 αὐτοῦ
446 1310 575 1374 τοιούτου
597 1313 695 1395 ψοφεῖ.
738 1309 772 1372 τὸ
795 1310 847 1393 μὲν
873 1307 923 1372 οόν
945 1311 1022 1373 λεῖον
1044 1309 1222 1394 τυπτόμενον
1247 1310 1342 1398 ψόφον
1363 1315 1441 1375 ποιεῖ
1462 1312 1508 1375 διὰ

215 1433 245 1474 ιο
257 1417 293 1479 τὸ
307 1413 416 1501 ἀθρόον
439 1414 495 1477 ὑπό
516 1417 568 1477 τοῦ
583 1412 737 1481 τύπτοντος
758 1412 830 1495 πρὸς
850 1417 892 1496 τῷ
909 1411 1030 1498 τοιούτῳ
1052 1415 1165 1497 σώματι
1180 1414 1437 1500 ἀπολαμβάνεσθαι
1458 1414 1507 1477 τὸν

256 1519 340 1603 ἀέρα.
369 1517 418 1611 ,τὸ
444 1517 477 1581 δὲ
498 1518 611 1590 κοῖλον,
638 1513 683 1578 ότι
709 1515 725 1578 ό
748 1514 806 1600 ἀὴρ
833 1515 863 1578 ἐν
890 1514 1001 1584 τούτοις
1026 1515 1174 1580 ἀδυνατῶν
1202 1516 1328 1603 ἐξελθεῖν
1355 1517 1372 1580 ό
1394 1522 1508 1602 πρῶτος

256 1622 377 1706 πληγεὶς
399 1619 446 1683 διὰ
467 1620 520 1702 τὴν
544 1617 699 1700 κοιλότητα
724 1621 776 1680 τοῦ
800 1617 985 1702 περιέχοντος
1006 1617 1093 1681 αὐτὸν
1117 1617 1221 1682 ἄλλοτε
1243 1620 1314 1703 πρὸς
1336 1618 1411 1683 ἄλλα
1434 1620 1507 1705 μέρη
1521 1636 1549 1678 οι

258 1723 347 1788 αὐτοῦ
374 1722 536 1809 φερόμενος
560 1721 608 1784 καὶ
635 1717 841 1801 ἀνακλώμενός
870 1742 903 1782 τε
928 1721 976 1783 καὶ
1005 1719 1214 1806 ἐνειλούμενος.
1229 1723 1329 1806 βιαίως
1357 1722 1405 1785 ἐπὶ
1432 1722 1507 1786 πολὺ

258 1829 339 1912 ἠχεῖ,
361 1827 414 1890 άτε
435 1825 482 1889 διὰ
503 1829 561 1888 τῶν
587 1824 774 1888 ἀνακλάσεων
800 1821 917 1891 πλείους
938 1823 1052 1907 πληγὰς
1073 1829 1174 1887 ποιῶν.
1220 1826 1266 1888 δεῖ
1285 1824 1331 1899 δέ,
1358 1825 1385 1887 εί
1408 1824 1508 1910 μέλλοι

218 1948 244 1990 15
258 1931 354 2018 ψόφος
376 1927 507 2003 ἔσεσθαι,
530 1928 582 2011 τὴν
602 1927 716 2010 πληγὴν
737 1923 898 2010 ταχυτέραν
920 1924 1050 2007 γίνεσθαι
1072 1931 1125 2010 τῆς
1138 1930 1190 1990 τοῦ
1213 1926 1298 2011 ἀέρος
1320 1927 1455 2011 θρύψεώς
1477 1952 1508 1992 τε

257 2035 308 2097 καὶ
328 2032 446 2119 χύσεως
468 2033 519 2093 τοῦ
540 2028 646 2113 μεταξὺ
670 2026 750 2096 ὄντος
771 2031 822 2090 τού
844 2049 876 2090 τε
894 2028 1076 2112 πλήσσοντος
1097 2030 1145 2093 καί
1167 2029 1381 2114 πλησσομένου.
1415 2031 1508 2100 οὕτως

254 2136 310 2219 γὰρ
338 2133 490 2217 ὑπομένων
520 2132 569 2195 καὶ
595 2128 703 2214 ἀθρόος
724 2129 910 2214 προσπίπτων
937 2134 980 2214 τῷ
1007 2132 1202 2217 πλησσομένιρ
1231 2137 1309 2196 ποιεῖ
1332 2134 1381 2196 τὸν
1403 2132 1507 2219 ψόφον.

257 2239 315 2324 ἤδη
345 2238 379 2301 δὲ
401 2236 450 2301 καὶ
472 2233 559 2320 μόνος
586 2234 602 2297 ό
624 2234 682 2319 ἀὴρ
710 2233 829 2317 πληγείς
855 2257 917 2304 πως
944 2232 1038 2319 ψόφον
1065 2238 1145 2297 ποιεῖ
1170 2235 1218 2299 διὰ
1240 2236 1292 2319 τὴν
1321 2240 1549 2321 τῖηςπληγῆςεο

257 2345 409 2426 ταχυτῆτα
438 2341 479 2407 ὡς
506 2337 620 2423 στερεός
646 2336 808 2399 ἀντιτυπῶν
834 2340 877 2420 τῷ
904 2338 1063 2421 πλήσσοντι
1093 2336 1233 2422 φθάνοντι
1260 2337 1306 2402 διὰ
1337 2341 1390 2423 την
1420 2364 1507 2426 ταχυ-

214 2460 243 2505 εο
257 2450 331 2529 τῇτα
352 2448 406 2527 τῆς
431 2444 545 2525 πληγῆς
566 2440 618 2522 τὴν
640 2438 747 2502 οἰκείαν
769 2437 859 2501 αὐτοῦ
885 2439 1021 2523 ἀναίρεσίν
1043 2461 1074 2502 τε
1096 2440 1144 2502 καὶ
1167 2439 1286 2526 θρύψιν,
1317 2445 1358 2511 ὡς
1379 2442 1426 2505 ἐπὶ
1448 2448 1506 2506 τῶν

256 2547 403 2631 μαστίγων
425 2544 541 2626 γίνεται.
584 2543 624 2610 ὡς
646 2540 677 2604 εί
693 2564 727 2624 γε
750 2542 791 2624 μὴ
813 2540 918 2623 γίνοιτο
939 2542 1045 2605 θᾶττον
1068 2543 1087 2625 ἡ
1110 2541 1169 2604 ἀπὸ
1191 2547 1244 2627 τῆς
1265 2546 1378 2628 πληγῆς
1399 2545 1508 2628 κίνησις

255 2656 309 2735 τῆς
331 2648 467 2732 θρύψεως
488 2649 539 2709 τού
562 2643 658 2728 ἀέρος,
681 2642 734 2707 ὀὐκ
757 2642 792 2706 ἀν
814 2643 908 2739 ψόφος
929 2644 1042 2726 γίνοιτο,
1067 2644 1166 2728 ὥσπερ
1189 2643 1251 2709 οὐδ’
1279 2645 1329 2709 ἐὰν
1351 2647 1392 2716 εἰς
1414 2647 1507 2731 σωρὸν
1601 2630 1606 2641 ’

255 2753 358 2836 ἅμμου
375 2750 468 2831 τύπτῃ
491 2771 533 2817 τις
553 2745 712 2832 φερόμενον
734 2745 810 2830 ταχυ
827 2744 868 2829 μὴ
884 2745 1005 2831 φθάνων
1027 2746 1078 2830 τὴν
1095 2747 1198 2831 θρύψιν
1220 2746 1309 2811 αὐτοῦ
1331 2750 1379 2812 καὶ
1394 2748 1507 2834 φθοράν

256 2860 295 2941 τῇ
319 2856 430 2939 πληγῇ.

213 2976 243 3021 ἀ
341 2954 402 3022 Καὶ
428 2956 449 3037 ἡ
471 2954 540 3039 ἠχὼ
567 2951 601 3015 δὲ
627 2951 732 3035 γίνεται
758 2948 822 3015 κατ’
849 2950 1005 3016 ἀνάκλασιν
1031 2949 1126 3037 ἀέρος.
1171 2950 1316 3038 ὅτανγὰρ
1344 2953 1360 3017 ό
1390 2958 1509 3040 πληγεὶς
1522 2972 1549 3015 ιι

200 3149 278 3219 W]
297 3148 364 3202 auch
465 3145 482 3196 4
500 3140 571 3212 γοῦν]
591 3139 661 3194 donn
757 3139 774 3193 5
792 3138 877 3211 ἐρίων]
896 3140 942 3193 der
959 3140 1069 3209 luftigen
1087 3140 1188 3210 Kdrper
1287 3142 1356 3196 5-7
1375 3143 1562 3216 οὐδὲ-ψόφον]

202 3256 256 3293 orn.
351 3233 420 3288 7-9
439 3232 453 3285 ό
472 3226 643 3301 γὰρ-ψοφεῖ]
661 3228 738 3281 ὓοαιι
755 3226 800 3280 der
819 3228 876 3280 Ten
895 3228 968 3294 wird,
985 3244 1061 3282 wenn
1079 3229 1122 3282 die
1140 3228 1202 3282 Luft
1219 3234 1335 3298 gepreeet
1353 3233 1425 3305 vird,
1444 3234 1486 3286 bei
1505 3233 1563 3286 dem

201 3322 414 3394 Angeklopften,
436 3336 515 3375 wenn
532 3334 561 3372 ee
578 3317 645 3386 glatt
663 3315 725 3368 oder
742 3314 803 3367 hehl
821 3315 870 3379 ist,
887 3329 940 3368 νου
958 3314 1034 3381 Luft,
1052 3314 1170 3385 [welche]
1189 3317 1271 3370 deren
1288 3317 1386 3386 klopft‚
1404 3335 1455 3373 νου
1474 3320 1563 3374 Seiten

201 3414 250 3466 des
264 3408 437 3479 Klopfenden,
455 3406 511 3459 und
529 3401 647 3474 [ποποῖ]
666 3401 714 3455 das
731 3401 878 3470 Klopfende
896 3403 932 3455 ist
949 3417 1001 3455 νοιι
1019 3402 1153 3457 derselben
1171 3403 1380 3460 Beeehadenheit
1452 3407 1484 3460 10
1502 3409 1563 3461 ἀπο-

201 3494 390 3568 λαμβάνεσθαι]
408 3500 527 3565 gepreest
544 3490 646 3545 werden
754 3489 856 3542 11-14
878 3485 1044 3558 ότι-ποιῶν]
1063 3492 1121 3543 νιε11
1139 3490 1181 3544 die
1199 3490 1270 3558 Luft,
1288 3493 1382 3546 welche
1400 3495 1429 3546 in
1448 3495 1502 3548 ihm
1519 3496 1563 3562 ιὀι,

202 3588 279 3641 nicht
296 3600 344 3638 aue
363 3584 407 3635 der
424 3581 552 3649 Πόλλιος
569 3579 614 3631 dee
633 3578 679 3630 ihn
696 3577 877 3645 umgebenden
895 3577 1111 3631 hinauskommen
1130 3578 1215 3645 kann,
1232 3578 1286 3631 und
1305 3580 1352 3633 des
1370 3580 1454 3647 Ετειε,
1472 3596 1562 3635 νότου

203 3694 233 3729 es
253 3671 371 3743 geklopft
388 3669 461 3733 wird,
480 3667 527 3720 dee
544 3664 659 3735 Klopfen
676 3665 761 3718 eiuem
780 3664 886 3717 Andern
906 3666 1004 3734 οτῖυγζι,
1022 3665 1094 3718 ιίυου
1112 3664 1206 3718 wieder
1223 3668 1308 3719 einem
1325 3666 1443 3733 dudem,
1462 3669 1516 3722 und
1534 3686 1563 3723 es

203 3763 262 3816 sich
289 3762 318 3814 in
344 3760 398 3812 ihm
426 3756 492 3808 nach
519 3753 722 3807 verschiede'nen
744 3751 833 3805 Seiten
855 3754 968 3821 bewegt,
995 3753 1051 3806 eieh
1078 3753 1225 3806 umwendet
1251 3755 1305 3806 und
1333 3755 1460 3809 umkreist
1482 3756 1562 3809 durch

205 3850 319 3915 Zwang3
338 3845 394 3898 dies
412 3842 533 3897 erechadt
550 3841 601 3895 den
618 3841 678 3894 Ten
696 3840 738 3894 bis
756 3855 787 3891 zu
807 3839 891 3891 einem
909 3838 1035 3907 langeron
1056 3840 1165 3905 Μυοσσο,
1184 3840 1241 3894 weil
1260 3841 1302 3894 die
1322 3842 1487 3912 Klopfungen
1507 3845 1563 3898 sich

205 3935 356 3989 vermehren
375 3932 456 3985 durch
475 3930 517 3983 die
535 3928 737 3999 Urnkehrungen
820 3924 851 3978 19
870 3925 906 3983 ὡς
924 3925 1032 3998 στερεὸς]
1051 3927 1174 3996 ρλόιιλῖολ
1253 3929 1355 3982 19-20
1372 3933 1410 3999 τῷ
1428 3929 1564 4000 πλησσοντι

206 4019 350 4095 -θφύψιῆ
369 4019 423 4072 und
442 4019 487 4072 des
505 4015 653 4086 Klopfende
671 4013 733 4084 geht
750 4029 831 4066 voren
850 4013 930 4066 durch
949 4013 992 4068 die
1013 4014 1201 4083 Schnelligkeit
1220 4016 1265 4069 dee
1282 4015 1422 4085 ΚΙοριειιι,
1445 4017 1503 4071 ιε11ι
1521 4017 1564 4071 die

206 4111 269 4164 Lufr
287 4108 342 4162 und
361 4107 445 4161 γήραι
462 4107 501 4179 eje
608 4102 639 4154 21
666 4100 703 4159 ὡς
720 4099 799 4171 ι1γε]
820 4101 889 4154 denn
908 4117 984 4155 wenn
1090 4101 1194 4155 22-24
1221 4102 1449 4177 ὥσπερ-πληγῇ]
1468 4119 1497 4158 eo
1515 4106 1564 4158 wie

206 4200 268 4250 λεῖα
286 4196 346 4249 Ten
372 4193 515 4248 encheden
536 4190 615 4254 wird,
643 4205 719 4243 wenn
741 4190 785 4242 ein
806 4187 912 4241 denseh
935 4189 990 4241 sich
1013 4206 1049 4243 an
1067 4190 1242 4245 Weizenkleie
1269 4192 1332 4245 oder
1357 4198 1437 4245 etwas
1455 4192 1564 4245 anderes

206 4286 280 4338 lehnt
296 4283 353 4336 und
370 4284 408 4335 eie
427 4279 482 4350 [die
501 4275 690 4346 Weizenkleie]
709 4276 765 4329 eieh
783 4275 884 4329 echnell
904 4276 1011 4345 Ιιειιεγι,
1030 4277 1099 4332 denn
1117 4278 1164 4332 dee
1181 4279 1294 4350 Klopfen
1313 4279 1447 4333 derselben
1466 4279 1502 4331 ist
1520 4280 1563 4332 ein

206 4371 330 4440 Klopfen,
347 4369 455 4423 welches
473 4368 548 4421 nicht
565 4365 713 4435 voranging
730 4364 789 4417 dem
807 4361 922 4416 Brechen
940 4364 996 4417 und
1015 4364 1106 4418 Teilen
1124 4365 1259 4421 dereelben
1663 4356 1667 4365 ¹

208 4544 284 4599 Ιότι
302 4544 338 4597 V:
356 4546 429 4614 τιμε
522 4540 660 4594 ἀναίτια
746 4524 906 4609 3στεράιων
924 4536 1027 4605 (sic)V
1115 4538 1294 4612 5στιραιάθ
1381 4539 1564 4610 6βιλῶναια

206 4633 272 4686 ’ῖώ
290 4634 372 4704 γάρε
481 4626 719 4698 ἀπολαμβανόμενος
737 4621 862 4696 ἀθρύοςα
973 4625 1003 4677 11
1023 4623 1061 4678 ότι
1081 4627 1115 4678 V:
1134 4625 1216 4699 ἄρσε
1325 4628 1356 4681 13
1374 4626 1564 4697 ῖνιλούμενοςιι

208 4722 240 4773 14
258 4718 381 4790 μέλλειν
488 4718 519 4769 ld
542 4720 588 4768 τοῦ
605 4712 813 4785 πλησσομινουα
868 4723 872 4731 ·
921 4713 951 4764 17
975 4714 1014 4781 τῷ
1032 4712 1209 4785 πλησσομένφ]
1228 4714 1261 4768 de
1279 4716 1401 4767 concavis
1418 4715 1484 4768 dicit

210 4810 241 4859 19
261 4823 373 4877 mpero:
392 4805 432 4858 Va
524 4800 698 4857 ἀντιτυπῶνυ
790 4798 824 4851 ‘23
842 4798 928 4868 ἅμμου
946 4814 975 4851 a:
993 4797 1078 4868 ἄμμου
1097 4801 1118 4851 V
1211 4800 1328 4871 τύπτηα
1424 4802 1457 4855 25
1479 4799 1563 4867 ,ὅπως

206 4895 267 4968 ν’,χὼ
286 4896 401 4964 γίνεται.“
439 4894 483 4945 καὶ
501 4893 517 4962 ί,
538 4893 575 4945 Va
