3540 5610
206 315 266 379 11⁸2
689 309 840 367 ΑΙΙΟΡΙΩΝ
861 307 919 365 ΚΑΙ
938 308 1070 365 Arimi

260 487 333 569 μένη
357 487 443 570 πέψει
465 485 660 570 ἀντικειμένην
684 485 808 569 ἀπεψίαν
831 484 884 548 οὑκ
906 484 984 547 εἶπεν
1008 486 1058 568 μέν
1082 485 1253 567 ὠνομάσθαι
1275 488 1350 548 πάνυ
1374 509 1410 562 τι,
1434 483 1509 548 εἶναι

258 590 289 651 δὲ
313 590 515 674 παραπλησίαν
539 589 702 662 στατεὺσει,
725 587 792 650 ὅταν
815 589 847 649 τό
869 589 1037 669 ὀπτώμενον
1061 588 1229 671 μεταβάλλῃ
1253 588 1315 669 μέν,
1342 590 1384 672 μὴ
1409 588 1508 672 μέντοι

257 693 305 754 καὶ
332 693 467 775 όπτηθή,
496 692 512 754 δ
538 693 642 774 γίνεται
672 692 690 774 ή
721 689 756 753 δι’
786 687 894 753 ἔνδειαν
922 690 1099 775 θερμότητος
1129 696 1181 774 της
1207 691 1446 776 μεταβαλλούσης
1474 691 1508 751 τδ

259 794 436 878 ὀπτώμενον,
459 796 478 878 ἢ
501 795 548 858 διὰ
571 794 684 878 πλῆθος
708 798 758 876 τῆς
780 793 810 854 ἐν
832 798 875 878 τῷ
900 793 1061 877 δπτωμένιρ
1084 793 1248 878 ὑγρότητος.
1523 807 1551 849 ευ

223 918 237 965 5
341 895 440 961 Εἰπὼν
464 900 496 961 δὲ
519 897 713 981 περὶτούτων
737 898 881 978 μετῆλθεν
908 896 956 958 ἐπὶ
978 898 1026 959 τὸν
1049 898 1113 980 περὶ
1140 903 1197 960 τῶν
1225 898 1395 980 παθητικῶν
1423 898 1507 960 δυνά·

259 1023 336 1082 μεων
358 1001 453 1084 λόγον,
477 1002 507 1063 αἳ
522 1000 595 1084 ἦσαν
620 998 741 1084 ξηρότης
761 1001 809 1062 καὶ
826 998 955 1082 ὑγρότης,
979 1000 1026 1062 καὶ
1049 999 1169 1072 δεικνός,
1192 1001 1264 1069 τίνες
1285 999 1396 1063 τούτων
1419 1002 1505 1062 παλιν

256 1104 326 1166 εἰσὶν
350 1103 493 1188 διαφοραί,
517 1104 564 1167 καλ
586 1104 649 1166 τίνα
671 1104 718 1165 καὶ
741 1101 817 1165 πόσα
840 1101 903 1185 εἴδη
927 1102 963 1164 τὰ
984 1101 1118 1184 γινόμενα
1141 1103 1170 1172 ἐξ
1185 1102 1291 1181 αὐτῶν,
1314 1109 1430 1187 πρῶτον
1454 1103 1548 1182 μὲνὲὸ

162 1284 167 1295 Ι
260 1206 408 1290 ὑπέμνησε
419 1212 470 1270 τοῦ
488 1206 600 1290 ἀρχὰς
615 1205 704 1267 εἶναι
720 1211 785 1266 τῶν
802 1205 1071 1286 σωμάτων,καθδ
1083 1206 1230 1288 παθητικαί
1244 1205 1330 1287 &omi
1344 1205 1380 1267 τδ
1397 1204 1499 1289 ὑγρόν
1515 1211 1561 1268 217

256 1331 292 1370 τε
314 1309 372 1371 καὶ
397 1309 512 1393 ξηρόν,
535 1309 570 1370 τά
593 1307 619 1369 δ’
640 1307 723 1381 ἀλλα,
747 1306 802 1369 ὅσα
824 1307 864 1390 μὴ
887 1307 986 1390 ἀρχαί,
1009 1305 1069 1368 ἀλλ’
1090 1307 1123 1370 ἐκ
1138 1312 1196 1370 τῶν
1211 1309 1312 1393 ἀρχῶν
1328 1307 1395 1372 ὄντα
1411 1331 1443 1370 τε
1458 1310 1507 1370 καὶ

209 1431 237 1477 ιο
254 1411 400 1493 γεγονότα,
425 1411 510 1492 μικτά
527 1412 578 1494 μέν
601 1411 637 1472 ἐκ
660 1409 789 1472 τοὺτων
813 1407 885 1471 εἶναι
900 1408 1087 1492 (ὁποτέρου
1110 1409 1162 1493 γάρ
1178 1408 1265 1473 πλέον
1281 1408 1345 1496 ἔχει
1359 1413 1392 1474 τὸ
1409 1433 1508 1492 μεμιγ·

258 1514 352 1595 μένον,
376 1515 468 1599 τούτῳ
486 1514 699 1577 συντάσσεσθαι
722 1511 801 1587 αὐτό,
825 1511 861 1574 τά
883 1512 935 1594 μέν
959 1511 1031 1574 κατὰ
1053 1513 1086 1575 τδ
1107 1512 1192 1596 ξηρὸν
1215 1515 1441 1575 πλεονεκτοῦντα
1463 1518 1507 1597 τῷ
1534 1528 1549 1570 ε

258 1616 351 1701 ξηρῷ,
380 1616 415 1679 τά
437 1618 469 1680 δὲ
492 1616 566 1680 κατὰ
588 1616 621 1678 τδ
644 1617 728 1698 ὑγρδν
752 1621 793 1699 τῷ
818 1615 928 1703 ὑγρῷ),
955 1616 1048 1677 πάντα
1070 1616 1102 1678 δέ
1125 1619 1182 1677 τῶν
1205 1638 1236 1677 τε
1259 1616 1351 1699 ὑγρῶν
1375 1617 1506 1680 καὶτῶν

258 1718 352 1802 ξηρῶν
376 1722 416 1783 τά
440 1722 502 1803 μὲν
525 1718 730 1804 ἐντελεχείᾳ
754 1723 842 1781 ταῦτα
864 1718 976 1800 λέγεται
998 1717 1079 1793 εἶναι,
1102 1719 1138 1779 τὰ
1161 1720 1194 1781 δὲ
1215 1720 1342 1802 δυνάμει.
1387 1717 1433 1802 ἐφ’
1463 1718 1507 1787 οἷς

256 1823 368 1906 λαβών,
397 1823 440 1885 ότι
463 1825 481 1906 ή
505 1823 577 1905 μῖξις
600 1827 650 1884 τοῦ
674 1823 760 1906 ὑγροῦ
783 1845 815 1884 τε
837 1822 884 1883 καὶ
906 1825 956 1884 τοῦ
981 1821 1066 1904 ξηροῦ
1094 1821 1170 1883 αἰτία
1197 1826 1246 1884 τοῦ
1270 1821 1393 1906 ὡρίσθαι
1415 1821 1450 1884 τά
1475 1821 1506 1890 ἐξ
1520 1837 1548 1878 ιο

207 1944 236 1992 15
256 1924 351 1987 αὑτῶν
380 1926 540 2009 μεμιγμένα
566 1924 713 2008 (ἀόριστον
740 1925 794 2008 γὰρ
822 1925 938 1987 ἐκείνων
966 1925 1101 2006 ἑκάτερον
1129 1922 1196 1986 καθ’
1225 1924 1294 1986 αὑτὸ
1318 1921 1378 2006 ὄν),
1407 1923 1506 2007 λαβὼν

257 2028 289 2090 δὲ
312 2029 359 2090 καὶ
386 2029 418 2090 τδ
445 2028 530 2112 ὑγρόν
559 2029 609 2112 μὲν
637 2030 797 2110 παθητικὸν
824 2034 881 2090 τῶν
909 2027 1060 2112 στοιχείων
1088 2028 1120 2090 τδ
1149 2027 1225 2110 ὕδωρ
1247 2026 1335 2106 εἶναι,
1364 2026 1449 2111 ξηρὸν
1473 2027 1506 2089 δέ

256 2132 308 2214 τὴν
329 2136 398 2214 γήν,
425 2131 454 2193 ἐν
479 2132 521 2200 οἷς
542 2132 591 2194 καὶ
613 2133 645 2193 τὸ
668 2132 780 2216 ψυχρὸν
810 2130 841 2193 δν
863 2132 945 2193 δοκεῖ
967 2134 1075 2212 μᾶλλον
1098 2128 1172 2193 εἶναι
1194 2128 1262 2193 καθ’
1290 2131 1360 2193 αὑτδ
1384 2130 1506 2214 παθητι-

256 2234 306 2295 κόν
329 2234 348 2315 ή
372 2234 528 2317 ποιητικόν,
556 2236 727 2319 προσλαβὼν
751 2235 783 2296 τὸ
807 2239 863 2296 πᾶν
886 2232 1043 2317 ὡρισμένον
1067 2233 1198 2316 παθητὸν
1223 2239 1309 2317 σῶμα
1332 2233 1351 2316 ἢ
1375 2234 1548 2315 μαλακὺνιε

260 2336 278 2417 ή
302 2339 426 2421 σκληρδν
455 2338 539 2410 εἶναι,
567 2340 615 2401 καὶ
637 2339 741 2413 εἰπών,
769 2339 797 2400 τί
820 2338 870 2420 μέν
897 2338 957 2400 ἐστι
983 2338 1016 2398 τὸ
1040 2336 1184 2418 μαλακόν,
1211 2336 1240 2398 τί
1264 2338 1296 2399 δὲ
1322 2337 1355 2399 τδ
1379 2335 1504 2419 σκληρόν

202 2457 236 2504 20
253 2438 393 2522 (σκληρὸν
410 2441 460 2522 μὲν
476 2439 530 2524 γάρ
546 2443 578 2504 τό
594 2442 754 2525 ἀντιβαίνοι
777 2441 826 2503 καὶ
849 2441 894 2523 μή
916 2440 1059 2502 ὑπεῖκον
1083 2438 1156 2502 κατὰ
1174 2440 1226 2521 τὴν
1249 2440 1427 2523 ἐπιφάνειαν,
1451 2461 1502 2522 μα·

254 2543 341 2603 λακόν
365 2543 396 2604 δέ
413 2543 449 2604 τδ
466 2543 613 2606 ὑπεῖκον
636 2543 709 2605 κατά
732 2545 783 2626 τἠν
806 2544 971 2628 ἐπιφάνειαν
994 2548 1038 2627 τῷ
1056 2543 1189 2618 ὑπείκειν,
1213 2542 1246 2605 οῦ
1269 2547 1318 2626 τῷ
1342 2542 1502 2625 διαιρυὺμε·
1517 2558 1547 2598 ²⁰

254 2667 301 2706 νον
317 2647 674 2729 ἀντιπεριίστασθαι),
698 2646 773 2729 ἑξῆς,
796 2647 859 2709 ἐπεὶ
875 2651 931 2708 πᾶν
947 2647 979 2709 τὸ
996 2647 1155 2729 ὡρισμένον
1172 2652 1257 2727 σῶμα
1274 2648 1398 2730 σκληρόν
1414 2646 1432 2729 ή
1451 2669 1504 2729 μα-

256 2749 358 2824 λακόν,
389 2751 516 2832 πεπηγὸς
539 2751 570 2811 δὲ
593 2748 650 2833 ήδη
677 2751 709 2812 τό
734 2749 907 2833 ὡρισμένον,
934 2749 982 2811 ἐπὶ
1004 2751 1036 2811 τδ
1060 2751 1123 2833 περὶ
1151 2749 1266 2832 πήξεως
1287 2749 1378 2832 λέγειν
1401 2749 1503 2833 ήλθεν,

256 2853 303 2913 καὶ
326 2851 493 2934 ὑπομνήσας
516 2857 573 2914 τῶν
596 2852 675 2937 παρὰ
696 2854 747 2936 τὴν
771 2854 841 2934 ὑλην
857 2852 964 2927 αἰτίων,
987 2851 1031 2914 ὅτι
1053 2853 1114 2914 ἐστὶ
1129 2851 1162 2914 τό
1177 2875 1208 2914 τε
1224 2851 1328 2934 ὑθενή
1351 2854 1429 2939 ἀρχή
1453 2859 1507 2937 τής
1520 2869 1550 2911 ευ

203 2973 234 3022 25
254 2956 395 3038 κινήσεως
411 2957 457 3017 καὶ
473 2957 504 3017 τδ
521 2955 607 3031 εἶδος,
629 2958 676 3019 καὶ
698 2958 794 3041 λαβὼν
811 2960 899 3020 ταῦτα
922 2956 998 3019 αίτια
1021 2955 1093 3019 εἶναι
1115 2962 1172 3019 τῶν
1198 2956 1200 3042 ψ
1225 2955 1381 3040 γινομένων
1397 2957 1486 3019 ἀπάν-
1509 2963 1560 3019 218

255 3081 312 3120 των
328 3059 412 3141 φὺσει
427 3059 498 3141 (καὶ
513 3059 566 3142 γάρ
583 3058 718 3142 πήξεως
734 3061 790 3122 καλ
806 3059 1018 3144 διαχύσεως,
1043 3060 1099 3122 καὶ
1121 3065 1180 3122 τοῦ
1203 3059 1431 3144 ξηραίνεσθαι
1447 3060 1506 3121 καὶ

254 3165 314 3223 τοῦ
337 3162 593 3246 ὑγραίνεσθαι),
616 3162 677 3244 τίνα
700 3161 761 3223 ἐστὶ
777 3161 812 3223 τά
835 3161 969 3244 ποιητικὰ
991 3163 1039 3224 καὶ
1061 3165 1123 3224 τίνα
1145 3164 1227 3247 πάθη
1246 3186 1278 3225 τε
1293 3163 1341 3225 καί
1363 3160 1428 3245 εἴδη
1445 3166 1503 3224 τῶν

255 3264 410 3347 γινομένων
434 3262 547 3348 ἔλαβεν,
575 3264 708 3347 ποιητικὰ
732 3265 783 3346 μὲν
806 3264 895 3327 εἰπὼν
918 3263 991 3326 εἶναι
1015 3263 1180 3348 θερμότητά
1201 3288 1233 3328 τε
1255 3267 1301 3328 καὶ
1324 3263 1505 3349 ψυχρότητα,
1534 3283 1548 3323 ο

256 3369 336 3451 ποίθη
362 3369 394 3430 δὲ
416 3368 451 3430 τά
474 3367 529 3430 ὑπὸ
553 3369 660 3430 τοὺτων
687 3364 870 3449 ἐπιγινόμενα
897 3371 956 3436 τοῖς
979 3370 1125 3447 σώμασιν,
1153 3367 1185 3430 τό
1214 3390 1244 3429 τε
1268 3368 1375 3451 θερμόν
1398 3368 1447 3430 καὶ
1470 3368 1505 3429 τὸ

203 3487 237 3535 30
256 3468 375 3554 ψυχρόν.
403 3469 445 3554 ἐφ’
464 3471 506 3540 οἷς
522 3471 689 3534 ἐπανελθὼν
706 3470 754 3532 ἐπὶ
770 3472 816 3533 τδν
833 3471 897 3554 περὶ
913 3470 1027 3554 πήξεως
1042 3470 1136 3553 λόγον,
1152 3472 1198 3534 καὶ
1215 3472 1312 3555 λαβὼν
1328 3471 1360 3533 τδ
1376 3472 1505 3554 πήγνυ·

257 3573 338 3635 σθαι
365 3573 592 3657 ξηραίνεσθαί
617 3599 687 3644 πως
713 3574 794 3651 εἶναι,
821 3572 878 3658 ἔφη
905 3577 963 3637 δεῖν
991 3576 1070 3658 περὶ
1097 3575 1219 3637 τοὺτυυ
1246 3579 1381 3659 πρῶτον
1404 3574 1507 3649 εἰπεῖν,
1523 3591 1551 3632 ιο

255 3676 302 3738 καὶ
325 3682 438 3760 πρῶτον
463 3678 513 3758 μὲν
529 3675 642 3763 ἔλαβεν,
664 3679 725 3741 τίνα
742 3677 778 3740 τὰ
801 3675 996 3760 ξηραινὺμενα,
1021 3676 1064 3739 ότι
1079 3678 1133 3761 γὰρ
1151 3677 1238 3760 ὑδωρ,
1266 3678 1313 3740 καὶ
1328 3675 1384 3740 ὅσα
1400 3676 1507 3746 ὑδατος

256 3778 333 3862 είδη,
360 3781 408 3842 καὶ
432 3779 486 3842 ὅσα
509 3777 572 3864 ἔχει
595 3782 672 3864 ὕδωρ
699 3781 717 3862 ή
741 3779 887 3861 σύμφυτον
918 3780 937 3861 ή
961 3777 1094 3843 ἔπακτον.
1139 3778 1185 3863 ἐφ’
1214 3778 1258 3847 οἷς
1280 3780 1421 3863 ἐζήτησεν
1447 3781 1504 3844 ὑπό

257 3883 338 3943 τίνων
362 3882 531 3965 ξηραίνεται,
555 3885 601 3945 καὶ
624 3884 731 3967 λαβών,
755 3880 798 3943 ότι
822 3883 913 3944 πάντα
936 3882 971 3942 τά
992 3881 1183 3967 ξηραινόμενα
1205 3882 1224 3964 ή
1245 3882 1463 3966 θερμαινόμενα
1485 3883 1505 3966 ή

203 4003 236 4051 35
256 3983 406 4068 ψυχόμενα
423 3986 592 4068 ξηραίνεται,
607 3985 788 4069 προσέθηκεν
802 3985 833 4045 τό
849 3984 897 4046 καὶ
911 3981 971 4068 (τά)
984 3985 1248 4068 θερμαινόμενα
1269 3986 1326 4047 καὶ
1341 3983 1382 4046 τά
1397 3985 1508 4072 ψυχό·
1523 4003 1549 4045 ιε

256 4109 342 4168 μενα
357 4089 479 4173 θερμῷ
497 4089 730 4173 ξηραίνεσθαι
753 4089 771 4169 ή
794 4092 836 4171 τῷ
854 4087 933 4156 ἐντὸς
949 4088 967 4170 ή
984 4092 1026 4171 τῷ
1043 4088 1134 4164 ἐκτός,
1150 4086 1205 4172 ψτιρ
1222 4087 1273 4169 μέν
1289 4086 1395 4173 ἐκτός,)
1411 4089 1432 4152 ἃ
1449 4091 1507 4153 ὑπὸ

207 4311 284 4377 Ιμὲν
299 4328 320 4363 s.
334 4327 356 4361 v.
368 4315 390 4361 V
472 4309 652 4378 ωνομοίτθαιθ
740 4311 865 4381 3γίνεται
887 4312 966 4363 vici:
986 4309 1095 4379 γίνεσθαι
1114 4311 1172 4362 libri
1253 4311 1424 4380 ὀμετήλθεν]
1446 4313 1560 4376 1125·-

206 4398 298 4460 113‚22
313 4420 345 4440 =
356 4400 436 4450 Arist.
450 4399 553 4451 Meteor.
567 4399 609 4462 lv,
623 4400 647 4449 4.
667 4399 714 4450 381
724 4400 837 4464 ὺθθ-ῦ,
851 4399 959 4452 3821223
1044 4401 1059 4451 θ
1078 4398 1150 4451 πάλιν
1162 4400 1309 4465 GFSaSp.:
1329 4402 1394 4466 usis(
1409 4405 1444 4452 V:
1464 4401 1561 4454 lacuna

203 4486 420 4538 blitterarumB
503 4487 534 4536 13
553 4486 661 4539 fortasse
674 4486 786 4556 λέγεσθαι
871 4487 902 4538 14
921 4486 995 4555 ὑγροῦ
1016 4487 1096 4538 Vici:
1115 4488 1213 4559 ψυχροῦ
1233 4486 1291 4538 libri
1379 4487 1410 4539 18
1429 4486 1559 4559 παθητὸν]

202 4571 343 4643 παθητικὸν
367 4592 383 4623 υ
405 4575 448 4639 Sp.
530 4573 559 4623 'll
582 4575 620 4642 τιγῖ
638 4574 745 4626 ὑπείκειν
767 4576 832 4626 vict.
852 4577 895 4638 Sp.
916 4574 947 4626 cf.
968 4576 1046 4626 Arist.
1066 4573 1184 4625 382013:
1204 4578 1256 4625 τῶν
1275 4569 1320 4626 ὑπ’
1340 4573 1438 4628 ἐκείνου
1456 4577 1519 4629 libri

204 4661 237 4712 24
256 4662 272 4730 ἡ
292 4677 340 4712 οιιι.
355 4679 370 4711 ιι
383 4663 426 4724 Sp.
509 4661 541 4711 26
560 4660 697 4733 διαχὺσεως
712 4666 733 4713 V
753 4662 856 4727 (litteris
870 4663 973 4712 madore
993 4662 1120 4727 evanidis)
1140 4662 1206 4713 vict.
1218 4663 1276 4729 Sp.:
1304 4676 1353 4713 υω.
1367 4663 1457 4716 relicto
1471 4666 1560 4732 spatio

202 4749 378 4801 9litteraru1n
398 4752 432 4800 B:
452 4747 587 4805 διαλὺσεως
606 4752 686 4802 GFSa
774 4750 815 4801 30.
831 4749 861 4799 31
884 4749 1019 4818 πήγνεεθαι
1040 4754 1061 4800 V
1151 4749 1183 4801 35
1203 4751 1233 4801 τά
1252 4749 1310 4801 add.
1329 4752 1373 4815 Sp.
1465 4751 1502 4805 36
1521 4758 1560 4805 τῶ

202 4837 309 4888 ἐντοσθ
398 4836 414 4904 ἡ
433 4837 472 4905 τῷ
490 4837 569 4900 ἐκτός,
587 4837 636 4905 (τῷ
655 4838 698 4905 μὲν
717 4837 808 4903 ἐκτός),
827 4837 843 4888 ἀ
861 4841 918 4903 Spa
938 4843 989 4888 τῶν
1008 4838 1110 4888 ἑνεκτυο
1129 4837 1190 4889 ἀθι
1209 4843 1261 4888 τῶν
1280 4837 1305 4888 ἐν
1324 4837 1396 4896 ἐκτὸς
1414 4838 1431 4889 ἃ
1448 4841 1558 4894 θ’θ’ίὶιι

202 4930 254 4976 τῶν
273 4924 374 4982 ἐνεκτδς
391 4925 407 4975 ἀ
426 4927 460 4976 B:
480 4923 518 4992 (ἡ)
537 4923 589 4993 τοῦδ
608 4924 681 4983 ἐκτὸς
700 4924 715 4975 ἀ
735 4925 801 4976 vict.
