3540 5610
571 307 652 367 ΠΕΡΙ
671 308 831 369 limam
850 311 910 369 ΚΑΙ
929 313 1106 374 Ararim
1128 319 1229 374 12-13
1516 327 1580 393 229

272 483 372 566 ητών
394 484 543 569 τυχόντων
566 484 661 567 ύγρῶν
684 484 787 555 ἕνωσις
822 489 921 571 κρᾶσίς
943 512 975 551 τε
997 490 1046 552 κοιλ
1069 490 1151 571 μῖξις.
1197 491 1231 555 ού
1259 494 1312 579 γὰρ
1343 495 1420 581 ύὸωρ
1445 495 1525 560 ύδατι

274 589 413 669 κιρνᾶται,
436 586 529 650 καίτοι
552 586 704 670 ἑνούμενον
719 587 811 673 αύτῷ,
834 588 902 653 οὐδὲ
918 589 1014 654 ἔλαιον
1029 591 1130 677 ἐλαίιμ,
1154 593 1214 656 ἀλλ’
1235 594 1303 659 οὐδὲ
1317 593 1413 662 ἔλαιον
1429 598 1523 663 ύδατι·

271 686 347 750 ἀλλὰ
368 691 454 751 τοῦτο
478 689 530 770 μὲν
553 688 600 751 διὸ
621 689 827 774 γλισχρότητα.
873 691 942 756 όταν
974 693 1007 756 δὲ
1039 690 1059 777 ᾗ
1084 700 1202 759 τοιαῦτα
1234 696 1271 760 τὰ
1300 699 1449 782 ἑνούμενα,
1484 705 1526 771 ώς

271 786 352 875 ἔχειν
375 792 540 874 ποιότητας,
562 790 631 855 καθ’
659 791 694 861 ἂς
716 791 752 854 τὰ
774 794 930 876 μιγνύμενα
964 802 1055 859 ποιεῖν
1078 799 1179 862 τεκαὶ
1202 800 1327 884 πάσχειν
1362 799 1410 863 ὑπ’
1438 803 1525 888 άλλη-
1539 822 1566 864 νο

236 896 329 960 ολων
351 891 427 956 ἐστὶν
451 893 501 956 οἷά
522 916 553 957 τε
573 893 608 976 (ἡ
631 893 685 977 γάρ
709 897 810 978 κρᾶσις
833 895 863 958 ἐν
886 900 946 966 τοῖς
968 902 1060 961 ποιεῖν
1082 923 1113 962 τε
1136 902 1183 964 καὶ
1207 903 1330 987 πάσχειν
1359 902 1409 965 ὑπ’
1437 904 1525 987 ἀλλή-

271 1000 330 1059 λων
352 995 546 1080 δυναμόνοις),
573 997 639 1060 τότε
660 998 709 1060 καλ
731 997 840 1061 τούτων
863 1003 964 1084 κρᾶσις
986 1001 1099 1082 γίνεται.
1144 1003 1192 1067 διὸ
1218 1009 1303 1068 τοῦτο
1325 1004 1381 1088 γὰρ
1404 1005 1524 1089 ἄμικτον

271 1103 328 1163 πᾶν
350 1100 383 1161 τὸ
406 1097 488 1162 θεῖον
511 1102 597 1182 σῶμα
620 1101 652 1163 τὸ
675 1102 824 1184 ποιητικὸν
848 1100 880 1163 δν
903 1101 1006 1183 μηκέτ’
1035 1106 1222 1189 ἀντιπάσχειν
1245 1107 1301 1169 ύπὸ
1322 1111 1374 1170 τοῦ
1397 1109 1524 1196 πάσχον-

270 1224 317 1271 τος
340 1199 387 1264 ὑπ’
415 1199 504 1264 αὐτοῦ
528 1201 652 1264 δύναται.
692 1201 767 1285 μόνα
788 1202 843 1286 γὰρ
866 1203 902 1267 τὰ
924 1201 1011 1267 ἐνυλα
1032 1207 1151 1291 πάσχει.
1189 1209 1233 1271 διὸ
1256 1213 1346 1272 ταῦτα
1369 1209 1443 1293 μόνα
1464 1217 1522 1274 τῶν

270 1303 429 1367 ποιούντων
451 1303 624 1388 άντιπάοχει
646 1302 702 1367 ύσα
725 1309 778 1387 τῆς
800 1305 891 1390 αὐτῆς
924 1312 1133 1393 κεκοινώνηκεν
1167 1310 1247 1394 ύλης.
1292 1315 1382 1375 ταῦτα
1409 1314 1441 1376 δὲ
1463 1319 1522 1377 τῶν

220 1428 251 1475 ιο
269 1411 321 1492 τῆς
342 1406 433 1491 αὐτῆς
458 1404 461 1490 i
486 1406 557 1488 ύλης
578 1405 833 1491 κεκοινωνηκότων
856 1407 904 1471 ὑπ’
932 1409 1068 1493 ἀλλήλων
1092 1411 1278 1498 ἀντιπάσχειν
1306 1412 1355 1476 οίαί
1377 1436 1418 1490 τε,
1452 1414 1507 1478 όοα
1529 1422 1577 1479 1112

269 1509 432 1574 ἐναντίωσιν
455 1506 519 1594 ἔχει
541 1507 604 1572 τινά
626 1509 698 1593 πρὸς
720 1508 843 1592 όλληλα.
889 1509 923 1574 ού
956 1511 1011 1596 γάρ
1045 1514 1077 1575 τὸ
1100 1514 1192 1598 τυχὸν
1226 1516 1282 1578 ύπὸ
1310 1519 1361 1578 τοῦ
1383 1514 1521 1601 τυχόντος

269 1612 330 1677 οἶόν
352 1635 384 1676 τε
406 1614 544 1698 πάσχειν·
580 1610 648 1674 οῦδὲ
680 1611 735 1696 γὰρ
766 1613 798 1674 τὸ
821 1611 922 1694 ὅμοιον
945 1614 1001 1677 ύιιὸ
1030 1619 1082 1678 τοῦ
1105 1616 1218 1698 ὁμοίου.
1264 1617 1367 1701 ἀπαθῆ
1390 1617 1444 1701 γὸρ
1467 1618 1517 1681 ὑπ’

268 1715 404 1798 ἀλλήλων
427 1713 463 1777 τὰ
486 1713 582 1794 όμοια.
627 1713 657 1776 ἐν
683 1713 852 1798 διαφέρουσι
873 1715 928 1799 γὰρ
951 1717 999 1779 καὶ
1024 1717 1080 1779 ύιιὸ
1103 1718 1297 1802 διαφερόντων
1320 1720 1353 1782 τὸ
1376 1725 1468 1783 ποιεῖν
1491 1744 1523 1784 τε
1549 1739 1563 1781 ι

268 1819 314 1882 καλ
338 1817 463 1903 πάσχειν
485 1817 599 1899 γίνεται.
645 1814 705 1878 ἀλλ’
734 1814 802 1880 οὐδὲ
825 1818 860 1880 τὰ
882 1818 967 1901 ἕτερα
989 1821 1084 1903 πάντη
1107 1821 1217 1906 πάσχει
1239 1845 1265 1885 τι
1293 1819 1344 1884 ὑπ’
1374 1821 1519 1904 ἀλλήλων.

218 1941 249 1991 15
268 1921 335 1986 οὸδὸ
356 1920 412 2005 γὰρ
434 1920 539 1984 παθεῖν
562 1916 623 1983 οίύν
646 1940 678 1981 τε
699 1920 801 2002 φωνὴν
835 1920 890 1983 ύπὸ
917 1927 1064 2006 γραμμῆς,
1099 1926 1143 2007 τηῖ
1180 1925 1270 2007 μηδὲν
1305 1921 1353 1987 ὑπ’
1382 1924 1518 2009 ἀλλήλων

268 2025 465 2108 ἀντιπάσχειν,
499 2044 517 2081 ν
540 2043 561 2083 ιι
583 2044 603 2083 ν
626 2022 724 2104 κοινὴν
753 2023 927 2086 ύποκεῖσθαί
952 2047 1014 2086 τινα
1047 2025 1213 2108 φύσιντῶν
1247 2025 1392 2110 ἑκατέρων
1414 2028 1520 2089 παθῶν

266 2125 457 2208 ἐπιδεκτικόν.
501 2126 545 2188 διό
569 2123 645 2188 ἐστιν
669 2124 699 2187 ἐν
722 2125 833 2193 τούτοις
847 2126 880 2188 τὸ
896 2130 988 2190 ποιεῖν
1010 2149 1041 2190 τε
1063 2128 1112 2190 καλ
1128 2129 1263 2212 πάσχειν,
1286 2127 1342 2192 ύσα
1358 2129 1409 2213 τὴν
1425 2127 1516 2210 αὐτὴν
1531 2145 1558 2186 ιο

267 2228 339 2313 ύλην
359 2227 552 2312 ὑποκειμένην
572 2225 679 2312 ἔχοντα
695 2227 861 2290 ἐναντίωσίν
880 2252 943 2292 τινα
958 2226 1023 2314 ἔχει
1041 2230 1114 2314 πρὸς
1134 2229 1257 2313 ἄλληλα.
1295 2228 1363 2295 οότε
1385 2231 1438 2314 γὰρ
1462 2231 1518 2293 ύπὸ

265 2334 421 2417 χρώματος
442 2331 475 2394 τὸ
497 2330 595 2411 γλυκύ,
619 2330 694 2394 καθὸ
709 2331 808 2412 γλυκύ,
832 2331 922 2395 πάθοι
938 2331 1002 2395 ποτ’
1020 2330 1065 2408 ἄν,
1088 2329 1155 2395 οότε
1171 2333 1227 2395 ύπὸ
1244 2333 1354 2416 θερμοῦ
1370 2334 1403 2396 τὸ
1422 2331 1518 2417 ξηρόν,

213 2454 248 2502 ευ
266 2432 326 2499 ἀλλ’
354 2433 423 2498 οὐδὲ
445 2434 500 2496 ύπὸ
523 2438 638 2518 ψυχροῦ
661 2434 693 2497 τὸ
717 2431 802 2516 ύγρόν
825 2434 901 2497 καθὸ
925 2433 1019 2518 ύγρόν,
1050 2432 1094 2496 ότι
1118 2435 1159 2516 μὴ
1181 2431 1243 2499 ἔστι
1265 2438 1356 2497 ταῦτα
1379 2437 1518 2517 ἀλλήλοις

266 2537 387 2611 ἐναντία,
411 2535 485 2599 ἀλλὰ
507 2556 528 2596 ιι
550 2556 571 2596 ν
592 2556 613 2595 ν
635 2534 771 2602 ἐναντίοις
787 2557 817 2598 τε
841 2537 969 2604 καὶτοῖς
992 2535 1106 2617 μεταξύ.
1151 2535 1186 2599 ού
1208 2537 1264 2620 γὰρ
1287 2537 1373 2618 μόνον
1396 2537 1429 2600 τὸ
1453 2538 1521 2622 θερ-

266 2640 320 2720 μὸν
343 2639 399 2702 ύπὸ
421 2642 473 2702 τοῦ
495 2640 609 2722 ψυχροῦ
633 2638 681 2700 καλ
703 2637 736 2699 τὸ
758 2638 873 2722 ψυχρὸν
897 2637 953 2700 ὑπὸ
975 2643 1026 2701 τοῦ
1050 2638 1162 2722 θερμοῦ
1186 2638 1399 2722 μεταβάλλεταί
1418 2663 1450 2703 τε
1472 2641 1520 2704 καλ
1535 2659 1561 2702 ιι

266 2745 383 2825 πάσχει,
405 2739 475 2803 οὐδὲ
497 2740 529 2802 τὸ
552 2739 637 2824 ύγρὸν
660 2739 716 2802 ύπὸ
739 2744 790 2802 τοῦ
813 2740 899 2824 ξηροῦ
923 2741 1025 2803 καὶτὸ
1049 2740 1134 2824 ξηρὸν
1158 2740 1215 2803 ὑπὸ
1238 2745 1289 2804 τοῦ
1311 2742 1409 2826 ύγροῦ,
1444 2742 1519 2806 ἀλλὰ

265 2845 313 2908 καλ
334 2843 371 2907 τὰ
394 2843 500 2927 μεταξὺ
523 2841 663 2925 ἑκατέρου
685 2847 743 2904 τῶν
767 2841 876 2928 ἄκρων,
912 2844 956 2907 ύτι
990 2843 1064 2906 κατὰ
1098 2843 1171 2926 μῖΕίν
1200 2844 1262 2907 ἐστι
1291 2848 1334 2928 τῷ
1359 2845 1431 2927 πρὸς
1454 2845 1520 2908 ἑκά-

210 2966 245 3015 νε
263 2969 345 3033 τερον
367 2951 425 3011 τιῦν
448 2945 583 3009 ἐναντίων
605 2946 638 3008 τὸ
673 2943 779 3028 μεταξύ
801 2944 850 3006 τὸν
873 2944 1000 3029 θατέρου
1034 2948 1092 3007 τῶν
1128 2945 1263 3009 ἐναντίων
1295 2949 1400 3019 σώζειν
1424 2946 1518 3029 λύγον.

263 3054 322 3118 τοῖς
343 3049 397 3133 γὰρ
420 3046 640 3133 προειρημένοις
663 3046 832 3131 συμβέβηκε
853 3048 905 3131 τἠν
928 3046 1018 3131 αὐτὴν
1043 3047 1113 3130 ύλην
1139 3046 1258 3132 ἔχουσιν
1281 3051 1329 3112 καὶ
1351 3050 1517 3113 ἐναντίωσιν
1531 3066 1560 3108 ευ

262 3152 336 3215 κατὰ
357 3153 390 3215 τὸ
412 3150 489 3220 εἶδος
512 3148 592 3235 ἔχειν
615 3149 686 3233 πρὸς
708 3148 832 3232 ἄλληλα.
878 3154 929 3233 τῆς
950 3149 1004 3233 γὸρ
1028 3150 1098 3233 ύλης
1132 3149 1202 3213 ἴδιον
1231 3152 1263 3214 τὸ
1286 3154 1340 3235 την
1363 3151 1454 3235 αὐτὴν
1477 3152 1516 3215 εἶ-

262 3277 307 3316 ναι
329 3258 387 3318 τῶν
408 3253 544 3317 ἐναντίων
566 3252 758 3335 ἐπιδεκτικήν.
803 3253 896 3315 πάντα
930 3251 984 3335 γὰρ
1017 3252 1053 3315 τὰ
1087 3253 1116 3315 ἐν
1150 3254 1262 3335 γενέσει
1291 3277 1323 3317 τε
1345 3255 1394 3317 καλ
1416 3254 1516 3338 φθορᾷ

262 3359 384 3440 σώματα
407 3356 454 3420 ἐπὶ
477 3361 530 3439 τῆς
552 3353 642 3439 αὐτῆς
665 3354 802 3438 ἀλληλοις
825 3354 901 3417 ἐστὶν
925 3354 1005 3436 ύλης,
1028 3356 1048 3437 ἠ
1072 3355 1105 3418 δὲ
1128 3356 1252 3439 διαφορὰ
1276 3356 1367 3440 αὐτῆς
1389 3358 1463 3420 κατά
1484 3379 1516 3418 τε

207 3477 242 3526 30
260 3458 323 3543 είὸη
346 3460 395 3522 καὶ
418 3457 623 3543 συμβεβηκότα
645 3457 737 3541 πάθη.
775 3456 811 3519 τὰ
826 3459 894 3538 γοῦν
909 3456 1036 3540 τέσσαρα
1052 3459 1186 3541 σώματα,
1209 3459 1228 3521 ἃ
1244 3462 1377 3543 στοιχεῖα
1391 3459 1515 3540 λέγεται,
1529 3477 1556 3520 ει

261 3560 322 3626 ἐστι
344 3565 449 3625 ταῦτα·
484 3566 522 3644 γῆ
544 3561 593 3623 καὶ
615 3560 705 3645 ύδωρ,
740 3560 798 3643 ἀήρ
820 3582 852 3622 τε
874 3560 921 3622 καὶ
945 3563 1012 3642 πῦρ,
1046 3558 1160 3641 ἃύλην
1182 3561 1236 3643 τἠν
1263 3560 1354 3643 αὐτὴν
1377 3561 1515 3643 ἀλλήλοις

260 3661 365 3750 ἔχοντα
387 3662 461 3727 κατὰ
483 3661 520 3725 τὰ
542 3660 606 3744 ε’ίὸη
628 3662 681 3744 τὴν
704 3661 776 3744 πρὸς
809 3660 923 3744 οῖλληλα
956 3664 1044 3733 σώζει
1067 3663 1218 3746 διαφοράν.
1264 3661 1435 3745 διαφέρουσι
1458 3663 1510 3746 γὰρ

259 3766 394 3850 ἀλλήλων
416 3769 459 3849 τῷ
482 3765 515 3827 τὸ
539 3765 591 3845 μὲν
614 3761 710 3826 αὐτῶν
733 3762 842 3846 θερμόν
865 3761 891 3827 τ’
919 3762 1062 3826 εἶναικαὶ
1090 3763 1175 3848 ξηρόν
1197 3763 1243 3846 (ἐν
1265 3763 1319 3846 γάρ
1343 3765 1456 3833 τούτοις
1479 3767 1511 3829 τὸ

257 3867 395 3952 εἶναιτῷ
418 3867 487 3951 πυρί
506 3866 586 3950 πυρί·
611 3865 672 3930 ἐστὶ
696 3866 816 3950 μὲνγὰρ
839 3867 888 3930 καλ
910 3865 941 3928 ἐν
963 3871 1000 3949 τῇ
1024 3865 1082 3949 ύλη
1104 3864 1185 3950 αὐτῷ
1207 3867 1240 3929 τὸ
1264 3865 1336 3929 εἶναι
1358 3872 1395 3948 τῇ
1419 3871 1509 3931 ταῦτα

202 4115 319 4170 θεαίτοι
328 4114 414 4169 ΒΒέι
434 4116 478 4168 καί
489 4133 514 4167 τι
526 4114 570 4168 rei.
642 4113 956 4182 3μ1ν]ίοι1εεεομίνιι
1027 4114 1411 4166 τοιαῦταΟΡΙὸὲιταῦταΑΒε
1482 4113 1563 4167 5οίόν

201 4207 294 4257 τιΙλαι
313 4203 353 4257 ὸιά
371 4206 428 4257 rrS
506 4201 529 4255 5.
550 4201 565 4254 6
585 4200 812 4270 ἐστὶν-ἀλλήλων
832 4217 881 4253 orn.
901 4200 982 4254 Ideler
1053 4200 1192 4252 8δόναται
1211 4200 1305 4253 ldeier:
1325 4199 1446 4254 δύνασθαι
1465 4202 1525 4255 libri

202 4291 219 4343 θ
236 4290 458 4360 ίκκοινώνηκενλλ
471 4290 566 4343 Ιύείεει
585 4288 804 4358 ἐκκοινώνημινε
879 4288 910 4339 10
928 4293 973 4356 της
986 4286 1075 4357 σίντης]
1095 4290 1141 4355 τῆς
1154 4290 1190 4339 B:
1209 4286 1326 4356 τοιαύτης
1339 4305 1368 4339 ει
1387 4293 1433 4358 τῆς
1445 4287 1563 4360 τοιαύτης

198 4379 281 4433 ΙύσΙει
352 4377 631 4448 ἐκκοινωνηκύτωνθε
705 4376 733 4426 11
755 4375 909 4440 ἐναντίωσιν]
922 4374 1085 4427 αίτίωσινΒε
1159 4375 1190 4425 12
1203 4373 1260 4426 ούδέ
1274 4375 1381 4443 scripsi:
1396 4375 1454 4428 ούτε
1468 4376 1527 4428 libri

203 4468 234 4520 14
260 4465 355 4537 πάντη]
380 4467 462 4517 πάντα
481 4468 520 4518 Ra
595 4465 625 4516 16
652 4464 813 4536 ἀντιπάσχειν
838 4461 1164 4531 (μηδέ>1ι1ε1οιιίοιιιιεεο
1189 4462 1383 4534 ἀντιπάσχειν<,
1404 4462 1433 4514 εί
1451 4463 1492 4532 μη
1512 4461 1562 4515 διὰ

199 4553 250 4618 τὸ)
341 4553 372 4605 18
390 4551 454 4624 ἔχει]
474 4552 516 4624 ἐχι
536 4557 572 4603 A:
592 4552 696 4619 ἐχιινΒ
750 4549 839 4602 ·ούτι
858 4551 963 4616 scripsi:
993 4548 1050 4600 οὐδὲ
1070 4549 1129 4601 libri
1211 4549 1245 4601 :²0
1263 4548 1329 4601 καθὸ
1348 4549 1423 4618 ίιγρόν
1442 4564 1522 4601 σακε

200 4641 231 4695 21
256 4640 354 4694 ἐναντία
374 4640 411 4692 A¹
430 4640 519 4707 Apelt:
548 4639 666 4695 ἐναντίοις
684 4638 729 4690 rei.
802 4637 931 4702 ἐναντίοις]
943 4636 992 4699 (ἐν)
1005 4637 1123 4694 ἐναντίοις
1137 4637 1228 4705 Αρελῐι
1247 4636 1372 4694 ἐναντίους
1385 4636 1480 4689 ideler:
1499 4642 1561 4690 anio

199 4729 318 4786 ἐναντίοις
340 4726 453 4780 fenestra
479 4726 508 4779 15
526 4726 670 4778 litterarum
691 4730 726 4776 A:
755 4725 790 4776 ⁶20
807 4725 948 4776 litterarum
971 4727 1028 4776 BC:
1057 4724 1167 4776 sortasse
1190 4719 1248 4776 ἀλλ’
1268 4722 1330 4786 (ἐστι
1347 4725 1375 4775 τὸ
1399 4724 1560 4797 ἀντιπάσχειν

199 4815 276 4885 μόνον
293 4815 319 4868 ὸν
337 4816 401 4877 τοῖς)
424 4814 542 4871 ἐναντίοις
613 4814 647 4864 ⁶24
665 4813 716 4865 ἐστι
734 4813 785 4880 τῷ]
804 4811 913 4863 fortasse
931 4811 1031 4863 ἔνεστι
1049 4812 1104 4881 τὴν
1177 4812 1211 4863 30
1229 4809 1301 4879 γοῦν]
1320 4811 1366 4881 γὰρ
1385 4811 1413 4862 in
1433 4813 1523 4865 ταῦθ

198 4902 232 4956 34
252 4904 309 4977 πνρλ
328 4902 406 4956 remei
425 4901 507 4958 ideler
589 4902 634 4972 μέν
653 4916 673 4953 ε.
687 4905 761 4953 v.A:
781 4915 831 4952 οαι.
850 4900 937 4952 BCPS
1027 4899 1057 4953 τό
1076 4900 1138 4954 εῖναι
1156 4898 1303 4953 οω.1όο1οι
