3540 5610
648 332 703 404 [DE
728 333 835 387 ANfflA
861 332 962 386 LIBER
987 330 1113 401 ALTER]
1262 336 1265 341 ’
1496 324 1556 389 123

261 514 333 572 κινεῖ
353 510 401 572 καλ
423 486 607 590 σωματικῶς.
631 508 774 571 τουτέστιν
798 507 958 590 ἀπτόμενον
980 506 1014 589 (ἢ
1030 505 1083 588 γὰρ
1107 505 1214 577 ὠθοῦν,
1237 503 1398 586 ήριπτούν,
1421 499 1440 581 ή
1463 496 1507 558 ἕλ-

262 635 326 685 κον,
348 613 367 694 ἢ
391 611 508 696 θλῖβον,
532 612 550 694 ἢ
574 614 682 685 δινούν,
709 612 728 694 ἦ
753 611 842 695 ὐχούν
865 611 913 673 καὶ
935 609 1038 692 φέρον,
1065 608 1084 691 ἢ
1107 606 1196 675 εἴτις
1218 604 1308 674 ἀλλος
1327 603 1431 689 τρόπος
1453 623 1508 664 σω·

264 720 385 798 ματικής
407 714 577 797 κινήσεως),
607 713 726 796 ποιότης
756 714 788 776 δὲ
811 712 931 795 οὐδεμία
957 717 1081 780 τοπικῶς
1109 714 1179 772 κινεῖ
1201 707 1267 771 καθ’
1296 708 1411 790 ἑαυτήν.
1455 702 1508 766 οὐκ

263 814 318 898 ἀρα
341 821 428 899 σῶμα
451 818 470 899 ίγ
486 817 613 899 ποιότης.
647 813 715 900 (ἔτι)
736 817 796 899 εἰή
820 814 938 899 ποιότης
954 819 1050 896 σῶμα,
1072 817 1128 875 πᾶν
1144 813 1176 876 δὲ
1191 815 1277 893 σῶμα
1292 808 1430 892 ποιότητα
1445 805 1509 891 ἔχει

230 918 280 1000 οῗη
302 917 363 981 οίόν
385 942 417 981 τε
440 917 445 1005 Ι
469 914 606 987 δέξασθαι
627 916 777 1000 ποιότητα,
798 918 847 981 κοιλ
870 920 890 1000 ἡ
912 916 1031 1001 ποιότης
1053 916 1072 1000 ἢ
1093 913 1231 999 ποιότητα
1254 911 1318 998 ἔχοι
1339 912 1373 975 ἀν
1396 912 1415 995 ἢ
1443 911 1491 974 οία
1509 923 1561 969 147,

260 1045 291 1084 τε
313 1020 360 1105 εἴη
387 1020 524 1090 δέξασθαι
551 1018 704 1104 ποιότητα,
733 1019 944 1107 όπερὶἀτοπον.
988 1019 1042 1083 οὐκ
1068 1019 1125 1102 ἀρα
1152 1024 1238 1100 σῶμα
1265 1018 1283 1100 ή
1311 1014 1439 1098 ποιότης.
1483 1014 1509 1076 εἰ

262 1124 317 1208 γάρ
332 1125 459 1208 δέχοιτο,
482 1121 528 1187 ἐπ’
550 1123 666 1208 ἄπειρον
689 1124 708 1205 ίγ
728 1122 860 1207 πρόοδος.
895 1121 936 1186 ἔτι
959 1123 986 1185 εἰ
1008 1120 1162 1206 ήποιότης
1184 1125 1280 1203 σῶμα,
1303 1122 1359 1180 πᾶν
1376 1117 1408 1179 δὲ
1423 1119 1510 1198 σῶμα

261 1226 388 1309 ἐνεργείᾳ
413 1225 444 1289 δν
467 1226 607 1309 ποιότητα
629 1224 692 1310 ἔχει
714 1225 748 1308 (ή
771 1225 824 1310 γὰρ
848 1227 902 1309 ὕλη
925 1227 1044 1310 δυνάμει
1067 1223 1178 1306 σῶμα),
1201 1223 1256 1291 ἕξει
1279 1221 1368 1302 καλή
1391 1216 1509 1300 ποιότης

262 1328 412 1412 ποιότητα,
436 1329 507 1412 όπερ
530 1329 646 1392 ἄτοπον.
691 1325 747 1403 ἔτι,
773 1328 808 1411 ἣν
831 1327 894 1413 ἔχει
916 1328 1070 1411 ποιότητα,
1094 1328 1112 1410 ή
1136 1332 1223 1407 σῶμα
1245 1324 1264 1408 ή
1287 1324 1320 1386 οὐ
1344 1328 1439 1406 σῶμα.
1484 1319 1510 1382 εἰ
1568 1327 1569 1332 ’

219 1445 249 1489 10
263 1431 315 1514 μὲν
338 1429 388 1495 οὐν
410 1432 445 1495 οὐ
468 1438 569 1515 σῶμα,
596 1430 692 1494 οὐκέτι
714 1429 834 1514 ποιότης
861 1437 947 1515 σῶμα
975 1433 1021 1495 καὶ
1045 1431 1084 1499 τίς
1112 1454 1131 1512 η
1154 1429 1358 1511 ἀποκλήρωσις
1385 1429 1436 1487 τοῦ
1458 1424 1510 1507 τὴν
1537 1437 1550 1480 υ

261 1534 314 1616 μὲν
337 1535 392 1618 πρὸ
407 1534 498 1619 αὐτῆς
517 1533 657 1617 ποιότητα
680 1537 766 1615 σῶμα
782 1533 864 1612 εἶναι,
887 1535 992 1618 ταύτην
1015 1534 1048 1597 δὲ
1070 1534 1125 1617 μή·;
1148 1532 1174 1593 εἰ
1197 1530 1292 1592 δὲκαὶ
1314 1528 1388 1613 αὐτὴ
1412 1533 1508 1612 σῶμα,

261 1635 318 1705 ἕξει
340 1638 389 1699 καλ
411 1638 485 1720 αὕτη
499 1637 650 1720 ποιότητα,
673 1637 721 1699 καλ
744 1642 828 1701 τοῦτο
851 1637 897 1701 ἐπ’
917 1637 1043 1720 ἄπειρον.
1077 1633 1118 1698 ἔτι
1142 1634 1236 1697 πολλὰ
1259 1632 1292 1696 ἀν
1316 1631 1361 1715 εἴη
1386 1635 1508 1716 σώματα

260 1739 292 1802 ἐν
314 1744 357 1824 τῷ
381 1738 472 1824 αὐτῷ.
510 1745 594 1802 τοῦτο
617 1738 643 1802 δ’
671 1739 714 1803 ὅτι
736 1740 875 1804 ἀδόνατον
897 1741 927 1803 ἐν
949 1739 1046 1808 ἀλλοις
1068 1737 1222 1821 ἐδείξαμεν.
1258 1733 1309 1810 ἔτι,
1332 1734 1357 1798 εἰ
1379 1737 1409 1798 αἱ
1432 1732 1510 1798 ποιό-

261 1865 345 1925 τητες
366 1845 503 1924 σώματα,
530 1847 593 1911 πῶς
615 1847 651 1926 τῇ
677 1843 819 1929 παρουσία
841 1843 937 1906 αὐτῶν
965 1844 1014 1906 καὶ
1035 1847 1072 1924 τῇ
1097 1839 1222 1923 ἀπουσία
1248 1839 1303 1902 οὐκ
1324 1837 1438 1907 αὔξεται
1460 1838 1509 1901 καλ

219 1961 248 2005 15
261 1950 392 2030 μειοῦται
414 1946 449 2008 τὰ
471 1949 606 2027 σώματα;
629 1946 656 2008 εἰ
677 1947 710 2009 δὲ
731 1946 840 2028 λέγοιεν
864 1947 910 2010 διὰ
932 1947 965 2008 τδ
986 1945 1077 2013 ἄλλας
1097 1943 1304 2027 παραγίνεσθαι
1326 1940 1423 2004 ἀλλων
1445 1940 1509 2003 ἀπι-

259 2055 370 2122 ουσῶν,
393 2047 470 2117 ἀξιον
493 2050 657 2133 ἀπορήσαι,
682 2054 744 2119 πῶς
767 2048 826 2113 ἴσαι
847 2053 938 2111 πᾶσαι
966 2049 995 2111 αἱ
1017 2045 1240 2130 παραγινόμεναι
1263 2049 1325 2113 ταῖς
1347 2043 1508 2111 ἀπιούσαις.

262 2149 306 2213 ἔτι
328 2150 420 2214 πόθεν
443 2149 577 2237 ἔρχονται
598 2153 629 2214 αἱ
652 2151 819 2237 ἐρχόμεναι,
842 2151 862 2235 ἢ
885 2155 941 2215 πού
964 2151 1079 2215 ἀπίασιν
1102 2151 1132 2212 αἱ
1155 2145 1364 2234 χωριζόμεναι;
1392 2149 1437 2210 δεῖ
1455 2147 1509 2229 γὰρ
1524 2161 1551 2203 ιιι

260 2253 350 2317 τόπον
372 2254 467 2318 αὐτῶν
490 2251 620 2330 εἶναι,ἐί
643 2258 774 2339 σώματα.
813 2252 856 2317 ἔτι
878 2255 926 2318 ἐπὶ
947 2259 1006 2317 τῶν
1028 2254 1122 2337 ὀσμὴν
1142 2251 1271 2337 ἐχόντων
1291 2256 1355 2320 πῶς
1377 2256 1509 2334 συνεχῶς

259 2362 314 2440 τῆς
336 2358 430 2441 ὀσμῆς
452 2358 593 2442 ἀπιούσης
615 2358 647 2420 τό
671 2355 740 2444 ἔχον
762 2357 864 2442 αὐτήν,
885 2358 936 2442 ἀφ’
964 2355 998 2420 οὐ
1020 2357 1142 2433 ἄπεισιν,
1165 2355 1198 2418 οὐ
1222 2358 1366 2437 μειοῦται;
1400 2352 1434 2416 οὐ
1456 2352 1509 2437 γάρ

216 2475 246 2521 νυ
263 2461 301 2543 δή
317 2461 366 2523 καὶ
380 2460 446 2523 τότε
459 2461 627 2524 ἀντείσεισιν
642 2460 727 2545 ἀλλη.
761 2459 803 2523 ἔτι
825 2458 876 2546 (εἰ)
897 2461 1112 2546 προσλαμβάνει
1134 2458 1197 2522 τινὰ
1211 2461 1334 2541 σώματα
1356 2455 1510 2539 ποιότητας

261 2564 353 2648 χωρὶς
375 2567 425 2626 τοῦ
442 2564 616 2647 ἀποβαλλειν
639 2565 680 2627 ὧν
695 2562 812 2649 ἔχουσίν
834 2586 921 2639 τινας,
945 2567 985 2632 ὡς
1007 2564 1023 2626 ό
1044 2564 1101 2647 ἀὴρ
1124 2562 1198 2646 όμὴ
1221 2559 1300 2646 ἔχων
1323 2561 1427 2644 ὐσμήν,
1450 2563 1509 2622 τῶν

260 2665 414 2729 δδωδότων
442 2667 516 2735 τινὸς
537 2665 805 2750 παρακομισθέντος
832 2667 950 2748 δίοσμος
974 2666 1096 2748 γίνεται,
1127 2666 1176 2729 καὶ
1200 2666 1216 2728 ό
1238 2665 1343 2749 ἀρετὴν
1366 2664 1385 2747 ἦ
1409 2661 1509 2726 κακίαν

258 2769 424 2853 ἀναλαβών,
447 2769 488 2851 μὴ
505 2767 642 2852 πρότερον
665 2770 705 2832 ὢν
728 2769 758 2831 ἐν
774 2770 870 2854 κακία,
893 2774 956 2838 πῶς
976 2767 1025 2833 οὐν
1041 2769 1095 2832 οὐκ
1116 2766 1263 2845 αὐξονταις
1286 2764 1328 2830 ἔτι
1349 2767 1409 2849 εἰίγ
1433 2765 1508 2828 ποιό-
1524 2779 1550 2823 1ο

220 2916 224 2921 -
260 2894 310 2954 της
332 2877 436 2955 σῶμα,
459 2873 478 2955 ή
501 2872 531 2935 ἐν
554 2875 598 2956 τῷ
622 2873 707 2956 μήλιρ
730 2873 749 2955 ή
773 2872 846 2935 κατὰ
868 2874 920 2956 τήν
943 2873 1037 2956 όσμὴν
1061 2870 1178 2954 ποιότης
1200 2872 1288 2954 δήλον
1312 2873 1352 2938 ὡς
1375 2867 1411 2932 δι’
1441 2868 1509 2962 όλρυ

214 2989 243 3033 25
258 2976 351 3058 διήκει
376 2978 428 3037 τοῦ
451 2978 588 3059 σώματος
609 2960 661 3056 τόδ
688 2976 784 3058 μήλου
807 2976 855 3038 κοιλ
882 2975 943 3040 ἴσον
965 2975 1046 3060 αὐτῷ
1070 2973 1188 3059 κατέχει
1211 2972 1308 3036 τόπον.
1353 2971 1428 3035 ἀλλὰ
1452 2972 1508 3054 μὴν
1537 3042 1540 3047 ,

260 3077 522 3160 μετακομισθέντος
547 3081 599 3139 τοῦ
626 3078 719 3161 μήλου
746 3077 795 3139 καὶ
823 3078 838 3139 ό
864 3076 944 3161 πέριξ
971 3079 1028 3162 ἀήρ
1056 3066 1179 3145 εὐωδίας
1206 3077 1378 3159 ἀνεπλήσθη
1406 3077 1510 3137 πολλα·

260 3181 381 3248 πλάσιος
404 3182 460 3256 ὤν,
488 3181 635 3243 ὥστεκαὶ
658 3181 705 3243 διὰ
726 3179 828 3243 τούτου
854 3182 873 3264 ή
897 3181 970 3263 αὐτή
994 3179 1112 3265 ποιότης
1133 3179 1251 3263 διῆλθεν
1273 3179 1322 3242 καλ
1345 3176 1406 3241 ἴσον
1427 3175 1507 3260 αὐτῷ

259 3282 402 3368 κατέσχεν
424 3282 526 3357 τόπον,
554 3281 607 3345 κάν
630 3283 714 3345 ποίλιν
738 3285 941 3366 μετακομισθή
964 3285 996 3346 τὸ
1021 3286 1112 3377 μήλρν
1134 3283 1220 3344 πάλιν
1242 3281 1329 3345 ἀλλον
1352 3281 1424 3365 ἀέρα
1446 3280 1510 3342 ἀνα-

259 3387 374 3468 πλήσει.
408 3391 472 3455 πῶς
493 3383 542 3448 οὐν
564 3386 597 3448 τὸ
620 3384 681 3448 ἴσον
704 3390 791 3468 σῶμα
814 3386 898 3466 μένον
921 3387 969 3449 καὶ
984 3390 1084 3469 διήκον
1107 3386 1154 3447 καὶ
1177 3384 1224 3448 διὰ
1245 3390 1295 3447 τοι]
1319 3387 1415 3469 μήλου
1438 3383 1509 3445 ἐκεῖ·

214 3503 246 3547 30
258 3487 307 3551 νόν
330 3511 363 3550 τε
385 3488 463 3573 μένει
478 3488 602 3572 κατέχον
624 3488 673 3550 τὸν
688 3487 775 3551 τόπον
799 3490 850 3552 σύν
867 3493 908 3572 τῷ
934 3490 1019 3574 μήλιρ
1042 3491 1090 3553 καὶ
1111 3489 1172 3573 ἅμα
1191 3488 1406 3550 πολλαπλάσιον
1417 3485 1509 3549 Ιαἵλλον
1523 3502 1551 3544 νυ

258 3593 306 3655 καὶ
328 3590 434 3655 ἄλλοτε
456 3589 558 3671 ἀλλον;
592 3590 733 3675 οὔτεγὰρ
756 3593 775 3675 ή
798 3592 873 3675 αὐτή
896 3591 1005 3654 εὐωδία
1032 3591 1124 3674 ἐντῷ
1148 3593 1256 3675 πρώτιμ
1280 3589 1345 3674 ἀέρι
1366 3610 1509 3672 συμμετα-

257 3694 378 3778 μέρεται
400 3699 443 3778 τῷ
460 3697 557 3778 μήλῳ,
580 3692 647 3757 οὐτε
666 3695 699 3757 ἐκ
722 3699 773 3757 τοῦ
790 3697 884 3779 μήλου
907 3694 952 3756 ἀεὶ
973 3693 1048 3777 ἀλλη
1071 3695 1119 3757 κοιλ
1143 3692 1217 3776 ἀλλη
1240 3692 1346 3756 εὐωδία
1368 3696 1508 3775 γεννᾶται.

258 3802 323 3866 πῶς
350 3797 404 3881 γάρ
427 3797 486 3860 οἷόν
514 3820 545 3859 τε
572 3796 601 3865 ἐξ
624 3796 719 3878 ὀλίγου
742 3801 878 3879 σώματος
906 3800 1104 3860 πολυπλοίσιυν
1126 3795 1255 3879 προϊέναι
1282 3796 1404 3880 μηδενὸς
1425 3815 1510 3879 προσ-

256 3898 410 3982 γινομένου
432 3899 527 3984 αὐτῷ;
555 3897 597 3962 ἔτι
618 3899 702 3963 οὐδὲν
724 3906 811 3984 σῶμα
834 3901 875 3968 είς
896 3900 929 3962 τό
954 3901 994 3982 μὴ
1018 3898 1049 3961 δν
1073 3898 1230 3983 φθείρεται,
1254 3901 1284 3961 αἱ
1306 3899 1339 3962 δὲ
1361 3897 1531 3982 ποιότητες,

213 4005 299 4073 ποεῖς
322 4003 354 4066 τδ
378 4004 418 4086 μ“η
443 4000 474 4065 δν
496 4002 671 4087 φθείρονται.
716 4002 770 4066 οὐκ
792 4002 848 4087 ἀρα
871 4003 901 4065 αἱ
925 4003 1075 4085 ποιότητες
1098 4004 1229 4085 σώματα.
1273 4001 1307 4064 οὐ
1329 4002 1384 4086 γάρ
1407 4003 1426 4083 ἡ
1449 4003 1510 4063 λευ·

258 4104 347 4188 κότης
370 4089 489 4186 μελανία
512 4104 625 4187 ἐγένετο
649 4106 838 4188 ὑπομείνασα.
876 4104 918 4168 ἔτι
940 4106 966 4167 εἰ
987 4107 1006 4187 ή
1029 4104 1148 4190 ποιότης
1171 4108 1267 4187 σῶμα,
1291 4109 1347 4167 πᾶν
1370 4105 1402 4167 δὲ
1424 4107 1510 4184 σῶμα
1563 4092 1570 4104 ’

257 4209 278 4291 ή
303 4209 358 4291 όλη
381 4207 400 4290 ἢ
427 4207 457 4276 ἐξ
479 4208 549 4291 ὐλης
571 4208 619 4270 καλ
645 4206 813 4292 ποιότητος,
839 4209 886 4292 εἴη
915 4208 949 4271 ἀν
977 4208 1025 4271 καὶ
1053 4209 1072 4291 ἡ
1096 4208 1214 4291 ποιότης
1239 4206 1349 4270 τούτων
1372 4230 1407 4270 τι.
1450 4205 1551 4289 όληκο

258 4312 312 4394 μὲν
328 4308 378 4373 οὐν
394 4310 542 4373 ἀδύνατον.
576 4312 704 4375 λείπεται
725 4311 782 4397 ἀρα
804 4311 834 4381 ἐξ
856 4312 926 4395 όλης
949 4312 996 4374 καὶ
1012 4312 1164 4395 ποιότητος
1186 4310 1278 4394 λέγειν
1294 4310 1346 4394 τὴν
1362 4307 1509 4393 ποιότητα.

201 4589 218 4640 4
248 4588 287 4639 {a
304 4588 326 4639 εί
344 4587 449 4654 scripsi:
468 4587 489 4639 ιί
506 4587 572 4639 VKa
696 4587 712 4639 5
739 4586 791 4661 ἔχει
810 4587 852 4638 Ka
978 4584 1008 4638 13
1035 4587 1061 4638 ὲν
1079 4586 1173 4656 ἄλλοις]
1193 4587 1225 4640 de
1244 4586 1370 4639 mixtione
1388 4585 1504 4637 libellum
1524 4602 1563 4637 το-

202 4677 306 4742 spieere
324 4675 435 4728 videtur.
471 4674 509 4728 cf.
528 4673 606 4738 20‚18
723 4673 849 4745 ἐδείξαμεν
867 4674 927 4726 VK:
949 4673 992 4726 καὶ
1010 4671 1157 4742 διίξεμενε
1276 4673 1307 4727 λθ
1335 4673 1458 4725 ἄπισινθ

201 4762 239 4815 20
265 4761 438 4814 ἀντείσισινλί
554 4760 590 4813 ίτι
608 4761 629 4814 εί
647 4763 752 4831 scripsi:
771 4762 808 4815 ἔτι
827 4763 893 4815 VKa
1008 4761 1041 4814 26
1068 4759 1312 4832 μετακομησθίντος,
1331 4780 1349 4828 μ
1367 4760 1395 4812 in
1414 4760 1451 4811 lit.
1462 4761 1494 4825 V,
1512 4760 1563 4812 for·

201 4854 275 4903 tasso
293 4847 524 4918 παρακομισθέντος
542 4847 574 4901 cs.
592 4848 661 4900 v.22
698 4860 703 4872 ·
763 4850 795 4903 27
816 4848 867 4902 ἴσον
886 4865 987 4918 sempor
1004 4850 1042 4902 V:
1059 4849 1148 4901 ίσονο
1247 4848 1278 4901 31
1299 4849 1408 4901 fortasse
1426 4848 1464 4917 (ἡ)
1482 4849 1508 4900 ἐν
1526 4851 1564 4918 τῷ

203 4936 301 5012 πρόιτιρ
319 4936 373 5007 ἀέρι
454 4935 488 4991 33
506 4933 673 4991 πολυπλάσιον
691 4936 728 4992 V:
746 4935 930 4993 πολλαπλάσιον
949 4937 990 4991 Ka
1072 4935 1177 4990 37-38
1196 4935 1233 5007 τίη
1253 4921 1451 5006 ἀν-ποιότητος
1470 4951 1520 4988 om.
1539 4935 1563 5002 K
