<?xml version="1.0" encoding="UTF-8"?>
<!DOCTYPE html PUBLIC "-//W3C//DTD XHTML 1.0 Transitional//EN"
    "http://www.w3.org/TR/xhtml1/DTD/xhtml1-transitional.dtd">
<html xmlns="http://www.w3.org/1999/xhtml" xml:lang="en" lang="en">
 <head>
  <title>
</title>
<meta http-equiv="Content-Type" content="text/html;charset=utf-8" />
  <meta name='ocr-system' content='tesseract 3.04.00' />
  <meta name='ocr-capabilities' content='ocr_page ocr_carea ocr_par ocr_line ocrx_word'/>
</head>
<body>
  <div class='ocr_page' id='page_1' title='image "./supplementumari02arisgoog/supplementumari02arisgoog_0398.png"; bbox 0 0 3540 5610; ppageno 0'>
   <div class='ocr_carea' id='block_1_1' title="bbox 630 304 1502 371">
    <p class='ocr_par' dir='ltr' id='par_1_1' title="bbox 630 304 1502 371">
     <span class='ocr_line' id='line_1_1' title="bbox 630 304 1502 371; baseline -0.008 -9"><span class='ocrx_word' id='word_1_1' title='bbox 630 304 772 363; x_wconf 76' lang='grc' dir='ltr'><strong>ιιιιοιιου</strong></span> <span class='ocrx_word' id='word_1_2' title='bbox 794 304 923 363; x_wconf 76' lang='grc' dir='ltr'><strong>ιύιιυν</strong></span> <span class='ocrx_word' id='word_1_3' title='bbox 945 307 1014 360; x_wconf 76' lang='lat' dir='ltr'><strong>5-ss</strong></span> <span class='ocrx_word' id='word_1_4' title='bbox 1459 305 1502 371; x_wconf 81' lang='lat'><strong>89</strong></span> 
     </span>
    </p>
   </div>
   <div class='ocr_carea' id='block_1_2' title="bbox 131 477 1498 2908">
    <p class='ocr_par' dir='ltr' id='par_1_2' title="bbox 131 477 1498 2908">
     <span class='ocr_line' id='line_1_2' title="bbox 193 477 1448 563; baseline -0.002 -21"><span class='ocrx_word' id='word_1_5' title='bbox 193 477 256 542; x_wconf 82' lang='grc' dir='ltr'><strong>ἀλλ’</strong></span> <span class='ocrx_word' id='word_1_6' title='bbox 284 477 365 544; x_wconf 85' lang='grc' dir='ltr'><strong>ἔσται</strong></span> <span class='ocrx_word' id='word_1_7' title='bbox 387 478 434 544; x_wconf 83' lang='grc' dir='ltr'><strong>ἐπ’</strong></span> <span class='ocrx_word' id='word_1_8' title='bbox 461 479 559 544; x_wconf 85' lang='grc' dir='ltr'><strong>αύτῶν</strong></span> <span class='ocrx_word' id='word_1_9' title='bbox 581 479 693 563; x_wconf 77' lang='grc' dir='ltr'><strong>ἀληθὲς</strong></span> <span class='ocrx_word' id='word_1_10' title='bbox 714 480 747 543; x_wconf 84' lang='grc' dir='ltr'><strong>τὸ</strong></span> <span class='ocrx_word' id='word_1_11' title='bbox 770 479 800 549; x_wconf 66' lang='lat' dir='ltr'><strong>te</strong></span> <span class='ocrx_word' id='word_1_12' title='bbox 822 480 992 551; x_wconf 78' lang='grc' dir='ltr'>ὑποθέσεως</span> <span class='ocrx_word' id='word_1_13' title='bbox 1013 480 1185 562; x_wconf 88' lang='grc' dir='ltr'><strong>ἀναγκαῖον,</strong></span> <span class='ocrx_word' id='word_1_14' title='bbox 1212 481 1245 542; x_wconf 81' lang='grc' dir='ltr'><strong>τὸ</strong></span> <span class='ocrx_word' id='word_1_15' title='bbox 1265 479 1290 543; x_wconf 85' lang='grc' dir='ltr'><strong>εἰ</strong></span> <span class='ocrx_word' id='word_1_16' title='bbox 1314 481 1346 544; x_wconf 84' lang='grc' dir='ltr'><strong>τὸ</strong></span> <span class='ocrx_word' id='word_1_17' title='bbox 1370 478 1448 541; x_wconf 87' lang='grc' dir='ltr'><strong>ύστε-</strong></span> 
     </span>
     <span class='ocr_line' id='line_1_3' title="bbox 195 579 1448 666; baseline -0.002 -23"><span class='ocrx_word' id='word_1_18' title='bbox 195 603 256 665; x_wconf 90' lang='grc' dir='ltr'><strong>ρον,</strong></span> <span class='ocrx_word' id='word_1_19' title='bbox 279 579 361 647; x_wconf 81' lang='grc' dir='ltr'><strong>ἔσται</strong></span> <span class='ocrx_word' id='word_1_20' title='bbox 383 581 413 651; x_wconf 76' lang='grc' dir='ltr'><strong>ἐξ</strong></span> <span class='ocrx_word' id='word_1_21' title='bbox 435 582 562 664; x_wconf 76' lang='grc' dir='ltr'><strong><em>ἀνάγκης</em></strong></span> <span class='ocrx_word' id='word_1_22' title='bbox 584 582 633 644; x_wconf 87' lang='grc' dir='ltr'><strong>καὶ</strong></span> <span class='ocrx_word' id='word_1_23' title='bbox 655 582 688 643; x_wconf 87' lang='grc' dir='ltr'><strong>τὸ</strong></span> <span class='ocrx_word' id='word_1_24' title='bbox 710 586 825 666; x_wconf 93' lang='grc' dir='ltr'><strong>πρῶτον</strong></span> <span class='ocrx_word' id='word_1_25' title='bbox 847 582 946 645; x_wconf 78' lang='grc' dir='ltr'><strong>αὐτοῦ.</strong></span> <span class='ocrx_word' id='word_1_26' title='bbox 991 582 1150 664; x_wconf 78' lang='grc' dir='ltr'><strong>ἀπορήσειε</strong></span> <span class='ocrx_word' id='word_1_27' title='bbox 1172 581 1197 645; x_wconf 82' lang='grc' dir='ltr'><strong>δ’</strong></span> <span class='ocrx_word' id='word_1_28' title='bbox 1223 581 1257 645; x_wconf 87' lang='grc' dir='ltr'><strong>ἀν</strong></span> <span class='ocrx_word' id='word_1_29' title='bbox 1279 605 1331 653; x_wconf 88' lang='grc' dir='ltr'><strong>τις,</strong></span> <span class='ocrx_word' id='word_1_30' title='bbox 1353 582 1379 644; x_wconf 85' lang='grc' dir='ltr'><strong>εἰ</strong></span> <span class='ocrx_word' id='word_1_31' title='bbox 1400 579 1448 641; x_wconf 74' lang='grc' dir='ltr'><strong>ἐπὶ</strong></span> 
     </span>
     <span class='ocr_line' id='line_1_4' title="bbox 192 680 1490 767; baseline -0.002 -23"><span class='ocrx_word' id='word_1_32' title='bbox 192 687 253 745; x_wconf 87' lang='grc' dir='ltr'><strong>τῶν</strong></span> <span class='ocrx_word' id='word_1_33' title='bbox 275 684 374 767; x_wconf 85' lang='grc' dir='ltr'><strong>κύκλιρ</strong></span> <span class='ocrx_word' id='word_1_34' title='bbox 401 683 558 766; x_wconf 71' lang='grc' dir='ltr'><strong>γινομένων</strong></span> <span class='ocrx_word' id='word_1_35' title='bbox 585 683 634 746; x_wconf 86' lang='grc' dir='ltr'><strong>καὶ</strong></span> <span class='ocrx_word' id='word_1_36' title='bbox 661 683 906 766; x_wconf 89' lang='grc' dir='ltr'><strong>ἀνακαμπτόντων</strong></span> <span class='ocrx_word' id='word_1_37' title='bbox 930 686 1014 746; x_wconf 88' lang='grc' dir='ltr'><strong>πάλιν</strong></span> <span class='ocrx_word' id='word_1_38' title='bbox 1042 684 1158 766; x_wconf 85' lang='grc' dir='ltr'><strong>ἀληθὴς</strong></span> <span class='ocrx_word' id='word_1_39' title='bbox 1185 684 1346 747; x_wconf 77' lang='grc' dir='ltr'>ἀκολουθία</span> <span class='ocrx_word' id='word_1_40' title='bbox 1368 680 1448 765; x_wconf 52' lang='lat' dir='ltr'><strong>{set</strong></span> <span class='ocrx_word' id='word_1_41' title='bbox 1462 696 1490 738; x_wconf 86' lang='lat'><strong>1⁰</strong></span> 
     </span>
     <span class='ocr_line' id='line_1_5' title="bbox 193 783 1446 870; baseline -0.002 -23"><span class='ocrx_word' id='word_1_42' title='bbox 193 786 228 847; x_wconf 85' lang='grc' dir='ltr'><strong>τὸ</strong></span> <span class='ocrx_word' id='word_1_43' title='bbox 244 790 370 869; x_wconf 90' lang='grc' dir='ltr'><strong>πρῶτον,</strong></span> <span class='ocrx_word' id='word_1_44' title='bbox 386 788 434 849; x_wconf 83' lang='grc' dir='ltr'><strong>καὶ</strong></span> <span class='ocrx_word' id='word_1_45' title='bbox 449 786 482 849; x_wconf 80' lang='grc' dir='ltr'><strong>τὸ</strong></span> <span class='ocrx_word' id='word_1_46' title='bbox 497 783 641 870; x_wconf 81' lang='grc' dir='ltr'><strong>ύστερον’,</strong></span> <span class='ocrx_word' id='word_1_47' title='bbox 673 785 693 868; x_wconf 80' lang='grc' dir='ltr'><strong>ἢ</strong></span> <span class='ocrx_word' id='word_1_48' title='bbox 709 785 830 849; x_wconf 74' lang='grc' dir='ltr'><strong>ἐπὶτῶν</strong></span> <span class='ocrx_word' id='word_1_49' title='bbox 846 786 1015 870; x_wconf 74' lang='grc' dir='ltr'><strong>ὡρισμένως</strong></span> <span class='ocrx_word' id='word_1_50' title='bbox 1029 786 1186 868; x_wconf 74' lang='grc' dir='ltr'><strong>γινομένων</strong></span> <span class='ocrx_word' id='word_1_51' title='bbox 1202 786 1258 848; x_wconf 88' lang='grc' dir='ltr'><strong>ὑπὸ</strong></span> <span class='ocrx_word' id='word_1_52' title='bbox 1274 790 1332 848; x_wconf 91' lang='grc' dir='ltr'><strong>τῶν</strong></span> <span class='ocrx_word' id='word_1_53' title='bbox 1348 785 1446 867; x_wconf 81' lang='grc' dir='ltr'>κύκλῳ</span> 
     </span>
     <span class='ocr_line' id='line_1_6' title="bbox 151 885 1446 972; baseline -0.001 -24"><span class='ocrx_word' id='word_1_54' title='bbox 151 905 170 953; x_wconf 84' lang='lat'><strong>5</strong></span> <span class='ocrx_word' id='word_1_55' title='bbox 193 886 372 967; x_wconf 82' lang='grc' dir='ltr'><strong>κινουμένων</strong></span> <span class='ocrx_word' id='word_1_56' title='bbox 394 887 511 972; x_wconf 81' lang='grc' dir='ltr'><strong>ἀληθὴς</strong></span> <span class='ocrx_word' id='word_1_57' title='bbox 537 887 697 970; x_wconf 74' lang='grc' dir='ltr'><strong>ἡτοιαύτη</strong></span> <span class='ocrx_word' id='word_1_58' title='bbox 720 887 891 951; x_wconf 80' lang='grc' dir='ltr'><strong>ἀκολουθία.</strong></span> <span class='ocrx_word' id='word_1_59' title='bbox 937 887 963 949; x_wconf 80' lang='grc' dir='ltr'><strong>εἰ</strong></span> <span class='ocrx_word' id='word_1_60' title='bbox 988 888 1041 969; x_wconf 77' lang='grc' dir='ltr'><strong>γὰρ</strong></span> <span class='ocrx_word' id='word_1_61' title='bbox 1067 889 1172 970; x_wconf 85' lang='grc' dir='ltr'><strong>τροπαὶ</strong></span> <span class='ocrx_word' id='word_1_62' title='bbox 1196 887 1371 971; x_wconf 81' lang='grc' dir='ltr'><strong>χειμεριναί,</strong></span> <span class='ocrx_word' id='word_1_63' title='bbox 1398 885 1446 948; x_wconf 81' lang='grc' dir='ltr'><strong>καὶ</strong></span> 
     </span>
     <span class='ocr_line' id='line_1_7' title="bbox 193 988 1488 1073; baseline -0.001 -23"><span class='ocrx_word' id='word_1_64' title='bbox 193 988 342 1073; x_wconf 85' lang='grc' dir='ltr'><strong>ἰσημερία,</strong></span> <span class='ocrx_word' id='word_1_65' title='bbox 365 990 414 1052; x_wconf 81' lang='grc' dir='ltr'><strong>καὶ</strong></span> <span class='ocrx_word' id='word_1_66' title='bbox 436 990 463 1052; x_wconf 71' lang='grc' dir='ltr'><strong>εἰ</strong></span> <span class='ocrx_word' id='word_1_67' title='bbox 485 990 634 1073; x_wconf 81' lang='grc' dir='ltr'><strong>ἰσημερία,</strong></span> <span class='ocrx_word' id='word_1_68' title='bbox 658 990 706 1053; x_wconf 81' lang='grc' dir='ltr'><strong>καὶ</strong></span> <span class='ocrx_word' id='word_1_69' title='bbox 728 991 831 1073; x_wconf 85' lang='grc' dir='ltr'><strong>τροπαὶ</strong></span> <span class='ocrx_word' id='word_1_70' title='bbox 854 989 978 1071; x_wconf 89' lang='grc' dir='ltr'><strong>θεριναί,</strong></span> <span class='ocrx_word' id='word_1_71' title='bbox 1001 991 1049 1052; x_wconf 88' lang='grc' dir='ltr'><strong>καὶ</strong></span> <span class='ocrx_word' id='word_1_72' title='bbox 1071 990 1097 1051; x_wconf 82' lang='grc' dir='ltr'><strong>εἰ</strong></span> <span class='ocrx_word' id='word_1_73' title='bbox 1119 990 1221 1073; x_wconf 83' lang='grc' dir='ltr'><strong>τροπαὶ</strong></span> <span class='ocrx_word' id='word_1_74' title='bbox 1244 989 1364 1072; x_wconf 89' lang='grc' dir='ltr'><strong>θεριναί,</strong></span> <span class='ocrx_word' id='word_1_75' title='bbox 1389 988 1446 1072; x_wconf 81' lang='grc' dir='ltr'><strong>ίση·</strong></span> <span class='ocrx_word' id='word_1_76' title='bbox 1461 1001 1488 1044; x_wconf 78' lang='lat'><strong>1⁵</strong></span> 
     </span>
     <span class='ocr_line' id='line_1_8' title="bbox 193 1088 1448 1176; baseline -0.001 -24"><span class='ocrx_word' id='word_1_77' title='bbox 193 1088 291 1173; x_wconf 84' lang='grc' dir='ltr'><strong>μερία,</strong></span> <span class='ocrx_word' id='word_1_78' title='bbox 314 1091 362 1153; x_wconf 84' lang='grc' dir='ltr'><strong>καὶ</strong></span> <span class='ocrx_word' id='word_1_79' title='bbox 377 1092 404 1154; x_wconf 84' lang='grc' dir='ltr'><strong>εἰ</strong></span> <span class='ocrx_word' id='word_1_80' title='bbox 417 1090 502 1173; x_wconf 75' lang='grc' dir='ltr'><strong>αὕτη,</strong></span> <span class='ocrx_word' id='word_1_81' title='bbox 524 1092 628 1175; x_wconf 88' lang='grc' dir='ltr'><strong>τροπαὶ</strong></span> <span class='ocrx_word' id='word_1_82' title='bbox 644 1092 814 1176; x_wconf 86' lang='grc' dir='ltr'><strong>χειμεριναί,</strong></span> <span class='ocrx_word' id='word_1_83' title='bbox 837 1090 913 1153; x_wconf 81' lang='grc' dir='ltr'><strong>ἀλλὰ</strong></span> <span class='ocrx_word' id='word_1_84' title='bbox 927 1089 1002 1173; x_wconf 70' lang='lat' dir='ltr'><strong>(nat)</strong></span> <span class='ocrx_word' id='word_1_85' title='bbox 1017 1091 1043 1153; x_wconf 81' lang='grc' dir='ltr'><strong>εἰ</strong></span> <span class='ocrx_word' id='word_1_86' title='bbox 1058 1093 1181 1175; x_wconf 82' lang='grc' dir='ltr'><strong>χειμών,</strong></span> <span class='ocrx_word' id='word_1_87' title='bbox 1203 1090 1251 1153; x_wconf 83' lang='grc' dir='ltr'><strong>καὶ</strong></span> <span class='ocrx_word' id='word_1_88' title='bbox 1274 1089 1335 1173; x_wconf 87' lang='grc' dir='ltr'><strong>ἔαρ,</strong></span> <span class='ocrx_word' id='word_1_89' title='bbox 1358 1090 1406 1152; x_wconf 80' lang='grc' dir='ltr'><strong>καὶ</strong></span> <span class='ocrx_word' id='word_1_90' title='bbox 1422 1089 1448 1151; x_wconf 83' lang='grc' dir='ltr'><strong>εἰ</strong></span> 
     </span>
     <span class='ocr_line' id='line_1_9' title="bbox 192 1188 1447 1276; baseline -0.004 -21"><span class='ocrx_word' id='word_1_91' title='bbox 192 1189 258 1276; x_wconf 86' lang='grc' dir='ltr'><em>ἔαρ,</em></span> <span class='ocrx_word' id='word_1_92' title='bbox 270 1192 367 1276; x_wconf 90' lang='grc' dir='ltr'><strong>θέρος,</strong></span> <span class='ocrx_word' id='word_1_93' title='bbox 383 1194 432 1256; x_wconf 81' lang='grc' dir='ltr'><strong>καὶ</strong></span> <span class='ocrx_word' id='word_1_94' title='bbox 447 1193 474 1256; x_wconf 81' lang='grc' dir='ltr'><strong>εί</strong></span> <span class='ocrx_word' id='word_1_95' title='bbox 489 1192 584 1276; x_wconf 87' lang='grc' dir='ltr'><strong>θέρος,</strong></span> <span class='ocrx_word' id='word_1_96' title='bbox 601 1193 780 1276; x_wconf 83' lang='grc' dir='ltr'><strong>μετόπωρον,</strong></span> <span class='ocrx_word' id='word_1_97' title='bbox 803 1194 851 1257; x_wconf 88' lang='grc' dir='ltr'><strong>καὶ</strong></span> <span class='ocrx_word' id='word_1_98' title='bbox 868 1193 893 1255; x_wconf 83' lang='grc' dir='ltr'><strong>εἰ</strong></span> <span class='ocrx_word' id='word_1_99' title='bbox 910 1192 1090 1275; x_wconf 79' lang='grc' dir='ltr'><strong>μετόπωρον,</strong></span> <span class='ocrx_word' id='word_1_100' title='bbox 1113 1195 1236 1276; x_wconf 85' lang='grc' dir='ltr'><strong>χειμών,</strong></span> <span class='ocrx_word' id='word_1_101' title='bbox 1258 1193 1343 1254; x_wconf 85' lang='grc' dir='ltr'><strong>παλιν</strong></span> <span class='ocrx_word' id='word_1_102' title='bbox 1359 1188 1447 1252; x_wconf 84' lang='grc' dir='ltr'><strong>καὶεί</strong></span> 
     </span>
     <span class='ocr_line' id='line_1_10' title="bbox 191 1290 1488 1379; baseline -0.005 -24"><span class='ocrx_word' id='word_1_103' title='bbox 191 1293 242 1356; x_wconf 80' lang='grc' dir='ltr'><strong>ἐπί</strong></span> <span class='ocrx_word' id='word_1_104' title='bbox 263 1297 323 1356; x_wconf 90' lang='grc' dir='ltr'><strong>τῶν</strong></span> <span class='ocrx_word' id='word_1_105' title='bbox 350 1297 474 1378; x_wconf 84' lang='grc' dir='ltr'><strong>πρῶτων</strong></span> <span class='ocrx_word' id='word_1_106' title='bbox 502 1294 651 1379; x_wconf 76' lang='grc' dir='ltr'><strong>ῥηθέντων</strong></span> <span class='ocrx_word' id='word_1_107' title='bbox 676 1298 696 1379; x_wconf 76' lang='grc' dir='ltr'>ἡ</span> <span class='ocrx_word' id='word_1_108' title='bbox 720 1294 798 1362; x_wconf 74' lang='grc' dir='ltr'><strong>τάξις</strong></span> <span class='ocrx_word' id='word_1_109' title='bbox 826 1293 972 1378; x_wconf 82' lang='grc' dir='ltr'><strong>ὡρισμένη</strong></span> <span class='ocrx_word' id='word_1_110' title='bbox 1000 1295 1049 1357; x_wconf 78' lang='grc' dir='ltr'><strong>καί</strong></span> <span class='ocrx_word' id='word_1_111' title='bbox 1076 1295 1191 1357; x_wconf 81' lang='grc' dir='ltr'><strong>ἑστῶσα</strong></span> <span class='ocrx_word' id='word_1_112' title='bbox 1219 1295 1267 1356; x_wconf 80' lang='grc' dir='ltr'><strong>καὶ</strong></span> <span class='ocrx_word' id='word_1_113' title='bbox 1289 1290 1356 1355; x_wconf 85' lang='grc' dir='ltr'><strong>οὔτε</strong></span> <span class='ocrx_word' id='word_1_114' title='bbox 1379 1291 1446 1353; x_wconf 86' lang='grc' dir='ltr'><strong>ὑπο·</strong></span> <span class='ocrx_word' id='word_1_115' title='bbox 1459 1305 1488 1347; x_wconf 79' lang='grc' dir='ltr'><strong>ευ</strong></span> 
     </span>
     <span class='ocr_line' id='line_1_11' title="bbox 134 1391 1446 1482; baseline -0.007 -20"><span class='ocrx_word' id='word_1_116' title='bbox 134 1416 171 1462; x_wconf 86' lang='lat'><strong>10</strong></span> <span class='ocrx_word' id='word_1_117' title='bbox 189 1396 334 1460; x_wconf 85' lang='grc' dir='ltr'><strong>λείπουσά</strong></span> <span class='ocrx_word' id='word_1_118' title='bbox 354 1419 426 1459; x_wconf 92' lang='grc' dir='ltr'><strong>ποτε</strong></span> <span class='ocrx_word' id='word_1_119' title='bbox 448 1393 516 1459; x_wconf 83' lang='grc' dir='ltr'><strong>οὔτε</strong></span> <span class='ocrx_word' id='word_1_120' title='bbox 537 1398 793 1482; x_wconf 84' lang='grc' dir='ltr'><strong>προλαμβάνουσα,</strong></span> <span class='ocrx_word' id='word_1_121' title='bbox 821 1394 865 1458; x_wconf 86' lang='grc' dir='ltr'><strong>ότι</strong></span> <span class='ocrx_word' id='word_1_122' title='bbox 887 1401 938 1478; x_wconf 80' lang='grc' dir='ltr'><strong>τῆς</strong></span> <span class='ocrx_word' id='word_1_123' title='bbox 960 1395 1070 1458; x_wconf 91' lang='grc' dir='ltr'><strong>τούτων</strong></span> <span class='ocrx_word' id='word_1_124' title='bbox 1093 1395 1192 1464; x_wconf 81' lang='grc' dir='ltr'><strong>οὐσίας</strong></span> <span class='ocrx_word' id='word_1_125' title='bbox 1214 1394 1315 1458; x_wconf 83' lang='grc' dir='ltr'><strong>τεκαὶ</strong></span> <span class='ocrx_word' id='word_1_126' title='bbox 1338 1391 1446 1459; x_wconf 73' lang='grc' dir='ltr'><strong>τάξεως</strong></span> 
     </span>
     <span class='ocr_line' id='line_1_12' title="bbox 187 1492 1445 1582; baseline -0.005 -23"><span class='ocrx_word' id='word_1_127' title='bbox 187 1497 269 1560; x_wconf 77' lang='grc' dir='ltr'><strong>αἰτία</strong></span> <span class='ocrx_word' id='word_1_128' title='bbox 296 1496 371 1581; x_wconf 87' lang='grc' dir='ltr'><strong>μόνη</strong></span> <span class='ocrx_word' id='word_1_129' title='bbox 402 1500 421 1580; x_wconf 78' lang='grc' dir='ltr'>ἡ</span> <span class='ocrx_word' id='word_1_130' title='bbox 449 1503 506 1560; x_wconf 90' lang='grc' dir='ltr'><strong>τῶν</strong></span> <span class='ocrx_word' id='word_1_131' title='bbox 534 1501 658 1582; x_wconf 85' lang='grc' dir='ltr'><strong>πρῶτων</strong></span> <span class='ocrx_word' id='word_1_132' title='bbox 689 1499 800 1581; x_wconf 86' lang='grc' dir='ltr'><strong>κίνησις</strong></span> <span class='ocrx_word' id='word_1_133' title='bbox 829 1497 989 1578; x_wconf 89' lang='grc' dir='ltr'><strong>σωμάτων,</strong></span> <span class='ocrx_word' id='word_1_134' title='bbox 1021 1496 1138 1566; x_wconf 81' lang='grc' dir='ltr'><strong>ούόενὸς</strong></span> <span class='ocrx_word' id='word_1_135' title='bbox 1167 1498 1207 1566; x_wconf 82' lang='grc' dir='ltr'><strong>εἰς</strong></span> <span class='ocrx_word' id='word_1_136' title='bbox 1234 1497 1324 1578; x_wconf 83' lang='grc' dir='ltr'><strong>αύτὴν</strong></span> <span class='ocrx_word' id='word_1_137' title='bbox 1356 1492 1445 1555; x_wconf 79' lang='grc' dir='ltr'><strong>ἄλλου</strong></span> 
     </span>
     <span class='ocr_line' id='line_1_13' title="bbox 189 1592 1446 1684; baseline -0.006 -22"><span class='ocrx_word' id='word_1_138' title='bbox 189 1602 396 1668; x_wconf 79' lang='grc' dir='ltr'><strong>συντελοῦντος</strong></span> <span class='ocrx_word' id='word_1_139' title='bbox 417 1599 478 1682; x_wconf 81' lang='grc' dir='ltr'><strong>(διὸ</strong></span> <span class='ocrx_word' id='word_1_140' title='bbox 501 1602 549 1663; x_wconf 78' lang='grc' dir='ltr'><strong>καὶ</strong></span> <span class='ocrx_word' id='word_1_141' title='bbox 571 1601 620 1662; x_wconf 88' lang='grc' dir='ltr'><strong>τὸν</strong></span> <span class='ocrx_word' id='word_1_142' title='bbox 642 1601 747 1684; x_wconf 88' lang='grc' dir='ltr'><strong>χρόνον</strong></span> <span class='ocrx_word' id='word_1_143' title='bbox 770 1597 846 1662; x_wconf 85' lang='grc' dir='ltr'><strong>ἔστιν</strong></span> <span class='ocrx_word' id='word_1_144' title='bbox 869 1596 917 1660; x_wconf 77' lang='grc' dir='ltr'><strong>ἐπὶ</strong></span> <span class='ocrx_word' id='word_1_145' title='bbox 940 1598 1049 1661; x_wconf 89' lang='grc' dir='ltr'><strong>τούτων</strong></span> <span class='ocrx_word' id='word_1_146' title='bbox 1072 1600 1218 1683; x_wconf 74' lang='grc' dir='ltr'><strong>ὁρίζοντας</strong></span> <span class='ocrx_word' id='word_1_147' title='bbox 1240 1598 1341 1680; x_wconf 87' lang='grc' dir='ltr'><strong>λέγειν,</strong></span> <span class='ocrx_word' id='word_1_148' title='bbox 1375 1592 1446 1657; x_wconf 90' lang='grc' dir='ltr'><strong>πότε</strong></span> 
     </span>
     <span class='ocr_line' id='line_1_14' title="bbox 188 1697 1487 1786; baseline -0.007 -22"><span class='ocrx_word' id='word_1_149' title='bbox 188 1701 222 1771; x_wconf 75' lang='grc' dir='ltr'><strong>ἐξ</strong></span> <span class='ocrx_word' id='word_1_150' title='bbox 247 1702 375 1785; x_wconf 79' lang='grc' dir='ltr'><strong>ἀνάγκης</strong></span> <span class='ocrx_word' id='word_1_151' title='bbox 402 1699 508 1784; x_wconf 83' lang='grc' dir='ltr'><strong>ἔσται),</strong></span> <span class='ocrx_word' id='word_1_152' title='bbox 539 1701 614 1785; x_wconf 85' lang='grc' dir='ltr'><strong>θέρη</strong></span> <span class='ocrx_word' id='word_1_153' title='bbox 637 1725 668 1765; x_wconf 89' lang='grc' dir='ltr'><strong>τε</strong></span> <span class='ocrx_word' id='word_1_154' title='bbox 697 1703 746 1766; x_wconf 78' lang='grc' dir='ltr'><strong>καί</strong></span> <span class='ocrx_word' id='word_1_155' title='bbox 775 1703 932 1784; x_wconf 88' lang='grc' dir='ltr'><strong>μετόπωρα</strong></span> <span class='ocrx_word' id='word_1_156' title='bbox 958 1701 1006 1763; x_wconf 78' lang='grc' dir='ltr'><strong>καί</strong></span> <span class='ocrx_word' id='word_1_157' title='bbox 1038 1707 1183 1786; x_wconf 87' lang='grc' dir='ltr'><strong>χειμῶνες</strong></span> <span class='ocrx_word' id='word_1_158' title='bbox 1210 1698 1309 1763; x_wconf 81' lang='grc' dir='ltr'><strong>οὐκέθ’</strong></span> <span class='ocrx_word' id='word_1_159' title='bbox 1338 1697 1487 1780; x_wconf 81' lang='grc' dir='ltr'><strong>όμυίωςκσ</strong></span> 
     </span>
     <span class='ocr_line' id='line_1_15' title="bbox 192 1801 1445 1888; baseline -0.003 -23"><span class='ocrx_word' id='word_1_160' title='bbox 192 1801 295 1888; x_wconf 87' lang='grc' dir='ltr'><strong>ἔχουσι</strong></span> <span class='ocrx_word' id='word_1_161' title='bbox 317 1804 351 1867; x_wconf 85' lang='grc' dir='ltr'><strong>τὸ</strong></span> <span class='ocrx_word' id='word_1_162' title='bbox 373 1803 548 1888; x_wconf 84' lang='grc' dir='ltr'><strong>ὡρισμένον,</strong></span> <span class='ocrx_word' id='word_1_163' title='bbox 576 1804 668 1867; x_wconf 89' lang='grc' dir='ltr'><strong>καίτοι</strong></span> <span class='ocrx_word' id='word_1_164' title='bbox 690 1802 824 1886; x_wconf 86' lang='grc' dir='ltr'><strong>γινόμενα</strong></span> <span class='ocrx_word' id='word_1_165' title='bbox 851 1802 950 1886; x_wconf 81' lang='grc' dir='ltr'><strong>κύκλῳ</strong></span> <span class='ocrx_word' id='word_1_166' title='bbox 980 1804 1026 1865; x_wconf 90' lang='grc' dir='ltr'><strong>καὶ</strong></span> <span class='ocrx_word' id='word_1_167' title='bbox 1050 1802 1178 1883; x_wconf 87' lang='grc' dir='ltr'><strong>ἑπόμενα</strong></span> <span class='ocrx_word' id='word_1_168' title='bbox 1206 1809 1242 1885; x_wconf 72' lang='grc' dir='ltr'><strong>τξγ</strong></span> <span class='ocrx_word' id='word_1_169' title='bbox 1265 1803 1376 1885; x_wconf 86' lang='grc' dir='ltr'><strong>κινήσει</strong></span> <span class='ocrx_word' id='word_1_170' title='bbox 1396 1801 1445 1862; x_wconf 85' lang='grc' dir='ltr'><strong>καὶ</strong></span> 
     </span>
     <span class='ocr_line' id='line_1_16' title="bbox 132 1901 1498 1989; baseline -0.004 -21"><span class='ocrx_word' id='word_1_171' title='bbox 132 1925 167 1972; x_wconf 77' lang='lat'><strong>15</strong></span> <span class='ocrx_word' id='word_1_172' title='bbox 188 1904 264 1968; x_wconf 85' lang='grc' dir='ltr'><strong>αύτά</strong></span> <span class='ocrx_word' id='word_1_173' title='bbox 286 1910 344 1969; x_wconf 91' lang='grc' dir='ltr'><strong>τῶν</strong></span> <span class='ocrx_word' id='word_1_174' title='bbox 367 1906 478 1981; x_wconf 81' lang='grc' dir='ltr'><strong>ἀιδίων,</strong></span> <span class='ocrx_word' id='word_1_175' title='bbox 505 1904 549 1968; x_wconf 85' lang='grc' dir='ltr'><strong>ότι</strong></span> <span class='ocrx_word' id='word_1_176' title='bbox 570 1909 662 1969; x_wconf 84' lang='grc' dir='ltr'><strong>ταῦτα</strong></span> <span class='ocrx_word' id='word_1_177' title='bbox 684 1906 733 1967; x_wconf 83' lang='grc' dir='ltr'><strong>καὶ</strong></span> <span class='ocrx_word' id='word_1_178' title='bbox 756 1904 886 1987; x_wconf 80' lang='grc' dir='ltr'><strong>ὑπὸτῆς</strong></span> <span class='ocrx_word' id='word_1_179' title='bbox 911 1901 914 1989; x_wconf 69' lang='grc' dir='ltr'><strong>λ</strong></span> <span class='ocrx_word' id='word_1_180' title='bbox 939 1906 1009 1987; x_wconf 86' lang='grc' dir='ltr'><strong>ύλης</strong></span> <span class='ocrx_word' id='word_1_181' title='bbox 1031 1906 1103 1988; x_wconf 81' lang='grc' dir='ltr'><strong>πρὸς</strong></span> <span class='ocrx_word' id='word_1_182' title='bbox 1124 1905 1157 1966; x_wconf 89' lang='grc' dir='ltr'><strong>τὸ</strong></span> <span class='ocrx_word' id='word_1_183' title='bbox 1180 1904 1309 1987; x_wconf 87' lang='grc' dir='ltr'><strong>γίνεσθαι</strong></span> <span class='ocrx_word' id='word_1_184' title='bbox 1332 1924 1426 1986; x_wconf 91' lang='grc' dir='ltr'><strong>συνερ-</strong></span> <span class='ocrx_word' id='word_1_185' title='bbox 1449 1907 1498 1964; x_wconf 80' lang='grc'><strong>133</strong></span> 
     </span>
     <span class='ocr_line' id='line_1_17' title="bbox 188 2004 1445 2092; baseline -0.003 -23"><span class='ocrx_word' id='word_1_186' title='bbox 188 2011 280 2089; x_wconf 87' lang='grc' dir='ltr'><strong>γεῖται</strong></span> <span class='ocrx_word' id='word_1_187' title='bbox 304 2008 477 2092; x_wconf 81' lang='grc' dir='ltr'><strong>πασχούσης</strong></span> <span class='ocrx_word' id='word_1_188' title='bbox 498 2009 555 2071; x_wconf 82' lang='grc' dir='ltr'><strong>ύπὸ</strong></span> <span class='ocrx_word' id='word_1_189' title='bbox 581 2011 633 2090; x_wconf 81' lang='grc' dir='ltr'><strong>τῆς</strong></span> <span class='ocrx_word' id='word_1_190' title='bbox 656 2006 773 2071; x_wconf 79' lang='grc' dir='ltr'><strong>ἐκείνων</strong></span> <span class='ocrx_word' id='word_1_191' title='bbox 795 2007 951 2088; x_wconf 81' lang='grc' dir='ltr'><strong>κινήσεως,</strong></span> <span class='ocrx_word' id='word_1_192' title='bbox 981 2008 1045 2090; x_wconf 85' lang='grc' dir='ltr'><strong>ἥτις</strong></span> <span class='ocrx_word' id='word_1_193' title='bbox 1067 2005 1131 2068; x_wconf 75' lang='grc' dir='ltr'><strong>ἐπεὶ</strong></span> <span class='ocrx_word' id='word_1_194' title='bbox 1154 2006 1195 2088; x_wconf 86' lang='grc' dir='ltr'><strong>μὴ</strong></span> <span class='ocrx_word' id='word_1_195' title='bbox 1218 2006 1312 2088; x_wconf 80' lang='grc' dir='ltr'><strong>πάντη</strong></span> <span class='ocrx_word' id='word_1_196' title='bbox 1336 2004 1445 2087; x_wconf 86' lang='grc' dir='ltr'><strong>ὁμοίως</strong></span> 
     </span>
     <span class='ocr_line' id='line_1_18' title="bbox 188 2104 1445 2193; baseline -0.003 -21"><span class='ocrx_word' id='word_1_197' title='bbox 188 2104 241 2193; x_wconf 78' lang='grc' dir='ltr'><strong>[η’]</strong></span> <span class='ocrx_word' id='word_1_198' title='bbox 264 2109 365 2172; x_wconf 81' lang='grc' dir='ltr'><strong>ἕπεται</strong></span> <span class='ocrx_word' id='word_1_199' title='bbox 393 2107 468 2170; x_wconf 84' lang='grc' dir='ltr'><strong>κατὰ</strong></span> <span class='ocrx_word' id='word_1_200' title='bbox 495 2109 530 2172; x_wconf 84' lang='grc' dir='ltr'><strong>τὰ</strong></span> <span class='ocrx_word' id='word_1_201' title='bbox 556 2109 640 2193; x_wconf 88' lang='grc' dir='ltr'><strong>πάθη</strong></span> <span class='ocrx_word' id='word_1_202' title='bbox 663 2113 725 2178; x_wconf 88' lang='grc' dir='ltr'><strong>ταῖς</strong></span> <span class='ocrx_word' id='word_1_203' title='bbox 747 2109 864 2172; x_wconf 86' lang='grc' dir='ltr'><strong>ἐκείνων</strong></span> <span class='ocrx_word' id='word_1_204' title='bbox 885 2110 1022 2193; x_wconf 81' lang='grc' dir='ltr'><strong>κινήσεσί</strong></span> <span class='ocrx_word' id='word_1_205' title='bbox 1041 2132 1072 2170; x_wconf 91' lang='grc' dir='ltr'><strong>τε</strong></span> <span class='ocrx_word' id='word_1_206' title='bbox 1102 2108 1149 2171; x_wconf 82' lang='grc' dir='ltr'><strong>καὶ</strong></span> <span class='ocrx_word' id='word_1_207' title='bbox 1176 2110 1358 2191; x_wconf 80' lang='grc' dir='ltr'><strong>περιφοραῖς,</strong></span> <span class='ocrx_word' id='word_1_208' title='bbox 1388 2104 1445 2189; x_wconf 89' lang='grc' dir='ltr'><strong>ούχ</strong></span> 
     </span>
     <span class='ocr_line' id='line_1_19' title="bbox 191 2208 1486 2294; baseline -0.008 -20"><span class='ocrx_word' id='word_1_209' title='bbox 191 2210 302 2292; x_wconf 87' lang='grc' dir='ltr'><strong>ὁμοίως</strong></span> <span class='ocrx_word' id='word_1_210' title='bbox 330 2215 389 2278; x_wconf 90' lang='grc' dir='ltr'><strong>τοῖς</strong></span> <span class='ocrx_word' id='word_1_211' title='bbox 415 2208 483 2273; x_wconf 80' lang='grc' dir='ltr'><strong>καθ’</strong></span> <span class='ocrx_word' id='word_1_212' title='bbox 511 2211 633 2275; x_wconf 81' lang='grc' dir='ltr'><strong>ἕκαστον</strong></span> <span class='ocrx_word' id='word_1_213' title='bbox 662 2213 792 2294; x_wconf 84' lang='grc' dir='ltr'><strong>ὥρισται.</strong></span> <span class='ocrx_word' id='word_1_214' title='bbox 838 2209 879 2275; x_wconf 85' lang='grc' dir='ltr'><strong>ἔτι</strong></span> <span class='ocrx_word' id='word_1_215' title='bbox 908 2212 941 2275; x_wconf 67' lang='lat' dir='ltr'><strong>tt</strong></span> <span class='ocrx_word' id='word_1_216' title='bbox 970 2213 1078 2293; x_wconf 83' lang='grc' dir='ltr'><strong>μᾶλλον</strong></span> <span class='ocrx_word' id='word_1_217' title='bbox 1105 2211 1138 2273; x_wconf 85' lang='grc' dir='ltr'><strong>τὸ</strong></span> <span class='ocrx_word' id='word_1_218' title='bbox 1168 2209 1301 2293; x_wconf 90' lang='grc' dir='ltr'><strong>ἀόριστον</strong></span> <span class='ocrx_word' id='word_1_219' title='bbox 1329 2208 1359 2270; x_wconf 87' lang='grc' dir='ltr'><strong>ἐν</strong></span> <span class='ocrx_word' id='word_1_220' title='bbox 1387 2211 1445 2274; x_wconf 88' lang='grc' dir='ltr'><strong>τοῖς</strong></span> <span class='ocrx_word' id='word_1_221' title='bbox 1472 2222 1486 2264; x_wconf 81' lang='grc' dir='ltr'><strong>τ</strong></span> 
     </span>
     <span class='ocr_line' id='line_1_20' title="bbox 189 2310 1440 2396; baseline 0.001 -24"><span class='ocrx_word' id='word_1_222' title='bbox 189 2312 334 2375; x_wconf 88' lang='grc' dir='ltr'><strong>πλειόνων</strong></span> <span class='ocrx_word' id='word_1_223' title='bbox 357 2311 505 2395; x_wconf 80' lang='grc' dir='ltr'><strong>δεομένοις</strong></span> <span class='ocrx_word' id='word_1_224' title='bbox 520 2312 732 2395; x_wconf 77' lang='grc' dir='ltr'><strong>συνεργούντων</strong></span> <span class='ocrx_word' id='word_1_225' title='bbox 754 2312 852 2381; x_wconf 79' lang='grc' dir='ltr'><strong>αὐτοῖς</strong></span> <span class='ocrx_word' id='word_1_226' title='bbox 874 2315 946 2396; x_wconf 83' lang='grc' dir='ltr'><strong>πρὸς</strong></span> <span class='ocrx_word' id='word_1_227' title='bbox 968 2313 1001 2374; x_wconf 81' lang='grc' dir='ltr'><strong>τὸ</strong></span> <span class='ocrx_word' id='word_1_228' title='bbox 1023 2311 1105 2386; x_wconf 79' lang='grc' dir='ltr'><strong>εἶναι,</strong></span> <span class='ocrx_word' id='word_1_229' title='bbox 1129 2311 1170 2374; x_wconf 89' lang='grc' dir='ltr'><strong>ῶν</strong></span> <span class='ocrx_word' id='word_1_230' title='bbox 1194 2310 1255 2374; x_wconf 84' lang='grc' dir='ltr'><strong>ἐστι</strong></span> <span class='ocrx_word' id='word_1_231' title='bbox 1277 2311 1325 2373; x_wconf 86' lang='grc' dir='ltr'><strong>καὶ</strong></span> <span class='ocrx_word' id='word_1_232' title='bbox 1348 2311 1440 2392; x_wconf 83' lang='grc' dir='ltr'><strong>ἡτῶν</strong></span> 
     </span>
     <span class='ocr_line' id='line_1_21' title="bbox 131 2411 1444 2498; baseline -0.002 -21"><span class='ocrx_word' id='word_1_233' title='bbox 131 2434 169 2480; x_wconf 75' lang='lat'><strong>20</strong></span> <span class='ocrx_word' id='word_1_234' title='bbox 191 2414 276 2498; x_wconf 75' lang='grc' dir='ltr'><strong>ζῴων</strong></span> <span class='ocrx_word' id='word_1_235' title='bbox 298 2413 417 2496; x_wconf 89' lang='grc' dir='ltr'><strong>γένεσις.</strong></span> <span class='ocrx_word' id='word_1_236' title='bbox 462 2414 506 2476; x_wconf 82' lang='grc' dir='ltr'><strong>διὸ</strong></span> <span class='ocrx_word' id='word_1_237' title='bbox 530 2414 639 2496; x_wconf 77' lang='grc' dir='ltr'><strong>ἀληθὲς</strong></span> <span class='ocrx_word' id='word_1_238' title='bbox 662 2411 707 2476; x_wconf 83' lang='grc' dir='ltr'><strong>ἐπ’</strong></span> <span class='ocrx_word' id='word_1_239' title='bbox 736 2414 832 2477; x_wconf 82' lang='grc' dir='ltr'><strong>αὐτῶν</strong></span> <span class='ocrx_word' id='word_1_240' title='bbox 855 2414 998 2490; x_wconf 89' lang='grc' dir='ltr'><strong>καθόλου,</strong></span> <span class='ocrx_word' id='word_1_241' title='bbox 1025 2413 1069 2476; x_wconf 88' lang='grc' dir='ltr'><strong>ύτι</strong></span> <span class='ocrx_word' id='word_1_242' title='bbox 1091 2415 1180 2476; x_wconf 84' lang='grc' dir='ltr'><strong>ἀίδιον</strong></span> <span class='ocrx_word' id='word_1_243' title='bbox 1204 2412 1325 2476; x_wconf 81' lang='grc' dir='ltr'><strong>ἕκαστον</strong></span> <span class='ocrx_word' id='word_1_244' title='bbox 1348 2412 1444 2475; x_wconf 83' lang='grc' dir='ltr'><strong>αὐτῶν</strong></span> 
     </span>
     <span class='ocr_line' id='line_1_22' title="bbox 188 2512 1486 2600; baseline -0.006 -21"><span class='ocrx_word' id='word_1_245' title='bbox 188 2515 252 2579; x_wconf 84' lang='grc' dir='ltr'><strong>κατ’</strong></span> <span class='ocrx_word' id='word_1_246' title='bbox 280 2515 358 2585; x_wconf 78' lang='grc' dir='ltr'><strong>εἶδος</strong></span> <span class='ocrx_word' id='word_1_247' title='bbox 383 2515 502 2598; x_wconf 90' lang='grc' dir='ltr'><strong>(τούτου</strong></span> <span class='ocrx_word' id='word_1_248' title='bbox 529 2515 583 2599; x_wconf 86' lang='grc' dir='ltr'><strong>γάρ</strong></span> <span class='ocrx_word' id='word_1_249' title='bbox 610 2515 687 2578; x_wconf 81' lang='grc' dir='ltr'><strong>αἰτία</strong></span> <span class='ocrx_word' id='word_1_250' title='bbox 716 2518 816 2599; x_wconf 77' lang='grc' dir='ltr'><strong>ἡτῶν</strong></span> <span class='ocrx_word' id='word_1_251' title='bbox 844 2517 932 2580; x_wconf 86' lang='grc' dir='ltr'><strong>θείων</strong></span> <span class='ocrx_word' id='word_1_252' title='bbox 955 2517 1128 2600; x_wconf 84' lang='grc' dir='ltr'><strong>περιφορά),</strong></span> <span class='ocrx_word' id='word_1_253' title='bbox 1157 2519 1210 2598; x_wconf 78' lang='grc' dir='ltr'><strong>τῆς</strong></span> <span class='ocrx_word' id='word_1_254' title='bbox 1236 2515 1268 2577; x_wconf 84' lang='grc' dir='ltr'><strong>δὲ</strong></span> <span class='ocrx_word' id='word_1_255' title='bbox 1291 2519 1348 2576; x_wconf 91' lang='grc' dir='ltr'><strong>τῶν</strong></span> <span class='ocrx_word' id='word_1_256' title='bbox 1372 2512 1439 2577; x_wconf 83' lang='grc' dir='ltr'><strong>καθ’</strong></span> <span class='ocrx_word' id='word_1_257' title='bbox 1459 2531 1486 2572; x_wconf 87' lang='grc' dir='ltr'><strong>ιο</strong></span> 
     </span>
     <span class='ocr_line' id='line_1_23' title="bbox 188 2616 1443 2703; baseline 0.001 -24"><span class='ocrx_word' id='word_1_258' title='bbox 188 2617 297 2681; x_wconf 81' lang='grc' dir='ltr'><strong>ἕκαστα</strong></span> <span class='ocrx_word' id='word_1_259' title='bbox 319 2617 471 2701; x_wconf 88' lang='grc' dir='ltr'><strong>γενέσεως,</strong></span> <span class='ocrx_word' id='word_1_260' title='bbox 494 2616 541 2702; x_wconf 87' lang='grc' dir='ltr'><strong>ἐφ’</strong></span> <span class='ocrx_word' id='word_1_261' title='bbox 566 2617 608 2680; x_wconf 87' lang='grc' dir='ltr'><strong>ῶν</strong></span> <span class='ocrx_word' id='word_1_262' title='bbox 630 2618 663 2680; x_wconf 85' lang='grc' dir='ltr'><strong>τὸ</strong></span> <span class='ocrx_word' id='word_1_263' title='bbox 687 2621 821 2681; x_wconf 86' lang='grc' dir='ltr'><strong>πλεῖστον</strong></span> <span class='ocrx_word' id='word_1_264' title='bbox 843 2620 960 2682; x_wconf 84' lang='grc' dir='ltr'><strong>δύναται</strong></span> <span class='ocrx_word' id='word_1_265' title='bbox 982 2621 1001 2703; x_wconf 76' lang='grc' dir='ltr'>ἡ</span> <span class='ocrx_word' id='word_1_266' title='bbox 1026 2624 1084 2680; x_wconf 92' lang='grc' dir='ltr'><strong>τῶν</strong></span> <span class='ocrx_word' id='word_1_267' title='bbox 1107 2620 1262 2702; x_wconf 87' lang='grc' dir='ltr'><strong>προσεχῶς</strong></span> <span class='ocrx_word' id='word_1_268' title='bbox 1284 2622 1443 2701; x_wconf 86' lang='grc' dir='ltr'><strong>ποιητικῶν</strong></span> 
     </span>
     <span class='ocr_line' id='line_1_24' title="bbox 187 2717 1443 2804; baseline 0.002 -24"><span class='ocrx_word' id='word_1_269' title='bbox 187 2719 280 2797; x_wconf 83' lang='grc' dir='ltr'><strong>αἰτία,</strong></span> <span class='ocrx_word' id='word_1_270' title='bbox 303 2720 356 2784; x_wconf 86' lang='grc' dir='ltr'><strong>ούκ</strong></span> <span class='ocrx_word' id='word_1_271' title='bbox 378 2720 426 2783; x_wconf 78' lang='grc' dir='ltr'><strong>ἐπὶ</strong></span> <span class='ocrx_word' id='word_1_272' title='bbox 453 2720 562 2784; x_wconf 90' lang='grc' dir='ltr'><strong>τούτων</strong></span> <span class='ocrx_word' id='word_1_273' title='bbox 586 2720 696 2804; x_wconf 85' lang='grc' dir='ltr'><strong>ἀληθὲς</strong></span> <span class='ocrx_word' id='word_1_274' title='bbox 722 2721 754 2782; x_wconf 83' lang='grc' dir='ltr'><strong>τό</strong></span> <span class='ocrx_word' id='word_1_275' title='bbox 772 2720 813 2783; x_wconf 50' lang='grc' dir='ltr'><strong>(εἰ</strong></span> <span class='ocrx_word' id='word_1_276' title='bbox 835 2721 869 2784; x_wconf 86' lang='grc' dir='ltr'><strong>τὸ</strong></span> <span class='ocrx_word' id='word_1_277' title='bbox 892 2727 1017 2804; x_wconf 91' lang='grc' dir='ltr'><strong>πρῶτον,</strong></span> <span class='ocrx_word' id='word_1_278' title='bbox 1040 2720 1071 2790; x_wconf 73' lang='grc' dir='ltr'><strong>ἐξ</strong></span> <span class='ocrx_word' id='word_1_279' title='bbox 1092 2721 1220 2803; x_wconf 83' lang='grc' dir='ltr'><strong>ἀνάγκης</strong></span> <span class='ocrx_word' id='word_1_280' title='bbox 1245 2720 1278 2782; x_wconf 88' lang='grc' dir='ltr'><strong>τὸ</strong></span> <span class='ocrx_word' id='word_1_281' title='bbox 1301 2717 1443 2803; x_wconf 89' lang='grc' dir='ltr'><strong>ύστερον’,</strong></span> 
     </span>
     <span class='ocr_line' id='line_1_25' title="bbox 189 2818 1195 2908; baseline 0.001 -25"><span class='ocrx_word' id='word_1_282' title='bbox 189 2820 300 2905; x_wconf 82' lang='grc' dir='ltr'><strong>ἀληθὲς</strong></span> <span class='ocrx_word' id='word_1_283' title='bbox 321 2822 355 2886; x_wconf 71' lang='grc' dir='ltr'><strong>δὲ</strong></span> <span class='ocrx_word' id='word_1_284' title='bbox 377 2823 409 2885; x_wconf 84' lang='grc' dir='ltr'><strong>τὸ</strong></span> <span class='ocrx_word' id='word_1_285' title='bbox 427 2819 470 2884; x_wconf 60' lang='grc' dir='ltr'><strong>ιεἰ</strong></span> <span class='ocrx_word' id='word_1_286' title='bbox 483 2823 517 2885; x_wconf 85' lang='grc' dir='ltr'><strong>τὸ</strong></span> <span class='ocrx_word' id='word_1_287' title='bbox 534 2822 662 2906; x_wconf 80' lang='grc' dir='ltr'><strong>ὕστερον,</strong></span> <span class='ocrx_word' id='word_1_288' title='bbox 685 2821 715 2891; x_wconf 81' lang='grc' dir='ltr'><strong>ἐΕ</strong></span> <span class='ocrx_word' id='word_1_289' title='bbox 737 2822 864 2908; x_wconf 85' lang='grc' dir='ltr'><strong>ἀνάγκης</strong></span> <span class='ocrx_word' id='word_1_290' title='bbox 886 2824 982 2887; x_wconf 81' lang='grc' dir='ltr'><strong>καὶτὸ</strong></span> <span class='ocrx_word' id='word_1_291' title='bbox 998 2824 1054 2907; x_wconf 88' lang='grc' dir='ltr'><strong>πρὸ</strong></span> <span class='ocrx_word' id='word_1_292' title='bbox 1076 2818 1195 2885; x_wconf 79' lang='grc' dir='ltr'><strong>αὐτοῦ’.</strong></span> 
     </span>
    </p>
   </div>
   <div class='ocr_carea' id='block_1_3' title="bbox 131 3061 1484 3249">
    <p class='ocr_par' dir='ltr' id='par_1_3' title="bbox 131 3061 1484 3249">
     <span class='ocr_line' id='line_1_26' title="bbox 131 3061 1484 3148; baseline -0.007 -20"><span class='ocrx_word' id='word_1_293' title='bbox 131 3081 166 3130; x_wconf 75' lang='lat'><strong>25</strong></span> <span class='ocrx_word' id='word_1_294' title='bbox 187 3061 242 3126; x_wconf 90' lang='lat' dir='ltr'><strong>VI.</strong></span> <span class='ocrx_word' id='word_1_295' title='bbox 287 3062 422 3132; x_wconf 72' lang='grc' dir='ltr'><strong>,λέξεως</strong></span> <span class='ocrx_word' id='word_1_296' title='bbox 444 3062 609 3148; x_wconf 74' lang='grc' dir='ltr'><strong>ἐξήγησις</strong></span> <span class='ocrx_word' id='word_1_297' title='bbox 634 3064 673 3126; x_wconf 84' lang='grc' dir='ltr'><strong>ἐκ</strong></span> <span class='ocrx_word' id='word_1_298' title='bbox 695 3068 756 3127; x_wconf 84' lang='grc' dir='ltr'><strong>τοῦ</strong></span> <span class='ocrx_word' id='word_1_299' title='bbox 778 3065 897 3147; x_wconf 91' lang='grc' dir='ltr'><strong>τρίτου</strong></span> <span class='ocrx_word' id='word_1_300' title='bbox 921 3063 1004 3147; x_wconf 75' lang='grc' dir='ltr'><strong>Περὶ</strong></span> <span class='ocrx_word' id='word_1_301' title='bbox 1026 3068 1141 3148; x_wconf 78' lang='grc' dir='ltr'><strong>ψυχῆς</strong></span> <span class='ocrx_word' id='word_1_302' title='bbox 1160 3061 1443 3146; x_wconf 87' lang='grc' dir='ltr'><strong>Ἀριστοτέλους,</strong></span> <span class='ocrx_word' id='word_1_303' title='bbox 1458 3077 1484 3120; x_wconf 77' lang='grc' dir='ltr'><strong>ιο</strong></span> 
     </span>
     <span class='ocr_line' id='line_1_27' title="bbox 241 3162 1390 3249; baseline -0.001 -22"><span class='ocrx_word' id='word_1_304' title='bbox 241 3162 281 3227; x_wconf 80' lang='grc' dir='ltr'><strong>δι’</strong></span> <span class='ocrx_word' id='word_1_305' title='bbox 309 3163 349 3247; x_wconf 80' lang='grc' dir='ltr'><strong>ἧς</strong></span> <span class='ocrx_word' id='word_1_306' title='bbox 371 3162 517 3241; x_wconf 74' lang='grc' dir='ltr'><strong>ἔδειξεν,</strong></span> <span class='ocrx_word' id='word_1_307' title='bbox 541 3163 594 3228; x_wconf 83' lang='grc' dir='ltr'><strong>ότι</strong></span> <span class='ocrx_word' id='word_1_308' title='bbox 617 3167 662 3249; x_wconf 82' lang='grc' dir='ltr'><strong>μὴ</strong></span> <span class='ocrx_word' id='word_1_309' title='bbox 686 3167 830 3235; x_wconf 91' lang='grc' dir='ltr'><strong>πλείους</strong></span> <span class='ocrx_word' id='word_1_310' title='bbox 851 3171 918 3228; x_wconf 88' lang='grc' dir='ltr'><strong>τῶν</strong></span> <span class='ocrx_word' id='word_1_311' title='bbox 941 3166 1043 3229; x_wconf 82' lang='grc' dir='ltr'><strong>πέντε</strong></span> <span class='ocrx_word' id='word_1_312' title='bbox 1065 3167 1153 3230; x_wconf 80' lang='grc' dir='ltr'><strong>εἰσὶν</strong></span> <span class='ocrx_word' id='word_1_313' title='bbox 1176 3165 1390 3249; x_wconf 77' lang='grc' dir='ltr'><strong>αἰσθήσεων.</strong></span> 
     </span>
    </p>
   </div>
   <div class='ocr_carea' id='block_1_4' title="bbox 268 3331 1442 3419">
    <p class='ocr_par' dir='ltr' id='par_1_4' title="bbox 268 3331 1442 3419">
     <span class='ocr_line' id='line_1_28' title="bbox 268 3331 1442 3419; baseline -0.001 -21"><span class='ocrx_word' id='word_1_314' title='bbox 268 3331 338 3398; x_wconf 78' lang='lat' dir='ltr'><strong>“Et</strong></span> <span class='ocrx_word' id='word_1_315' title='bbox 362 3335 426 3419; x_wconf 80' lang='grc' dir='ltr'><strong>γὰρ</strong></span> <span class='ocrx_word' id='word_1_316' title='bbox 455 3336 583 3404; x_wconf 81' lang='grc' dir='ltr'><strong>παντὸς</strong></span> <span class='ocrx_word' id='word_1_317' title='bbox 615 3335 654 3399; x_wconf 88' lang='grc' dir='ltr'><strong>ού</strong></span> <span class='ocrx_word' id='word_1_318' title='bbox 685 3336 780 3399; x_wconf 88' lang='grc' dir='ltr'><strong>ἐστιν</strong></span> <span class='ocrx_word' id='word_1_319' title='bbox 808 3335 975 3419; x_wconf 80' lang='grc' dir='ltr'><strong>αἴσθησις</strong></span> <span class='ocrx_word' id='word_1_320' title='bbox 1004 3334 1089 3419; x_wconf 71' lang='grc' dir='ltr'><strong>ἁφή,</strong></span> <span class='ocrx_word' id='word_1_321' title='bbox 1120 3337 1176 3398; x_wconf 83' lang='grc' dir='ltr'><strong>καὶ</strong></span> <span class='ocrx_word' id='word_1_322' title='bbox 1198 3340 1254 3398; x_wconf 84' lang='grc' dir='ltr'><strong>νῦν</strong></span> <span class='ocrx_word' id='word_1_323' title='bbox 1277 3335 1442 3417; x_wconf 84' lang='grc' dir='ltr'><strong>αἴσθησιν</strong></span> 
     </span>
    </p>
   </div>
   <div class='ocr_carea' id='block_1_5' title="bbox 128 3537 1494 4032">
    <p class='ocr_par' dir='ltr' id='par_1_5' title="bbox 128 3537 1494 4032">
     <span class='ocr_line' id='line_1_29' title="bbox 187 3537 1442 3625; baseline 0.001 -24"><span class='ocrx_word' id='word_1_324' title='bbox 187 3539 304 3622; x_wconf 90' lang='grc' dir='ltr'><strong>σθητά</strong></span> <span class='ocrx_word' id='word_1_325' title='bbox 331 3537 456 3621; x_wconf 89' lang='grc' dir='ltr'><strong>ἐστιν),</strong></span> <span class='ocrx_word' id='word_1_326' title='bbox 485 3539 618 3625; x_wconf 90' lang='grc' dir='ltr'><strong>ἀνάγκη</strong></span> <span class='ocrx_word' id='word_1_327' title='bbox 646 3564 681 3603; x_wconf 91' lang='grc' dir='ltr'><strong>τε</strong></span> <span class='ocrx_word' id='word_1_328' title='bbox 708 3540 806 3623; x_wconf 79' lang='grc' dir='ltr'><strong>εἴπερ</strong></span> <span class='ocrx_word' id='word_1_329' title='bbox 836 3540 993 3603; x_wconf 84' lang='grc' dir='ltr'><strong>ἐκλείπει</strong></span> <span class='ocrx_word' id='word_1_330' title='bbox 1019 3564 1070 3609; x_wconf 91' lang='grc' dir='ltr'><strong>τις</strong></span> <span class='ocrx_word' id='word_1_331' title='bbox 1097 3538 1279 3624; x_wconf 77' lang='grc' dir='ltr'><strong>αἴσθησις,</strong></span> <span class='ocrx_word' id='word_1_332' title='bbox 1309 3541 1366 3603; x_wconf 83' lang='grc' dir='ltr'><strong>καί</strong></span> <span class='ocrx_word' id='word_1_333' title='bbox 1393 3542 1442 3602; x_wconf 81' lang='grc' dir='ltr'><strong>αἰ-</strong></span> 
     </span>
     <span class='ocr_line' id='line_1_30' title="bbox 128 3637 1443 3725; baseline -0.004 -16"><span class='ocrx_word' id='word_1_334' title='bbox 128 3661 166 3709; x_wconf 84' lang='lat'><strong>30</strong></span> <span class='ocrx_word' id='word_1_335' title='bbox 184 3637 422 3723; x_wconf 77' lang='grc' dir='ltr'><strong>αἰσθητήριόν</strong></span> <span class='ocrx_word' id='word_1_336' title='bbox 447 3663 479 3703; x_wconf 94' lang='grc' dir='ltr'><strong>τι</strong></span> <span class='ocrx_word' id='word_1_337' title='bbox 505 3643 587 3724; x_wconf 79' lang='grc' dir='ltr'><strong>ἡμῖν</strong></span> <span class='ocrx_word' id='word_1_338' title='bbox 618 3641 810 3704; x_wconf 86' lang='grc' dir='ltr'><strong>ἐκλείπειν·</strong></span> <span class='ocrx_word' id='word_1_339' title='bbox 843 3645 900 3706; x_wconf 81' lang='grc' dir='ltr'><strong>καλ</strong></span> <span class='ocrx_word' id='word_1_340' title='bbox 927 3644 1015 3706; x_wconf 89' lang='grc' dir='ltr'><strong>ύσων</strong></span> <span class='ocrx_word' id='word_1_341' title='bbox 1039 3642 1100 3724; x_wconf 76' lang='grc' dir='ltr'><strong>μὲν</strong></span> <span class='ocrx_word' id='word_1_342' title='bbox 1127 3641 1227 3705; x_wconf 83' lang='grc' dir='ltr'><strong>αύτοί</strong></span> <span class='ocrx_word' id='word_1_343' title='bbox 1252 3642 1443 3725; x_wconf 82' lang='grc' dir='ltr'><strong>ἁπτόμενοι</strong></span> 
     </span>
     <span class='ocr_line' id='line_1_31' title="bbox 185 3738 1494 3829; baseline 0 -23"><span class='ocrx_word' id='word_1_344' title='bbox 185 3738 461 3825; x_wconf 68' lang='grc' dir='ltr'><strong>αἰσθανόγμεθα,</strong></span> <span class='ocrx_word' id='word_1_345' title='bbox 491 3747 533 3825; x_wconf 77' lang='grc' dir='ltr'><strong>τῇ</strong></span> <span class='ocrx_word' id='word_1_346' title='bbox 556 3744 629 3827; x_wconf 80' lang='grc' dir='ltr'><strong>ἁφῇ</strong></span> <span class='ocrx_word' id='word_1_347' title='bbox 652 3745 806 3828; x_wconf 84' lang='grc' dir='ltr'><strong>αἰσθητά</strong></span> <span class='ocrx_word' id='word_1_348' title='bbox 828 3744 937 3820; x_wconf 89' lang='grc' dir='ltr'><strong>ἐστιν,</strong></span> <span class='ocrx_word' id='word_1_349' title='bbox 960 3746 1000 3828; x_wconf 82' lang='grc' dir='ltr'><strong>ἣν</strong></span> <span class='ocrx_word' id='word_1_350' title='bbox 1023 3746 1245 3829; x_wconf 86' lang='grc' dir='ltr'><strong>τυγχάνομεν</strong></span> <span class='ocrx_word' id='word_1_351' title='bbox 1267 3743 1422 3829; x_wconf 84' lang='grc' dir='ltr'><strong>ἔχοντες·</strong></span> <span class='ocrx_word' id='word_1_352' title='bbox 1447 3751 1494 3807; x_wconf 82' lang='grc'><strong>170</strong></span> 
     </span>
     <span class='ocr_line' id='line_1_32' title="bbox 186 3843 1439 3929; baseline 0.003 -22"><span class='ocrx_word' id='word_1_353' title='bbox 186 3844 252 3908; x_wconf 84' lang='grc' dir='ltr'><strong>ὅσα</strong></span> <span class='ocrx_word' id='word_1_354' title='bbox 274 3843 312 3906; x_wconf 83' lang='grc' dir='ltr'><strong>δὲ</strong></span> <span class='ocrx_word' id='word_1_355' title='bbox 333 3845 390 3908; x_wconf 81' lang='grc' dir='ltr'><strong>διὰ</strong></span> <span class='ocrx_word' id='word_1_356' title='bbox 415 3850 483 3907; x_wconf 95' lang='grc' dir='ltr'><strong>τῶν</strong></span> <span class='ocrx_word' id='word_1_357' title='bbox 500 3844 653 3925; x_wconf 75' lang='grc' dir='ltr'><strong>μεταξύ,</strong></span> <span class='ocrx_word' id='word_1_358' title='bbox 683 3847 739 3908; x_wconf 81' lang='grc' dir='ltr'><strong>καὶ</strong></span> <span class='ocrx_word' id='word_1_359' title='bbox 767 3847 813 3929; x_wconf 81' lang='grc' dir='ltr'><strong>μὴ</strong></span> <span class='ocrx_word' id='word_1_360' title='bbox 841 3846 954 3909; x_wconf 87' lang='grc' dir='ltr'><strong>αύτῶν</strong></span> <span class='ocrx_word' id='word_1_361' title='bbox 981 3847 1175 3928; x_wconf 87' lang='grc' dir='ltr'><strong>ἁπτόμενοι</strong></span> <span class='ocrx_word' id='word_1_362' title='bbox 1202 3852 1274 3915; x_wconf 86' lang='grc' dir='ltr'><strong>τοῖς</strong></span> <span class='ocrx_word' id='word_1_363' title='bbox 1301 3848 1439 3923; x_wconf 84' lang='grc' dir='ltr'><strong>ἁπλοῖς,</strong></span> 
     </span>
     <span class='ocr_line' id='line_1_33' title="bbox 185 3945 1483 4032; baseline -0.001 -22"><span class='ocrx_word' id='word_1_364' title='bbox 185 3946 276 4029; x_wconf 89' lang='grc' dir='ltr'><strong>λέγω</strong></span> <span class='ocrx_word' id='word_1_365' title='bbox 291 3945 365 4009; x_wconf 75' lang='grc' dir='ltr'><strong>οἷον</strong></span> <span class='ocrx_word' id='word_1_366' title='bbox 384 3946 463 4032; x_wconf 82' lang='grc' dir='ltr'><strong>ἀέρι</strong></span> <span class='ocrx_word' id='word_1_367' title='bbox 481 3968 518 4009; x_wconf 85' lang='grc' dir='ltr'><strong>τε</strong></span> <span class='ocrx_word' id='word_1_368' title='bbox 542 3948 599 4010; x_wconf 79' lang='grc' dir='ltr'><strong>καί</strong></span> <span class='ocrx_word' id='word_1_369' title='bbox 622 3946 741 4011; x_wconf 82' lang='grc' dir='ltr'><strong>ύδατι”</strong></span> <span class='ocrx_word' id='word_1_370' title='bbox 759 3948 817 4017; x_wconf 80' lang='grc' dir='ltr'><strong>ἕως</strong></span> <span class='ocrx_word' id='word_1_371' title='bbox 836 3953 886 4012; x_wconf 82' lang='grc' dir='ltr'><strong>τοῦ</strong></span> <span class='ocrx_word' id='word_1_372' title='bbox 904 3945 1008 4032; x_wconf 74' lang='grc' dir='ltr'><strong>“μηδ’</strong></span> <span class='ocrx_word' id='word_1_373' title='bbox 1025 3947 1145 4032; x_wconf 84' lang='grc' dir='ltr'><strong>έτερύν</strong></span> <span class='ocrx_word' id='word_1_374' title='bbox 1169 3948 1242 4011; x_wconf 91' lang='grc' dir='ltr'><strong>ἐστι</strong></span> <span class='ocrx_word' id='word_1_375' title='bbox 1264 3954 1363 4030; x_wconf 87' lang='grc' dir='ltr'><strong>σῶμα</strong></span> <span class='ocrx_word' id='word_1_376' title='bbox 1385 3955 1442 4014; x_wconf 83' lang='grc' dir='ltr'><strong>καὶ</strong></span> <span class='ocrx_word' id='word_1_377' title='bbox 1469 3966 1483 4009; x_wconf 78' lang='grc' dir='ltr'><strong>ε</strong></span> 
     </span>
    </p>
   </div>
   <div class='ocr_carea' id='block_1_6' title="bbox 128 4173 1495 4946">
    <p class='ocr_par' dir='ltr' id='par_1_6' title="bbox 128 4173 1495 4946">
     <span class='ocr_line' id='line_1_34' title="bbox 130 4173 1458 4248; baseline 0.004 -20"><span class='ocrx_word' id='word_1_378' title='bbox 130 4173 327 4246; x_wconf 77' lang='grc' dir='ltr'><strong>ΙύΙθέσεωσλΙ</strong></span> <span class='ocrx_word' id='word_1_379' title='bbox 406 4174 472 4228; x_wconf 82' lang='grc' dir='ltr'><strong>4τό</strong></span> <span class='ocrx_word' id='word_1_380' title='bbox 491 4190 541 4228; x_wconf 88' lang='lat' dir='ltr'><strong>om.</strong></span> <span class='ocrx_word' id='word_1_381' title='bbox 554 4173 600 4244; x_wconf 84' lang='lat' dir='ltr'><strong>Sp.</strong></span> <span class='ocrx_word' id='word_1_382' title='bbox 678 4176 738 4244; x_wconf 61' lang='lat' dir='ltr'><strong>tv</strong></span> <span class='ocrx_word' id='word_1_383' title='bbox 822 4174 972 4246; x_wconf 86' lang='grc' dir='ltr'><strong>5τυιαύτη]</strong></span> <span class='ocrx_word' id='word_1_384' title='bbox 995 4195 1026 4246; x_wconf 91' lang='grc' dir='ltr'><strong>τη</strong></span> <span class='ocrx_word' id='word_1_385' title='bbox 1046 4178 1073 4229; x_wconf 88' lang='lat' dir='ltr'><strong>in</strong></span> <span class='ocrx_word' id='word_1_386' title='bbox 1086 4177 1161 4229; x_wconf 76' lang='lat' dir='ltr'><strong>titv</strong></span> <span class='ocrx_word' id='word_1_387' title='bbox 1245 4179 1323 4230; x_wconf 78' lang='grc' dir='ltr'><strong>Ἱκαὶ</strong></span> <span class='ocrx_word' id='word_1_388' title='bbox 1342 4179 1399 4232; x_wconf 80' lang='lat' dir='ltr'>add.</span> <span class='ocrx_word' id='word_1_389' title='bbox 1413 4179 1458 4248; x_wconf 91' lang='lat' dir='ltr'><strong>Sp.</strong></span> 
     </span>
     <span class='ocr_line' id='line_1_35' title="bbox 128 4259 1494 4331; baseline 0.002 -14"><span class='ocrx_word' id='word_1_390' title='bbox 128 4264 147 4317; x_wconf 88' lang='grc'><strong>8</strong></span> <span class='ocrx_word' id='word_1_391' title='bbox 166 4261 240 4315; x_wconf 64' lang='grc' dir='ltr'><strong>πάλιν</strong></span> <span class='ocrx_word' id='word_1_392' title='bbox 259 4259 315 4331; x_wconf 80' lang='grc' dir='ltr'><strong>καὶ]</strong></span> <span class='ocrx_word' id='word_1_393' title='bbox 334 4276 427 4316; x_wconf 73' lang='lat' dir='ltr'>sensus</span> <span class='ocrx_word' id='word_1_394' title='bbox 444 4262 591 4331; x_wconf 76' lang='lat' dir='ltr'><strong>postularet</strong></span> <span class='ocrx_word' id='word_1_395' title='bbox 609 4261 685 4326; x_wconf 76' lang='grc' dir='ltr'><strong>ἀλλὰς</strong></span> <span class='ocrx_word' id='word_1_396' title='bbox 708 4263 818 4316; x_wconf 76' lang='lat' dir='ltr'><strong>tortasse</strong></span> <span class='ocrx_word' id='word_1_397' title='bbox 836 4264 934 4317; x_wconf 78' lang='lat' dir='ltr'><strong>excidit</strong></span> <span class='ocrx_word' id='word_1_398' title='bbox 953 4264 1051 4331; x_wconf 83' lang='lat' dir='ltr'>aliquid</span> <span class='ocrx_word' id='word_1_399' title='bbox 1148 4263 1177 4316; x_wconf 73' lang='lat'><strong>12</strong></span> <span class='ocrx_word' id='word_1_400' title='bbox 1197 4267 1240 4317; x_wconf 81' lang='grc' dir='ltr'><strong>καὶ</strong></span> <span class='ocrx_word' id='word_1_401' title='bbox 1254 4265 1313 4318; x_wconf 75' lang='lat' dir='ltr'><strong>S²a2</strong></span> <span class='ocrx_word' id='word_1_402' title='bbox 1333 4266 1494 4322; x_wconf 65' lang='lat' dir='ltr'><strong>athS¹GF</strong></span> 
     </span>
     <span class='ocr_line' id='line_1_36' title="bbox 128 4347 1495 4422; baseline 0.005 -18"><span class='ocrx_word' id='word_1_403' title='bbox 128 4351 176 4418; x_wconf 85' lang='lat' dir='ltr'><strong>Sp.</strong></span> <span class='ocrx_word' id='word_1_404' title='bbox 260 4348 293 4401; x_wconf 87' lang='grc'><strong>13</strong></span> <span class='ocrx_word' id='word_1_405' title='bbox 310 4347 471 4417; x_wconf 67' lang='lat' dir='ltr'><strong>rqtevict.</strong></span> <span class='ocrx_word' id='word_1_406' title='bbox 485 4351 528 4417; x_wconf 86' lang='lat' dir='ltr'><strong>Sp.</strong></span> <span class='ocrx_word' id='word_1_407' title='bbox 613 4349 644 4402; x_wconf 86' lang='grc'><strong>16</strong></span> <span class='ocrx_word' id='word_1_408' title='bbox 663 4350 757 4420; x_wconf 81' lang='grc' dir='ltr'><strong>πάντη]</strong></span> <span class='ocrx_word' id='word_1_409' title='bbox 777 4353 877 4403; x_wconf 78' lang='grc' dir='ltr'><strong>πάντων</strong></span> <span class='ocrx_word' id='word_1_410' title='bbox 897 4354 969 4418; x_wconf 81' lang='lat' dir='ltr'>aSp.</span> <span class='ocrx_word' id='word_1_411' title='bbox 1055 4350 1083 4402; x_wconf 78' lang='grc' dir='ltr'><strong>ΙΙ</strong></span> <span class='ocrx_word' id='word_1_412' title='bbox 1104 4348 1119 4420; x_wconf 74' lang='grc' dir='ltr'><strong>ᾖ</strong></span> <span class='ocrx_word' id='word_1_413' title='bbox 1139 4351 1221 4405; x_wconf 74' lang='lat' dir='ltr'>delevi</span> <span class='ocrx_word' id='word_1_414' title='bbox 1235 4352 1262 4422; x_wconf 75' lang='grc' dir='ltr'><strong>(η</strong></span> <span class='ocrx_word' id='word_1_415' title='bbox 1273 4354 1309 4419; x_wconf 88' lang='lat' dir='ltr'><strong>V)</strong></span> <span class='ocrx_word' id='word_1_416' title='bbox 1392 4355 1424 4407; x_wconf 92' lang='lat'><strong>18</strong></span> <span class='ocrx_word' id='word_1_417' title='bbox 1442 4363 1495 4413; x_wconf 89' lang='grc' dir='ltr'><strong>τοῖς</strong></span> 
     </span>
     <span class='ocr_line' id='line_1_37' title="bbox 130 4434 1494 4507; baseline 0.003 -16"><span class='ocrx_word' id='word_1_418' title='bbox 130 4434 412 4504; x_wconf 63' lang='lat' dir='ltr'><strong>Gs²Sp.:0t&lt;v1³S¹a</strong></span> <span class='ocrx_word' id='word_1_419' title='bbox 491 4435 525 4490; x_wconf 74' lang='lat'><strong>‘25</strong></span> <span class='ocrx_word' id='word_1_420' title='bbox 544 4437 574 4489; x_wconf 77' lang='grc' dir='ltr'><strong>ἐκ</strong></span> <span class='ocrx_word' id='word_1_421' title='bbox 593 4442 637 4489; x_wconf 84' lang='grc' dir='ltr'><strong>τού</strong></span> <span class='ocrx_word' id='word_1_422' title='bbox 656 4436 752 4507; x_wconf 87' lang='grc' dir='ltr'><strong>τρίτου]</strong></span> <span class='ocrx_word' id='word_1_423' title='bbox 772 4438 803 4490; x_wconf 77' lang='lat' dir='ltr'><strong>de</strong></span> <span class='ocrx_word' id='word_1_424' title='bbox 822 4438 1234 4501; x_wconf 70' lang='lat' dir='ltr'>an.111,1.424b24-425·13</span> <span class='ocrx_word' id='word_1_425' title='bbox 1323 4441 1357 4494; x_wconf 74' lang='lat'><strong>28</strong></span> <span class='ocrx_word' id='word_1_426' title='bbox 1380 4443 1411 4494; x_wconf 78' lang='grc' dir='ltr'><strong>τὰ</strong></span> <span class='ocrx_word' id='word_1_427' title='bbox 1433 4444 1494 4495; x_wconf 81' lang='lat' dir='ltr'>add.</span> 
     </span>
     <span class='ocr_line' id='line_1_38' title="bbox 129 4522 1492 4592; baseline 0.006 -18"><span class='ocrx_word' id='word_1_428' title='bbox 129 4525 201 4576; x_wconf 71' lang='grc' dir='ltr'><strong>θέοι.</strong></span> <span class='ocrx_word' id='word_1_429' title='bbox 220 4539 253 4575; x_wconf 78' lang='lat' dir='ltr'><strong>ex</strong></span> <span class='ocrx_word' id='word_1_430' title='bbox 272 4523 353 4574; x_wconf 79' lang='lat' dir='ltr'><strong>Arist.</strong></span> <span class='ocrx_word' id='word_1_431' title='bbox 372 4523 404 4575; x_wconf 83' lang='lat' dir='ltr'><strong>ct.</strong></span> <span class='ocrx_word' id='word_1_432' title='bbox 424 4522 485 4588; x_wconf 79' lang='lat'><strong>90‚8</strong></span> <span class='ocrx_word' id='word_1_433' title='bbox 577 4522 647 4592; x_wconf 84' lang='grc' dir='ltr'><strong>πάθη</strong></span> <span class='ocrx_word' id='word_1_434' title='bbox 667 4540 716 4576; x_wconf 86' lang='lat' dir='ltr'><strong>om.</strong></span> <span class='ocrx_word' id='word_1_435' title='bbox 736 4542 752 4576; x_wconf 80' lang='grc' dir='ltr'><strong>υ</strong></span> <span class='ocrx_word' id='word_1_436' title='bbox 834 4524 868 4577; x_wconf 90' lang='grc'><strong>30</strong></span> <span class='ocrx_word' id='word_1_437' title='bbox 886 4525 1007 4578; x_wconf 75' lang='grc' dir='ltr'><strong>ἐκλείπειν</strong></span> <span class='ocrx_word' id='word_1_438' title='bbox 1028 4529 1073 4579; x_wconf 87' lang='lat' dir='ltr'><strong>GB</strong></span> <span class='ocrx_word' id='word_1_439' title='bbox 1095 4526 1174 4577; x_wconf 69' lang='lat' dir='ltr'><strong>vict:</strong></span> <span class='ocrx_word' id='word_1_440' title='bbox 1195 4525 1317 4579; x_wconf 77' lang='grc' dir='ltr'><strong>έκλὲίπειν</strong></span> <span class='ocrx_word' id='word_1_441' title='bbox 1335 4530 1373 4581; x_wconf 87' lang='lat' dir='ltr'><strong>sic</strong></span> <span class='ocrx_word' id='word_1_442' title='bbox 1392 4534 1430 4581; x_wconf 83' lang='lat' dir='ltr'><strong>V:</strong></span> <span class='ocrx_word' id='word_1_443' title='bbox 1450 4531 1492 4582; x_wconf 74' lang='grc' dir='ltr'><strong>ἐκ·</strong></span> 
     </span>
     <span class='ocr_line' id='line_1_39' title="bbox 129 4607 1492 4685; baseline 0.005 -23"><span class='ocrx_word' id='word_1_444' title='bbox 129 4610 210 4663; x_wconf 75' lang='grc' dir='ltr'><strong>λέπειν</strong></span> <span class='ocrx_word' id='word_1_445' title='bbox 228 4609 282 4662; x_wconf 79' lang='lat' dir='ltr'><strong>FS:</strong></span> <span class='ocrx_word' id='word_1_446' title='bbox 311 4607 422 4662; x_wconf 75' lang='grc' dir='ltr'><strong>ἐκλιπεῖν</strong></span> <span class='ocrx_word' id='word_1_447' title='bbox 441 4627 459 4662; x_wconf 84' lang='grc' dir='ltr'><strong>ιι</strong></span> <span class='ocrx_word' id='word_1_448' title='bbox 476 4609 520 4678; x_wconf 87' lang='lat' dir='ltr'><strong>Sp.</strong></span> <span class='ocrx_word' id='word_1_449' title='bbox 597 4610 667 4663; x_wconf 87' lang='grc' dir='ltr'><strong>αύτοΙ</strong></span> <span class='ocrx_word' id='word_1_450' title='bbox 692 4613 733 4677; x_wconf 88' lang='lat' dir='ltr'><strong>(ut</strong></span> <span class='ocrx_word' id='word_1_451' title='bbox 752 4628 777 4679; x_wconf 88' lang='lat' dir='ltr'><strong>p.</strong></span> <span class='ocrx_word' id='word_1_452' title='bbox 791 4610 869 4676; x_wconf 51' lang='lat'><strong>9021</strong></span> <span class='ocrx_word' id='word_1_453' title='bbox 891 4617 918 4663; x_wconf 84' lang='lat' dir='ltr'><strong>et</strong></span> <span class='ocrx_word' id='word_1_454' title='bbox 936 4614 1015 4664; x_wconf 81' lang='lat' dir='ltr'><strong>Arist.</strong></span> <span class='ocrx_word' id='word_1_455' title='bbox 1036 4612 1103 4678; x_wconf 85' lang='lat' dir='ltr'><strong>TW)</strong></span> <span class='ocrx_word' id='word_1_456' title='bbox 1122 4615 1169 4664; x_wconf 84' lang='lat' dir='ltr'><strong>Sa:</strong></span> <span class='ocrx_word' id='word_1_457' title='bbox 1198 4612 1283 4665; x_wconf 79' lang='grc' dir='ltr'><strong>αὐτῶν</strong></span> <span class='ocrx_word' id='word_1_458' title='bbox 1308 4616 1386 4667; x_wconf 80' lang='lat' dir='ltr'><strong>Arist.</strong></span> <span class='ocrx_word' id='word_1_459' title='bbox 1410 4617 1492 4685; x_wconf 80' lang='lat' dir='ltr'><strong>vutg.:</strong></span> 
     </span>
     <span class='ocr_line' id='line_1_40' title="bbox 129 4694 1462 4770; baseline 0.005 -21"><span class='ocrx_word' id='word_1_460' title='bbox 129 4695 195 4766; x_wconf 78' lang='grc' dir='ltr'><strong>αύτῐγ</strong></span> <span class='ocrx_word' id='word_1_461' title='bbox 210 4694 254 4747; x_wconf 79' lang='grc' dir='ltr'><strong>Βί</strong></span> <span class='ocrx_word' id='word_1_462' title='bbox 273 4694 361 4749; x_wconf 84' lang='grc' dir='ltr'><strong>σύτυῑσ</strong></span> <span class='ocrx_word' id='word_1_463' title='bbox 372 4699 404 4760; x_wconf 90' lang='lat' dir='ltr'><strong>V,</strong></span> <span class='ocrx_word' id='word_1_464' title='bbox 417 4697 449 4750; x_wconf 85' lang='lat' dir='ltr'><strong>cf.</strong></span> <span class='ocrx_word' id='word_1_465' title='bbox 461 4697 536 4761; x_wconf 60' lang='lat'><em>90:21</em></span> <span class='ocrx_word' id='word_1_466' title='bbox 604 4699 775 4766; x_wconf 82' lang='grc' dir='ltr'><strong>απτόμινοιΙΙ</strong></span> <span class='ocrx_word' id='word_1_467' title='bbox 841 4697 882 4750; x_wconf 68' lang='grc'><strong>39.</strong></span> <span class='ocrx_word' id='word_1_468' title='bbox 897 4700 930 4751; x_wconf 87' lang='grc'><strong>33</strong></span> <span class='ocrx_word' id='word_1_469' title='bbox 950 4698 1037 4756; x_wconf 87' lang='grc' dir='ltr'><strong>ἁπλοῖς</strong></span> <span class='ocrx_word' id='word_1_470' title='bbox 1050 4698 1198 4768; x_wconf 74' lang='grc' dir='ltr'><strong>διαστήμασι</strong></span> <span class='ocrx_word' id='word_1_471' title='bbox 1211 4699 1276 4770; x_wconf 80' lang='grc' dir='ltr'><strong>λέγω</strong></span> <span class='ocrx_word' id='word_1_472' title='bbox 1289 4700 1315 4753; x_wconf 79' lang='grc' dir='ltr'><strong>δὲ</strong></span> <span class='ocrx_word' id='word_1_473' title='bbox 1334 4702 1385 4755; x_wconf 86' lang='grc' dir='ltr'><strong>οΙον</strong></span> <span class='ocrx_word' id='word_1_474' title='bbox 1397 4706 1462 4756; x_wconf 82' lang='lat' dir='ltr'><strong>vict.</strong></span> 
     </span>
     <span class='ocr_line' id='line_1_41' title="bbox 129 4780 1491 4859; baseline 0.005 -23"><span class='ocrx_word' id='word_1_475' title='bbox 129 4784 165 4836; x_wconf 87' lang='grc'><strong>33</strong></span> <span class='ocrx_word' id='word_1_476' title='bbox 183 4781 262 4852; x_wconf 85' lang='grc' dir='ltr'><strong>λέγω]</strong></span> <span class='ocrx_word' id='word_1_477' title='bbox 282 4802 304 4835; x_wconf 85' lang='grc' dir='ltr'><strong>οι</strong></span> <span class='ocrx_word' id='word_1_478' title='bbox 323 4784 352 4834; x_wconf 89' lang='lat' dir='ltr'><strong>in</strong></span> <span class='ocrx_word' id='word_1_479' title='bbox 372 4782 409 4835; x_wconf 88' lang='lat' dir='ltr'><strong>lit.</strong></span> <span class='ocrx_word' id='word_1_480' title='bbox 425 4787 456 4835; x_wconf 85' lang='lat' dir='ltr'><strong>V:</strong></span> <span class='ocrx_word' id='word_1_481' title='bbox 476 4782 542 4852; x_wconf 80' lang='grc' dir='ltr'><strong>λέγω</strong></span> <span class='ocrx_word' id='word_1_482' title='bbox 561 4780 587 4835; x_wconf 80' lang='grc' dir='ltr'><strong>δ’</strong></span> <span class='ocrx_word' id='word_1_483' title='bbox 607 4786 687 4837; x_wconf 83' lang='lat' dir='ltr'><strong>Arist.</strong></span> <span class='ocrx_word' id='word_1_484' title='bbox 759 4802 787 4836; x_wconf 89' lang='grc' dir='ltr'><strong>τι</strong></span> <span class='ocrx_word' id='word_1_485' title='bbox 806 4800 856 4836; x_wconf 86' lang='lat' dir='ltr'><strong>om.</strong></span> <span class='ocrx_word' id='word_1_486' title='bbox 876 4785 956 4838; x_wconf 85' lang='lat' dir='ltr'><strong>Arist.</strong></span> <span class='ocrx_word' id='word_1_487' title='bbox 1038 4785 1087 4843; x_wconf 74' lang='grc' dir='ltr'><strong>ἕως</strong></span> <span class='ocrx_word' id='word_1_488' title='bbox 1105 4785 1163 4854; x_wconf 81' lang='grc' dir='ltr'><strong>τοῦ]</strong></span> <span class='ocrx_word' id='word_1_489' title='bbox 1183 4787 1353 4840; x_wconf 72' lang='lat' dir='ltr'>1.c..425·11</span> <span class='ocrx_word' id='word_1_490' title='bbox 1429 4788 1491 4859; x_wconf 80' lang='grc' dir='ltr'><strong>μηδ’</strong></span> 
     </span>
     <span class='ocr_line' id='line_1_42' title="bbox 130 4867 1437 4946; baseline 0.004 -24"><span class='ocrx_word' id='word_1_491' title='bbox 130 4869 215 4940; x_wconf 80' lang='grc' dir='ltr'><strong>ίτιρύν</strong></span> <span class='ocrx_word' id='word_1_492' title='bbox 233 4873 269 4922; x_wconf 78' lang='lat' dir='ltr'><strong>F:</strong></span> <span class='ocrx_word' id='word_1_493' title='bbox 294 4869 330 4939; x_wconf 79' lang='grc' dir='ltr'><strong>μὴ</strong></span> <span class='ocrx_word' id='word_1_494' title='bbox 349 4867 448 4941; x_wconf 75' lang='grc' dir='ltr'><strong>θάτερόν</strong></span> <span class='ocrx_word' id='word_1_495' title='bbox 471 4872 509 4924; x_wconf 73' lang='lat' dir='ltr'><strong>sic</strong></span> <span class='ocrx_word' id='word_1_496' title='bbox 528 4874 560 4923; x_wconf 78' lang='lat' dir='ltr'><strong>V:</strong></span> <span class='ocrx_word' id='word_1_497' title='bbox 579 4868 718 4946; x_wconf 78' lang='grc' dir='ltr'><strong>μηθέτερον</strong></span> <span class='ocrx_word' id='word_1_498' title='bbox 736 4873 807 4924; x_wconf 76' lang='lat' dir='ltr'><strong>BSa:</strong></span> <span class='ocrx_word' id='word_1_499' title='bbox 827 4870 893 4926; x_wconf 84' lang='grc' dir='ltr'><strong>ὥστε</strong></span> <span class='ocrx_word' id='word_1_500' title='bbox 911 4872 932 4924; x_wconf 78' lang='grc' dir='ltr'><strong>εἰ</strong></span> <span class='ocrx_word' id='word_1_501' title='bbox 950 4872 984 4941; x_wconf 76' lang='grc' dir='ltr'><strong>μή</strong></span> <span class='ocrx_word' id='word_1_502' title='bbox 1005 4890 1028 4924; x_wconf 91' lang='grc' dir='ltr'><strong>τι</strong></span> <span class='ocrx_word' id='word_1_503' title='bbox 1047 4872 1130 4944; x_wconf 73' lang='grc' dir='ltr'><strong>ἕτερον</strong></span> <span class='ocrx_word' id='word_1_504' title='bbox 1151 4874 1217 4928; x_wconf 85' lang='lat' dir='ltr'><strong>vict.</strong></span> <span class='ocrx_word' id='word_1_505' title='bbox 1236 4872 1281 4942; x_wconf 84' lang='lat' dir='ltr'><strong>Sp.</strong></span> <span class='ocrx_word' id='word_1_506' title='bbox 1305 4891 1338 4928; x_wconf 79' lang='lat' dir='ltr'><strong>ex</strong></span> <span class='ocrx_word' id='word_1_507' title='bbox 1357 4876 1437 4930; x_wconf 82' lang='lat' dir='ltr'><strong>Arist.</strong></span> 
     </span>
    </p>
   </div>
   <div class='ocr_carea' id='block_1_7' title="bbox 0 0 1774 5610">
    <p class='ocr_par' dir='ltr' id='par_1_7' title="bbox 0 0 1774 5610">
     <span class='ocr_line' id='line_1_43' title="bbox 0 0 1774 5610; baseline 0 2"><span class='ocrx_word' id='word_1_508' title='bbox 0 0 1774 5610; x_wconf 95' lang='lat' dir='ltr'><strong> </strong></span> 
     </span>
    </p>
   </div>
  </div>
 </body>
</html>
