3540 5610
203 307 265 374 174
524 307 727 364 ALEXANDRI
751 310 794 363 DE
818 311 927 364 ΛΝΙΜΑ
952 308 1043 364 LIBRI
1067 306 1237 364 MAN'rlssA

254 481 327 544 εἶναι
350 487 392 566 τῷ
416 478 607 567 βουλεύεσθαι
633 483 664 546 ἐν
688 490 729 569 τῷ
753 483 896 547 δύνασθαι
924 484 1027 567 κρίνειν
1050 507 1081 547 τε
1110 485 1160 547 καὶ
1182 486 1329 568 αἱρεῖσθαι
1351 486 1384 546 τδ
1413 483 1505 566 φανὲν

253 583 287 646 ἐκ
309 589 362 667 τῆς
384 586 490 669 βουλῆς
513 585 638 670 ἄριστον.
684 589 699 649 δ
728 588 765 668 δὴ
793 591 877 649 τούτο
903 591 956 671 τῆς
983 587 1090 671 βουλῆς
1117 588 1250 671 ἀφαιρῶν
1278 584 1371 668 ὄνομα
1397 587 1506 670 βουλῇς

253 686 420 750 καταλείπει
442 687 538 770 μόνον.
583 690 615 751 τδ
638 689 693 772 γὰρ
715 688 807 771 λέγειν
835 690 950 752 πάντων
977 695 1035 752 τῶν
1058 690 1142 759 ἐκτὸς
1168 693 1369 774 περιεστώτων
1393 688 1504 770 ὁμοίων

254 789 272 871 ἢ
295 789 385 852 ταύτὰ
408 791 587 875 αἱρήσεσθαί
606 815 677 863 τινα,
705 791 724 873 ἢ
748 792 796 853 καὶ
819 793 945 877 πράξειν,
975 794 993 877 ἦ
1018 795 1054 877 δὴ
1078 794 1214 862 ἀναιτίως
1236 790 1361 856 ἔσεσθαί
1379 816 1415 861 τι,
1441 791 1504 854 τού-

227 907 310 953 στων
334 893 366 955 δὲ
388 894 420 956 τδ
445 894 496 975 μὲν
520 894 655 962 ἀναιτίως
677 917 702 956 τι
728 895 876 977 γίγνεσθαι
905 897 1044 959 ἀδύνατον
1072 895 1156 965 εἶναι,
1189 897 1221 959 τδ
1245 896 1276 958 δὲ
1303 895 1393 957 ταύτὰ
1417 895 1505 978 αἱρεῖ-

254 993 323 1057 σθαι
350 1000 408 1057 τῶν
436 995 531 1058 αὐτῶν
559 1000 760 1080 περιεστώτων
787 999 926 1060 δεικτικὸν
954 998 1027 1061 είναι
1054 1002 1105 1061 τού
1131 997 1167 1060 τὰ
1200 998 1283 1067 ἑκτδς
1315 997 1392 1060 αἴτια
1419 997 1546 1081 κύριαισ

254 1101 311 1158 τῶν
336 1096 383 1181 ὑφ’
411 1098 496 1180 ημῶν
519 1099 723 1183 πραττομένων
747 1099 829 1174 είναι,
860 1099 916 1186 οὐχ
940 1100 1025 1184 ὑγιές.
1071 1099 1213 1185 οὔτεγὰρ
1237 1102 1347 1184 ἀνάγκη
1370 1099 1406 1163 τὰ
1430 1099 1505 1162 αὐτὰ

254 1200 401 1282 αἱρεῖσθαι
421 1202 470 1263 τδν
492 1200 647 1286 ἄνθρωπον
670 1203 715 1266 ἀεὶ
738 1208 795 1265 τῶν
819 1203 915 1267 αὐτῶν
937 1207 1139 1288 περιεστώτων
1163 1204 1308 1276 ἁπάντων,
1336 1201 1403 1265 ούτε
1427 1202 1504 1265 ἀναί-

255 1325 312 1371 τιος
334 1304 352 1385 ἡ
377 1303 485 1387 πρᾶξις.
513 1306 540 1366 εί
563 1307 603 1388 μὴ
627 1305 701 1368 κατὰ
727 1307 763 1368 τὰ
786 1306 859 1369 αὐτὰ
881 1307 1011 1389 γίγνοιτο.
1056 1308 1075 1389 ἡ
1098 1305 1153 1390 γὰρ
1176 1307 1266 1391 βουλὴ
1290 1306 1339 1367 καί
1362 1307 1381 1386 η
1405 1315 1505 1389 προαί-

216 1420 240 1464 10
254 1427 331 1490 ρεσις
352 1407 400 1468 καί
423 1407 441 1489 ἡ
465 1407 556 1490 κρίσις
577 1408 625 1470 καὶ
649 1409 664 1471 ύ
687 1407 842 1492 ἅνθρωπος
864 1414 916 1492 τῆς
937 1409 1074 1492 τοιαύτης
1096 1408 1227 1493 πράξεως
1250 1407 1349 1480 αἴτιος,
1372 1406 1452 1493 ἔχων
1473 1408 1504 1469 ἐν

255 1509 335 1593 αύτῷ
363 1509 415 1591 τὴν
442 1508 573 1578 ἐξουσίαν
601 1514 651 1573 τού
680 1512 871 1595 βουλεύεσθαι
898 1513 963 1596 περὶ
990 1518 1048 1574 τῶν
1071 1514 1283 1595 περιεστώτων,
1311 1508 1375 1596 ἔχει
1398 1511 1448 1573 καλ
1471 1512 1504 1572 τδ

255 1613 396 1675 δύνασθαι
419 1611 451 1673 ἐκ
474 1616 531 1674 τῶν
548 1613 643 1676 αὐτῶν
667 1614 708 1696 μὴ
731 1614 766 1676 τὰ
790 1615 864 1678 αὐτὰ
886 1616 1041 1699 αἱρεῖσθαι.
1079 1616 1126 1677 καὶ
1149 1618 1233 1676 τοῦτο
1256 1613 1308 1676 οὐκ
1335 1612 1450 1696 ἀλύηως
1466 1615 1503 1677 τί·
1517 1630 1547 1672 συ

254 1717 346 1783 θεται,
370 1714 438 1777 οὐδέ
461 1714 537 1778 ἐστιν
553 1715 661 1800 αἴτημα
683 1719 715 1779 τὸ
738 1716 902 1800 λεηύμενον.
940 1719 966 1780 εἰ
982 1719 1033 1800 μὲν
1056 1717 1110 1802 γὰρ
1133 1717 1168 1801 ἦν
1191 1716 1234 1784 εἷς
1256 1717 1396 1786 ὁσκοπδς
1411 1716 1502 1801 αὐτῷ,

253 1820 325 1902 πρὸς
348 1818 379 1880 δν
402 1819 454 1902 τὴν
480 1819 627 1903 ἀναφορὰν
650 1825 702 1903 τῆς
724 1821 847 1904 κρίσεως
873 1820 1007 1890 ἐποιεῖτο,
1036 1818 1153 1901 εὔλογον
1176 1818 1212 1903 ἦν
1239 1819 1297 1881 ἀπὸ
1320 1823 1377 1881 τῶν
1406 1819 1502 1882 αὐτῶν

214 1935 241 1980 15
254 1921 299 1983 ἀεὶ
322 1919 424 1984 ταύτδν
447 1921 533 1984 αύτδν
561 1923 706 2006 αἱρεῖσθαι
733 1924 785 2005 τὴν
808 1923 897 2005 αὐτην
924 1947 957 2004 ηε
986 1922 1086 2006 σχέσιν
1113 1920 1221 2006 ἔχοντα
1248 1922 1294 1984 ἀεὶ
1322 1923 1370 1984 καὶ
1398 1923 1503 2004 φυλάτ-

253 2048 338 2087 τοντα
364 2025 435 2108 πρὸς
462 2025 510 2086 τδν
538 2026 725 2108 προκείμενον
754 2025 834 2110 αύτῷ
861 2024 978 2092 σκοπύν,
1008 2026 1080 2108 πρὸς
1102 2024 1134 2087 δν
1157 2026 1234 2109 δρῶν
1257 2025 1381 2088 ἐποιεῖτο
1406 2024 1410 2108 ἱ
1434 2027 1486 2109 τὴν
1509 2042 1560 2086 ιωι

254 2128 345 2211 κρίσιν
368 2127 472 2190 αὐτῶν.
518 2127 581 2190 ἐπεὶ
609 2127 641 2191 δέ
668 2128 729 2191 ἐστι
755 2129 845 2190 πλείω
873 2129 909 2190 τὰ
936 2128 1014 2211 τέλη.
1042 2129 1115 2212 πρὸς
1141 2127 1159 2189 ἀ
1188 2127 1302 2212 βλέπων
1332 2129 1384 2211 τἠν
1412 2129 1504 2212 κρίσιν

254 2233 300 2293 καὶ
322 2233 374 2314 τὴν
398 2231 505 2314 αἵρεσιν
528 2235 585 2292 τῶν
608 2230 759 2315 πρακτέων
782 2235 904 2293 ποιεῖται
932 2230 994 2312 (καὶ
1017 2231 1072 2314 γὰρ
1094 2232 1126 2292 τδ
1150 2231 1205 2312 ἡδύ
1228 2232 1276 2293 καὶ
1298 2233 1331 2293 τδ
1354 2231 1503 2316 συμφέρον

254 2335 301 2396 καὶ
323 2334 356 2396 τδ
379 2335 466 2396 καλὸν
490 2330 552 2418 ἔχει
576 2335 632 2417 πρὸ
655 2333 841 2417 ὀφθαλμῶν),
864 2337 955 2395 ταῦτα
978 2335 1010 2396 δὲ
1032 2332 1167 2415 ἀλλήλων
1190 2333 1329 2418 διαφέρει,
1353 2333 1387 2396 οὐ
1409 2338 1503 2397 πάντα

212 2454 239 2497 κο
253 2439 285 2500 δὲ
307 2437 342 2500 τὰ
365 2441 545 2520 περιεστῶτα
566 2435 667 2518 ὁμοίαν
690 2436 742 2518 τὴν
766 2435 866 2519 σχέσιν
887 2433 951 2519 ἔχει
971 2436 1043 2518 πρὸς
1063 2435 1172 2498 τούτων
1188 2436 1319 2504 ἕκαστον,
1342 2437 1394 2519 τὴν
1410 2437 1503 2521 κρίσιν

254 2542 349 2604 αὐτῶν
372 2542 420 2603 καὶ
442 2542 494 2623 τὴν
517 2539 547 2608 ἐξ
570 2538 664 2601 αύτῶν
689 2539 798 2621 αἵρεσιν
821 2539 992 2620 ποιούμενος
1014 2539 1084 2600 ποτὲ
1107 2539 1159 2620 μὲν
1187 2539 1258 2623 πρδς
1279 2540 1311 2602 τδ
1335 2540 1401 2622 ἡδύ,
1430 2541 1501 2603 ποτὲ

254 2646 286 2706 δὲ
308 2644 380 2728 πρδς
401 2644 433 2705 τδ
456 2641 555 2707 καλύν,
578 2641 681 2704 ἀλλοτε
704 2642 736 2703 δὲ
759 2642 830 2724 πρὸς
852 2643 884 2704 τδ
905 2640 1051 2724 συμφέρον
1074 2643 1122 2704 καὶ
1145 2642 1196 2705 οὐκ
1220 2644 1265 2706 ἀεὶ
1289 2642 1379 2707 ταύτὰ
1402 2644 1504 2727 πράξει
1530 2661 1543 2700 τ

253 2746 320 2809 οὐδὲ
342 2747 388 2809 ἀεὶ
410 2744 499 2808 ταύτὰ
522 2744 674 2828 αἱρήσεται
696 2748 753 2805 τῶν
769 2743 865 2805 αὐτῶν
889 2747 1089 2827 περιεστώτων
1113 2745 1258 2814 ἁπάντων,
1282 2745 1341 2808 ἀλλ’
1363 2747 1503 2809 έκοίστοτε

254 2854 343 2912 ταῦτα
369 2848 405 2911 τά
427 2848 498 2931 πρὸς
523 2848 572 2910 τδν
598 2846 734 2931 κριθέντα
761 2847 868 2908 σκοπὸν
895 2847 1021 2928 μάλιστα
1042 2848 1196 2910 συντείνειν
1220 2849 1369 2910 δοκοῦντα.
1407 2850 1503 2912 λύοιτο

212 2951 341 3015 κυῶ-ἂν
370 2952 416 3014 διὰ
442 2951 545 3014 τούτου
573 2950 620 3012 καὶ
648 2951 663 3012 δ
691 2973 726 3032 τη
756 2949 900 3033 φαντασίᾳ
926 2951 978 3033 τὴν
1006 2951 1097 3013 αἰτίαν
1126 2950 1271 3019 ἀνατιθεὶς
1298 2955 1356 3012 τῶν
1384 2975 1503 3035 πραττο-

254 3058 347 3140 μένων
371 3054 463 3138 λύηός,
488 3052 560 3116 διύτι
583 3052 662 3136 παρὰ
683 3053 715 3114 τδ
738 3051 910 3136 φαινύμενον
932 3052 1049 3134 ἀμεινον
1072 3053 1153 3138 αὐτῷ
1176 3053 1270 3121 οὐδεὶς
1293 3052 1327 3116 ἀν
1350 3078 1376 3116 τι
1393 3055 1499 3138 πράξαι

253 3160 332 3223 ποτέ.
378 3158 493 3225 πλείους
514 3156 569 3240 γὰρ
592 3158 619 3219 οἱ
643 3155 755 3227 σκοποί,
783 3156 854 3237 πρὸς
881 3154 970 3238 οθςη
998 3161 1050 3239 τῆς
1071 3157 1230 3239 φαντασίας
1255 3156 1356 3240 κρίσις.
1402 3156 1446 3220 ὅτι
1469 3159 1501 3220 δὲ

253 3261 313 3326 οὐδ’
347 3263 373 3324 εἰ
400 3260 435 3323 τὰ
457 3259 531 3322 αύτά
553 3257 662 3343 αἱροὶτύ
685 3281 727 3326 τις
754 3263 811 3319 τῶν
834 3258 929 3320 αὐτῶν
953 3262 1170 3341 περιεστώτων,
1201 3258 1258 3342 ἤδη
1281 3259 1375 3344 τούτῳ
1398 3260 1448 3322 καὶ
1469 3260 1503 3322 τδ

253 3363 536 3449 κατηναγκασμένως
558 3362 704 3444 αἱρεῖσθαι
727 3365 818 3422 ταῦτα
834 3360 932 3423 ἕπεται
956 3363 1004 3423 καὶ
1027 3362 1059 3423 τδ
1075 3361 1148 3423 εἶναι
1164 3367 1215 3445 τῆς
1230 3363 1352 3445 κρίσεως
1367 3360 1402 3424 τὰ
1419 3362 1503 3430 έκτδς
1517 3377 1544 3419 ιιι

213 3484 240 3527 30
254 3468 343 3530 αἴτια·
378 3465 424 3550 ἐφ’
453 3467 578 3549 ἑκάστης
599 3463 653 3548 γὰρ
677 3462 817 3545 αἱρέσεως
839 3461 947 3526 ἔνεστιν
971 3464 1057 3526 αύτδν
1081 3462 1222 3526 δεικνύναι
1244 3465 1299 3549 πρδ
1323 3469 1374 3528 τοῦ
1397 3464 1503 3548 πρᾶξαι

254 3573 301 3634 καὶ
324 3569 475 3654 προκρῖναί
493 3568 526 3650 γέ
549 3592 574 3630 τι
596 3568 644 3629 καὶ
666 3567 698 3628 τὰ
721 3567 915 3648 ἀντικείμενον
931 3566 1050 3629 ἑλέσθαι
1073 3567 1244 3648 δυνάμενον·
1280 3567 1314 3630 ού
1336 3567 1390 3651 γὰρ
1413 3571 1454 3635 ῶς
1469 3567 1503 3629 οὐ

253 3676 409 3756 δυνάμενος
431 3672 479 3733 καὶ
503 3669 537 3732 τὰ
560 3670 740 3750 ἀντικείμενα
762 3668 873 3735 τούτοις
895 3668 1013 3731 ἑλέσθαι
1036 3671 1156 3752 αἱρεῖται
1179 3674 1279 3740 ταῦτα,
1307 3669 1366 3732 ἀλλ’
1395 3673 1436 3738 ῶς
1458 3669 1502 3732 εύ-

253 3781 324 3859 λογα
346 3778 454 3858 μᾶλλον
476 3772 556 3856 αύτῷ
579 3774 726 3834 δοκοῦντα.
771 3768 877 3839 ἔξεστιν
905 3775 971 3852 γοῦν
1000 3771 1079 3855 αὐτῷ
1102 3771 1172 3834 αύτδ
1200 3773 1232 3834 τὸ
1261 3773 1301 3854 μὴ
1325 3796 1503 3856 κατηναγκα·

255 3879 362 3962 σμένην
385 3878 437 3960 τὴν
460 3876 568 3959 αἵρεσιν
592 3874 664 3937 εἶναι
692 3874 863 3957 βουληθέντι
887 3873 979 3942 δεῖξαί
1002 3898 1071 3936 ποτε
1098 3875 1145 3936 καὶ
1169 3876 1240 3958 πρὸς
1266 3880 1350 3938 τούτο
1380 3879 1501 3958 φιλονει-

213 4000 239 4044 κσ
253 3982 372 4065 κήσαντι
394 3981 442 4042 καὶ
464 3980 496 4041 τὸ
520 3979 561 4060 μὴ
585 3979 687 4039 δοκοῦν
703 3975 819 4058 εύλοηον
844 3976 969 4039 ἑλέσθαι.
1008 3973 1060 4047 ἔτι,
1084 3978 1110 4039 εἰ
1133 3978 1173 4059 μὴ
1197 3979 1242 4040 ἀεὶ
1258 3978 1310 4060 τὴν
1334 3977 1390 4046 ἕξιν
1414 3977 1502 4059 ἐσμὲν
1518 3994 1545 4035 ιτ

256 4081 451 4168 δμοιοι,,καθ’
479 4083 514 4164 ἣν
538 4078 748 4165 βουλευώμεθα,
773 4079 825 4141 οὐκ
847 4079 892 4140 ἀεὶ
915 4077 951 4141 τὰ
971 4079 1044 4141 αύτά
1066 4079 1250 4163 αἱρησόμεθα
1273 4080 1306 4143 ἐκ
1329 4086 1386 4142 τῶν
1410 4104 1503 4164 περιε-

253 4191 372 4253 στώτων
396 4185 486 4249 ὄντων
515 4184 632 4265 ὁμοίων.
678 4182 758 4244 εἰδὲ
781 4187 838 4243 τῶν
861 4181 956 4244 αὐτῶν
984 4186 1186 4266 περιεστώτων
1212 4187 1271 4250 τοῖς
1298 4183 1445 4264 ἀνομοίοις
1467 4183 1500 4245 οὐ

253 4290 428 4365 τῶναύτῶν
451 4312 470 4370 η
494 4288 612 4371 αἵρεσις,
636 4287 722 4368 δῆλον
747 4287 787 4352 ῶς
809 4284 857 4346 καὶ
880 4289 931 4367 τῆς
953 4288 1010 4346 τῶν
1027 4285 1135 4367 δμοίων
1155 4285 1295 4368 αἱρέσεως
1317 4285 1394 4348 αἴτια
1417 4285 1450 4347 ού
1468 4285 1502 4348 τὰ

254 4397 433 4479 περιεστῶτα
464 4389 552 4473 ὅμοια
576 4386 653 4461 ὄντα,
677 4386 740 4449 ἀλλ’
769 4383 793 4471 ᾧ
818 4386 1004 4470 περιέστηκεν
1033 4388 1074 4449 ῶν
1103 4385 1202 4468 ύμοιος
1224 4388 1314 4472 αύτῷ.
1360 4387 1436 4456 ὅλως
1459 4388 1502 4462 δέ,

203 4567 214 4617 l
244 4567 306 4620 εἶναι
326 4567 380 4616 vss:
399 4563 454 4614 εἶα
560 4561 651 4628 κρίνειν
670 4560 721 4611 Va:
739 4558 854 4610 κινεινὶἱ
963 4560 978 4609 2
1007 4558 1035 4609 ἐκ
1054 4562 1099 4627 τῆς
1119 4558 1209 4628 βουλῆς
1229 4559 1280 4610 Va:
1300 4559 1325 4609 ἐν
1344 4566 1398 4615 ταῖς
1417 4558 1518 4628 βουλαῖς
1537 4562 1555 4612 (¹.

200 4656 216 4707 3
235 4660 287 4706 τῶν
307 4654 357 4703 Va:
376 4656 428 4703 τῶν
447 4654 537 4700 κακῶν
557 4648 576 4699 (¹,
682 4647 697 4697 4
717 4646 732 4715 ἡ
755 4645 785 4714 δη
805 4647 910 4713 scripsi:
929 4645 976 4715 ἤδη
997 4647 1058 4697 wa
1165 4647 1272 4716 ἱημιῖιν
1292 4647 1347 4698 VC:
1367 4647 1426 4715 ημῖν
1445 4664 1460 4698 a

203 4743 233 4794 12
253 4740 351 4809 ἀλόγως
370 4738 424 4790 VC:
443 4736 568 4804 ύλίηωςιι
651 4734 681 4786 15
700 4753 726 4803 ηε
746 4749 795 4785 om.
815 4736 834 4786 (λ
915 4734 945 4783 ’21
968 4733 1179 4785 πατὲδὲυιιι.(ἶ
1260 4734 1554 4803 θὶτήςειιμιυΙίιι.ἱ”

200 4829 233 4880 28
252 4827 305 4879 οὐδ’
327 4827 349 4879 εἱ
367 4827 418 4877 Va:
437 4824 515 4881 αύδεὶς
534 4825 553 4876 G
638 4822 670 4873 τὰ
689 4822 752 4874 αὐτὰ
772 4821 826 4873 VC:
845 4822 876 4873 τὰ
895 4822 959 4873 κατὰ
978 4838 1005 4872 a:
1026 4822 1056 4872 τὰ
1075 4822 1143 4873 κακά
1161 4839 1201 4873 ex.
1223 4823 1288 4873 vict.
1372 4821 1405 4871 39
1425 4821 1484 4872 ὄντα
1505 4824 1554 4874 Va:

201 4917 238 4970 ἀεὶ
258 4914 356 4969 &mc
462 4911 558 4982 ὅμοιος]
578 4917 638 4964 ante
656 4929 684 4969 ος
702 4911 740 4963 lit.
759 4912 837 4962 unius
856 4911 930 4962 lit.v
1037 4908 1106 4960 αύτῶ
1126 4909 1233 4978 scripsi:
1252 4907 1323 4978 αύτῷ
1343 4909 1402 4961 x'ca
