3540 5610
675 298 878 352 ALEXANDRI
902 297 947 350 DE
970 297 1079 351 λλῚλίΑ

256 476 303 537 καὶ
327 462 494 558 τελειότητά
506 474 551 538 ’τε
573 476 621 537 καί
643 472 853 557 ἐντελέχειαν),
880 472 972 540 οὕτως
995 472 1041 533 καὶ
1069 471 1117 533 ἐπὶ
1145 477 1197 555 τῆς
1219 476 1319 556 ψυχῆς
1342 471 1416 558 ἔχει,
1439 471 1502 534 ἐπεὶ
1515 487 1544 529 συ

256 579 303 641 καὶ
327 578 400 661 αδτίγ
424 578 543 661 δύναμίς
566 599 596 639 τε
619 577 666 639 καί
688 574 764 642 εἶδος
787 576 835 637 καί
850 574 1016 658 ἐντελέχειά
1038 572 1098 636 ἐστι
1120 578 1170 637 τοῦ
1193 572 1312 658 ἔχοντος
1332 574 1423 660 αὐτὴν
1447 577 1502 639 σώ-

257 704 357 763 ματος.
402 682 421 763 ίη
446 679 499 763 γὰρ
528 679 645 762 γένεσις·
662 677 752 760 αὐτῆς
779 676 812 739 ἐκ
839 681 891 760 τῆς
913 681 998 745 ποιὰς
1027 676 1130 758 μίξεως
1156 700 1186 738 τε
1212 677 1259 739 καί
1286 679 1417 762 κράσεως
1443 682 1501 740 τῶν

259 786 382 867 πρώτων
399 785 554 865 σωμάτων,
578 785 618 849 ὡς
634 780 767 865 ἐδείχθη.
801 781 849 842 καὶ
865 781 897 842 τδ
914 781 966 863 μὲν
982 779 1113 863 ἐνεργοῦν
1129 780 1202 841 κατὰ
1218 780 1269 863 τὴν
1287 783 1382 865 ψυχὴν
1398 781 1501 856 ἐκεῖνο,

229 886 286 949 σέν
310 881 335 973 ᾧ
361 887 394 948 τὸ
417 890 469 969 τῆς
491 890 591 970 ψυχῆς
610 882 780 965 ἡγεμονικόν
805 880 809 967 ]
833 881 942 965 (έκεῖνο
964 882 1018 966 γὰρ
1042 883 1089 944 καὶ
1112 882 1144 944 τὸ
1160 885 1284 964 πρώτως
1306 906 1336 945 τε
1352 881 1482 968 ἔμψυχον
1501 899 1555 943 ναι·

258 993 307 1053 καί
330 987 398 1052 καθ’
418 988 514 1070 αὑτό),
536 987 606 1071 πρὸς
629 987 662 1048 δὲ
684 985 734 1054 τδις
754 986 828 1049 κατδι
850 984 954 1069 ταύτην
977 984 1119 1068 ἐνεργείας
1138 990 1245 1068 χρῆται
1266 990 1326 1054 τοῖς
1342 987 1502 1070 δργανικοῖς

259 1092 373 1176 μέρεσιν
395 1095 446 1155 τοῦ
470 1093 613 1172 σώματος.
658 1093 717 1157 τοῖς
739 1089 791 1173 γὰρ
816 1086 903 1173 ζῴοις
926 1086 962 1150 τὰ
985 1086 1101 1171 ὄργανα,
1124 1087 1167 1154 οἷς
1189 1088 1259 1170 πρδς
1282 1087 1333 1156 τδις
1355 1088 1427 1151 κατὰ
1449 1090 1501 1173 την

257 1195 355 1278 ψυχὴν
378 1194 520 1278 ἐνεργείας
542 1197 659 1277 χρῆται,
683 1191 818 1275 σῦμφυτά
839 1192 940 1254 τεκαὶ
963 1190 1037 1274 μέρη
1059 1195 1110 1253 τοῦ
1133 1192 1278 1271 σώματος,
1301 1187 1360 1252 ἀλλ’
1382 1190 1439 1277 οδχ
1461 1195 1501 1261 ὡς

258 1296 384 1359 ἐπὶτῶν
409 1301 519 1381 τεχνῶν
546 1293 759 1380 κεχωρισμένα.
804 1298 921 1356 τοιαῦτα
943 1295 996 1377 γὰρ
1024 1294 1097 1377 μέρη
1125 1297 1175 1355 τοῦ
1199 1296 1333 1377 σώματος
1361 1296 1449 1379 νεῦρά
1471 1318 1502 1357 τε

217 1416 243 1459 10
257 1401 304 1462 καὶ
327 1402 425 1484 χεῖρες
451 1400 500 1461 καὶ
522 1396 607 1466 πόδες
630 1398 678 1459 καί
704 1396 739 1458 τὰ
770 1397 953 1480 αἰσθητήρια.
999 1394 1074 1461 ἔστιν
1105 1396 1158 1479 γὰρ
1180 1396 1371 1481 αἰσθητήριον
1403 1396 1502 1481 μόριον
1529 1414 1543 1456 ε

255 1488 390 1585 σώματος
419 1502 569 1585 ὀργανικοῦ
595 1500 667 1583 πρὸς
694 1498 841 1583 ἁντιληψιν
869 1499 1020 1582 αἰσθητοῦ.
1067 1497 1127 1562 ἔστι
1155 1499 1186 1560 δὲ
1213 1501 1232 1583 η
1260 1500 1341 1583 ψυχὴ
1371 1505 1430 1568 τοῖς
1454 1502 1502 1585 ἐμ-

256 1605 360 1690 ψύχοις
384 1606 462 1689 ἀρχή
485 1603 586 1665 τεκαὶ
609 1602 699 1676 αἰτία,
733 1600 766 1664 οδ
791 1600 877 1685 μόνον
901 1605 941 1670 ὡς
963 1607 1019 1664 τῶν
1049 1606 1176 1673 ξωτικῶν
1201 1603 1342 1686 κινήσεων
1366 1605 1500 1686 ποιητικὴ

256 1707 330 1792 αδτὴ
354 1708 384 1770 ἐν
407 1706 518 1780 αὐτοῖς,
546 1704 690 1767 ἀλλὰκαὶ
714 1728 732 1787 η
756 1704 829 1766 κατὰ
851 1705 883 1767 τδ
906 1704 981 1775 εἶδος
1004 1705 1093 1778 αἰτία,
1124 1708 1164 1774 ὡς
1187 1703 1336 1778 δέδεικται,
1360 1706 1408 1767 καί
1430 1706 1500 1789 πρὸς

257 1810 368 1879 τούτοις
390 1811 438 1873 καὶ
461 1811 502 1877 ὡς
523 1807 557 1870 οῦ
574 1807 668 1882 ἕνεκα,
692 1807 837 1870 τουτέστιν
860 1831 879 1890 η
904 1810 944 1876 ὡς
959 1807 1050 1883 τέλος,
1073 1807 1146 1890 εἴγε
1162 1808 1243 1876 τέλος
1266 1808 1317 1892 μὲν
1334 1808 1382 1870 καί
1397 1807 1501 1870 τελειό·

216 1927 242 1973 15
255 1935 307 1995 της
333 1914 386 1996 ἥδε
415 1916 472 1973 τῶν
500 1911 598 1995 ψυχὴν
625 1909 768 1995 ἐχόντων,
795 1913 846 1972 τοῦ
877 1911 909 1972 δὲ
936 1910 1035 1978 τέλους
1062 1912 1147 1996 χάριν
1175 1911 1210 1973 τὰ
1237 1910 1292 1994 πρὸ
1319 1914 1370 1973 τοῦ
1392 1908 1500 1979 τέλους.

255 2016 349 2078 πάντα
375 2014 428 2098 γάρ
450 2013 486 2076 τδι
508 2014 582 2077 κατὰ
608 2013 692 2098 φῦσιν
718 2012 853 2099 γινόμενα
881 2013 965 2076 ἕνεκά
993 2036 1043 2076 του
1065 2013 1185 2096 γίνεται,
1212 2011 1289 2075 τοῦτ’
1317 2010 1392 2076 ἔστιν
1420 2013 1501 2083 τέλος

178 2127 186 2141 ’
256 2117 286 2180 ἐν
309 2115 417 2186 αὐτοῖς.
1102 2116 1107 2127 ”

341 2218 385 2285 Οῦ
413 2220 459 2282 δεῖ
484 2219 517 2282 δὲ
544 2219 755 2303 ὑπολαμβάνειν
782 2219 834 2301 τὴν
861 2220 958 2304 φοχίγν
987 2220 1125 2304 ἁρμονίαν
1154 2219 1245 2302 λέγειν
1273 2219 1339 2288 τοὺς
1365 2219 1500 2302 λέγοντας
1514 2237 1542 2278 ιο
1595 2262 1605 2281 .

257 2324 347 2406 αὐτὴν
370 2321 445 2390 εἶδος
472 2320 544 2384 εἶναι
566 2320 711 2404 γινόμενον
742 2321 788 2384 ἐπὶ
818 2324 855 2402 τῇ
878 2323 976 2405 τοιᾷδε
1005 2322 1079 2404 μίξει
1104 2346 1135 2384 τε
1158 2323 1206 2385 καὶ
1227 2323 1327 2405 κράσει
1354 2327 1411 2385 τῶν
1435 2324 1501 2387 διτο-

217 2441 244 2486 υο
258 2425 397 2509 κειμένων
420 2423 496 2508 αὐτη
520 2425 674 2507 σωμάτων.
719 2422 753 2486 οδ
774 2423 829 2507 γὰρ
852 2423 878 2485 εί
900 2425 991 2508 χωρὶς
1018 2429 1069 2508 τῆς
1092 2425 1233 2519 τοιαύτης.
1247 2427 1379 2508 κράσεώς
1401 2448 1431 2487 τε
1454 2428 1502 2489 καὶ

257 2528 361 2612 μίξεως
383 2528 521 2603 αἰδῦνατον
545 2526 636 2611 αὐτὴν
658 2525 740 2601 εἶναι,
768 2525 825 2609 ἤδη
848 2525 951 2588 ταύτὸν
973 2525 1048 2609 αὐτῇ
1071 2530 1185 2609 γίνεται.
1231 2529 1265 2590 οῦ
1288 2527 1340 2611 γὰρ
1364 2553 1382 2611 η
1405 2531 1503 2593 τοιάδε

256 2637 313 2693 τῶν
336 2631 480 2713 σωμάτων
504 2634 603 2714 κρᾶσις
625 2655 644 2712 η
668 2631 765 2714 ψυχή,
790 2627 859 2713 ὅπερ
883 2625 919 2711 ἦν
941 2629 960 2711 η
984 2630 1121 2713 ἁρμονία,
1144 2630 1203 2694 ἀλλ’
1231 2657 1250 2714 η
1273 2632 1321 2695 ἐπὶ
1344 2655 1380 2715 τρ
1405 2634 1503 2717 τοιᾷδε
1517 2651 1543 2691 ιε

255 2735 356 2819 κράσει
378 2733 496 2815 δῦναμις
517 2731 698 2816 γεννωμένη,
727 2731 866 2813 ἀνάλογον
890 2729 1001 2815 ἔχουσα
1028 2737 1090 2801 ταῖς
1113 2735 1264 2818 δυνάμεσιν
1287 2742 1345 2797 τῶν
1370 2735 1501 2818 ἰατρικῶν
1552 2738 1559 2751 “

256 2838 416 2921 φαρμάκων
440 2841 502 2904 ταῖς
523 2835 744 2919 ἁθροιζομέναις
766 2834 799 2896 ἐκ
823 2834 926 2916 μίξεως
948 2832 1097 2897 πλειόνων.
1143 2837 1190 2898 καί
1212 2837 1266 2920 γὰρ
1288 2837 1318 2899 ἐν
1342 2838 1460 2909 ἐκείνοις
1483 2842 1502 2924 η

214 2955 241 3000 25
256 2941 308 3025 μὲν
331 2943 388 3001 τῶν
415 2940 576 3023 φαρμάκων
600 2937 674 3019 μῖξίς
696 2960 727 2998 τε
754 2937 811 3021 καὶο
833 2936 967 3005 σύνθεσις
993 2938 1041 2999 καὶ
1069 2938 1084 3000 δ
1111 2937 1205 3021 λόγος,
1233 2937 1300 3002 καθ’
1329 2939 1361 3003 δν
1387 2942 1420 3004 τθ
1450 2943 1501 3025 μὲν

255 3044 350 3107 αὐτῶν
373 3039 522 3104 διπλάσιόν
546 3041 621 3117 ἐστι,
643 3040 675 3102 τδ
699 3038 724 3102 δ’
752 3041 856 3123 ἥμισυ,
884 3039 965 3103 τὸδ’
992 3038 1140 3123 ημιὰλιον,
1164 3040 1197 3103 ἂν
1221 3043 1297 3105 οὕτω
1321 3043 1412 3127 τάχη,
1436 3044 1501 3106 ἁνα-

257 3149 354 3228 λογίαν
377 3144 439 3207 τινὰ
466 3144 537 3226 πρὸς
560 3144 697 3227 ἁρμονίαν
724 3141 798 3226 ἔχει.
843 3141 877 3205 οὐ
900 3142 997 3224 μέντοι
1024 3140 1066 3205 ἔτι
1092 3145 1140 3208 καὶ
1167 3145 1186 3228 η
1214 3145 1248 3207 ἐκ
1275 3150 1327 3229 τῆς
1354 3145 1426 3208 κατὰ
1448 3147 1500 3229 τὴν

259 3249 395 3335 ἁρμονίαν
419 3246 524 3330 ταύτην
547 3247 595 3309 καί
617 3246 665 3307 τδν
688 3245 772 3327 λόγον
801 3250 857 3307 τιῦν
881 3234 1043 3330 φαρμάκων
1066 3245 1169 3328 μίξεως
1196 3226 1314 3330 δύναμις
1336 3248 1499 3334 γεννωμένη

256 3353 387 3436 ἁρμονία.
432 3350 451 3432 η
476 3348 602 3432 μὲνγὰρ
625 3349 746 3432 ἁρμονία
769 3349 784 3410 δ
808 3346 892 3429 λόγος
913 3349 960 3411 καὶ
986 3349 1006 3431 η
1030 3348 1163 3418 σύνθεσις
1184 3354 1242 3411 τῶν
1267 3350 1458 3433 μεμιγμένων,
1480 3354 1543 3437 ίηεο

147 3656 153 3668 ,
202 3607 218 3660 8
237 3604 364 3675 σύμφυτα]
384 3604 525 3658 elementar
543 3605 605 3657 oder
624 3621 668 3657 zur
687 3604 837 3673 Grundlage
856 3606 962 3674 gehdrig
1062 3605 1465 3681 9-10101assrassaffsffi4nffipm]
1485 3612 1555 3673 donn

199 3695 260 3764 jone
278 3693 337 3746 sind
356 3693 384 3745 in
403 3692 448 3744 der
466 3691 539 3744 Stufe
556 3691 602 3744 der
620 3691 727 3744 Geffisso
744 3693 789 3745 der
807 3692 898 3744 Ηίιυιίε
920 3693 965 3745 ‹ler
984 3693 1063 3746 Fiisse
1081 3693 1127 3745 der
1144 3693 1225 3746 Sinna
1244 3710 1301 3746 zum
1320 3695 1398 3749 Leibe
1418 3694 1448 3764 [i.
1458 3714 1480 3750 υ.
1500 3716 1554 3751 ναι-

200 3782 289 3834 ίιαίίειι
307 3780 363 3833 sich
383 3778 427 3847 zu]
549 3780 575 3830 ll
606 3777 738 3850 ὀργανικοῦ
757 3795 806 3831 om.
923 3781 983 3850 πρὸς
1001 3780 1143 3851 ἀντίληψιν]
1163 3780 1246 3833 addit:
1266 3783 1387 3851 geeignet
1405 3801 1437 3836 zu

204 3870 235 3920 14
262 3868 297 3927 ὡς
315 3866 396 3935 τέλος]
420 3867 504 3919 addit:
524 3865 631 3919 welcher
650 3867 822 3934 beabsiehtigt
842 3869 877 3918 ist
895 3868 973 3920 durch
993 3869 1111 3921 dasselbe
1219 3869 1249 3922 15
1277 3871 1309 3922 τὰ
1327 3869 1374 3941 πρὸ
1392 3877 1437 3923 τοῦ
1455 3871 1554 3943 τέλους]

201 3957 248 4010 das
266 3972 318 4008 was
336 3971 378 4007 um
398 3955 443 4007 des
462 3952 632 4006 Endzweckes
652 3954 736 4008 willon
756 3954 888 4022 geschieht
995 3957 1026 4008 18
1045 3955 1176 4028 ἁρμονίαν]
1196 3956 1366 4026 Verbindung
1384 3963 1414 4010 ut
1433 3960 1498 4012 solet

202 4043 236 4097 20
254 4061 281 4095 τι
295 4043 337 4094 καί
349 4040 441 4110 μίξεως
459 4056 508 4093 om.
580 4040 685 4093 ’λθ-24
703 4041 993 4113 ἀνάλογον-πλειόνων]
1013 4060 1040 4096 es
1053 4044 1151 4096 νετίιὲιίί
1165 4044 1219 4095 sich
1233 4044 1314 4095 ιίωιιίί
1332 4060 1361 4096 so
1379 4047 1426 4098 wie
1445 4049 1492 4100 mit
1505 4049 1555 4101 den

202 4130 406 4184 medicinischen
425 4146 472 4181 aus
491 4128 575 4181 vielen
593 4128 765 4198 Mischungen
783 4136 1065 4200 zusammengesetzton
1084 4131 1184 4185 Mittelu
1290 4130 1323 4183 ’26
1342 4130 1473 4205 ἃν-τὰχη
1492 4151 1543 4187 om.

201 4273 347 4282 1-..--——-
352 4272 358 4279 .
363 4273 512 4279 ..-·-——--
517 4272 563 4278 ...-

203 4355 218 4407 2
242 4335 383 4428 ἐντελέχεια
400 4354 443 4404 καὶ
462 4350 524 4408 εἶδος
542 4358 558 4403 a
664 4353 679 4404 7
703 4352 807 4423 ὄργανα]
827 4356 936 4409 alterum
955 4375 971 4407 α
990 4372 1069 4423 ευριπ
1086 4356 1163 4409 lin.V
1271 4357 1287 4407 8
1309 4356 1440 4428 ἐνεργείαις
1458 4375 1474 4411 υ

205 4441 237 4494 13
256 4440 319 4510 αῦτη
338 4440 364 4491 ἐν
383 4438 465 4498 αὐτοῖς
484 4456 512 4491 a:
532 4458 595 4510 αυτη
616 4441 641 4493 ἐν
660 4444 784 4499 αυτοῖςλί
894 4445 925 4497 14
944 4444 987 4495 καὶ
1006 4448 1066 4495 ante
1085 4442 1120 4501 ὡς
1139 4459 1223 4495 om.a
1328 4443 1352 4496 εί
1367 4461 1394 4512 γε
1412 4445 1447 4496 V:
1466 4445 1521 4498 εἰα

206 4528 236 4581 15
255 4527 300 4597 ἥδε
317 4543 346 4579 a:
364 4527 380 4597 ἡ
400 4526 426 4579 δὲ
444 4528 467 4579 V
554 4528 651 4580 ίίῦ-ίῖ
672 4528 757 4589 τέλους
776 4531 801 4582 ἐν
820 4530 940 4590 αὐταῖςα
1026 4531 1057 4582 18
1078 4527 1131 4593 ,δτι
1150 4530 1196 4582 οῦκ
1216 4530 1279 4583 ἔστιν
1299 4530 1404 4600 ἁρμονία
1423 4532 1438 4601 η
1458 4531 1553 4606 ‹fau-ff

203 4616 232 4669 οῦ
251 4615 288 4668 δεῖ
306 4617 344 4668 Va
435 4615 466 4667 19
484 4613 564 4666 τοιάδε
583 4631 599 4667 α
688 4617 791 4689 20-2ί
811 4616 902 4687 μίξεως
920 4637 947 4670 τε
965 4619 1009 4670 καὶ
1027 4619 1141 4687 κράσεως
1160 4636 1174 4671 υ
1270 4618 1299 4671 ‘21
1320 4638 1384 4689 αοτη
1403 4620 1438 4670 V:
1457 4621 1523 4691 αῦτη
1540 4639 1556 4673 a

204 4701 237 4755 22
264 4702 382 4755 τοιὰδεει
500 4700 534 4754 23
562 4704 718 4773 γενσμένηιῑ
841 4706 874 4757 24
903 4703 995 4773 μίξεων
1014 4706 1109 4775 legisse
1127 4706 1229 4758 videtur
1248 4708 1331 4759 Arabs
1350 4707 1395 4759 sed
1414 4707 1445 4759 τί.
1465 4708 1556 4776 μίξεως

203 4791 247 4842 καί
265 4786 404 4846 συνθέσειίις
421 4807 496 4841 τινων
515 4805 540 4857 ρ.
552 4789 628 4855 20,14
736 4790 752 4861 ἰγ
771 4792 817 4864 γὰρ
837 4793 938 4853 ἐκείνοις
957 4810 972 4847 a
1078 4793 1111 4845 26
1130 4791 1194 4865 τέγη
1213 4811 1228 4845 α
1334 4793 1367 4844 28
1385 4796 1503 4866 γινομένη
1523 4813 1538 4848 a

204 4876 236 4928 29
256 4875 374 4949 ἁρμονία]
393 4894 426 4945 μυ
445 4892 525 4947 supra
543 4877 621 4931 lin.V
