3540 5610
199 266 262 330 120
438 261 605 334 [ΑίίΟΡίΩΝ
626 262 686 320 ΚΑΙ
706 262 839 321 ΑΥΣΕΩΝ
859 261 1002 320 ΒΙΒΑΙΟΝ
1022 259 1210 320 ΤΕΤΑΡΤΟΝ
1233 263 1310 334 1-3]

252 441 312 506 τοῖς
338 441 463 523 αἱρετοῖς
488 463 520 503 τε
551 440 598 503 καὶ
624 443 757 523 φευκτοῖς
784 438 908 503 έπεσθαι
939 441 985 503 δεῖ
1008 445 1046 522 τῇ
1078 443 1129 502 τοῦ
1157 437 1314 502 σπουδαίου
1344 437 1439 522 κρίσει
1466 437 1509 499 αἱ·

252 563 345 623 ρετον.

253 780 292 844 ΙΙ.
331 778 401 847 Ὁτι
425 784 469 865 μὴ
494 784 672 866 ὁμοειδεῖς
694 783 727 844 αί
750 782 880 864 ἡδοναί.

339 949 413 1034 (Ὅτι
436 953 476 1036 μὴ
494 954 636 1033 ὁμοειδεῖς
659 954 689 1015 αἱ
712 950 837 1036 ἡδοναί,>
859 951 1008 1016 δεικνόοιτ’
1031 950 1065 1014 ἀν
1088 955 1202 1035 πρῶτον
1225 951 1277 1032 μὲν
1300 950 1358 1013 ἀπὸ
1380 954 1434 1031 τὴς
1449 948 1510 1011 ἐπι·
1524 964 1551 1006 ιο

153 1113 154 1116 ,
218 1053 371 1135 οθομίας.
416 1056 442 1118 εί
464 1055 517 1137 γάρ
540 1060 621 1119 παῖσα
651 1056 701 1138 μὲν
725 1054 865 1138 ἐπιθυμία
892 1052 983 1138 ὄρεξις
1005 1055 1105 1138 ἡδέος,
1132 1055 1181 1117 καὶ
1204 1055 1234 1117 ἐν
1257 1054 1352 1138 τοότιμ
1373 1051 1451 1135 αὐτῇ
1474 1052 1508 1115 τὸ

254 1156 337 1231 εἶναι,
362 1158 417 1220 είσὶ
440 1159 471 1220 δὲ
486 1163 545 1220 τῶν
568 1158 730 1240 ἐπιθυμιῶν
747 1157 986 1241 ὁμολογουμένως
1009 1159 1038 1219 αί
1062 1158 1115 1240 μὲν
1130 1156 1250 1240 αἱρεταί,
1274 1157 1303 1219 αί
1327 1153 1509 1238 δλφευκιαί,

253 1262 351 1342 δὴλον,
375 1259 419 1323 ότι
435 1262 475 1343 μὴ
499 1259 567 1344 παρ’
589 1260 679 1324 ἄλλου
695 1264 771 1329 τινός
793 1246 892 1328 αὐταῖς
914 1260 1084 1343 ἡδιαφοροί,
1107 1258 1222 1343 ἡπαρά
1238 1263 1297 1321 τῶν
1318 1258 1443 1341 ἡδονῶν,
1465 1253 1503 1319 δι’
1524 1271 1550 1313 ιο

255 1361 289 1428 όίς
317 1362 386 1435 εἰσι,
417 1366 459 1447 τῷ
483 1363 590 1426 τούτων
618 1362 669 1431 τὰς
699 1363 749 1445 μὲν
777 1362 850 1425 εἶναι
876 1363 1007 1445 αίρεταίς,
1034 1361 1083 1428 τάς
1112 1362 1144 1423 δέ
1171 1360 1307 1443 φευκτάς.
1353 1359 1507 1422 διοίσουσιν

254 1461 310 1546 ἀρα
333 1465 381 1526 καὶ
403 1465 505 1546 ἡδοναὶ
528 1465 664 1548 ἀλλήλων
693 1464 766 1528 κατὰ
788 1465 879 1528 ταδτά
901 1468 963 1532 ταῖς
986 1463 1161 1544 ἐπιθυμίαις,
1189 1461 1220 1525 εί
1237 1485 1270 1544 γε
1297 1460 1375 1548 παρὰ
1396 1461 1508 1524 τοότιυν

203 1584 234 1631 ιο
253 1565 301 1627 καὶ
325 1566 445 1635 ἐκείναις
467 1567 497 1628 αί
521 1567 665 1650 διαφοραί.
705 1567 779 1630 ἀλλά
803 1568 839 1651 δὴ
862 1565 920 1651 οὐχ
943 1565 1004 1629 οῖόν
1027 1588 1058 1628 τε
1074 1566 1194 1648 ὁμοειδῆ
1217 1564 1353 1648 ἀλλήλοις
1375 1562 1448 1627 εἶναι
1470 1563 1550 1627 τάευ

254 1672 292 1749 τῇ
317 1668 429 1730 ἑαυτῶν
452 1669 537 1752 φύσει
559 1670 693 1754 διοίφορα.
738 1670 870 1753 δεύτερον
893 1670 951 1731 ἀπὸ
978 1674 1036 1730 τῶν
1060 1668 1220 1752 ἐνεργειῶν.
1265 1667 1328 1730 ἐπεὶ
1350 1666 1404 1750 γὰρ
1428 1669 1508 1730 πᾶσα

254 1770 345 1852 ἡδονὴ
369 1771 417 1833 ἐπὶ
440 1771 567 1855 ἐνεργείᾳ
589 1773 642 1834 τινὶ
663 1773 779 1853 γίνεται,
803 1773 850 1834 καὶ
873 1769 950 1834 ἔστιν
973 1769 1116 1853 οἰκειότης
1139 1774 1199 1838 ταῖς
1223 1770 1340 1854 ἡδοναῖς
1361 1769 1433 1852 πρὸς
1455 1768 1506 1837 τὰς
1598 1754 1601 1759 ¹

254 1869 300 1955 ἐφ’
321 1871 368 1941 αῖς
389 1874 512 1954 γίνονται
528 1875 670 1958 ἐνεργείας
692 1873 776 1956 (τέλη
799 1875 931 1955 γάρπῶς
954 1873 1029 1935 ἐστιν
1045 1872 1167 1955 αὐτῶν),
1192 1877 1195 1953 λ
1220 1874 1318 1955 δὴλον,
1341 1870 1386 1934 ὅτι
1407 1871 1486 1934 οότιυ
1508 1877 1564 1933 230

258 1976 463 2057 σονδιαιροῖντο
486 1974 521 2037 ἀν
544 1981 605 2044 ταῖς
632 1976 785 2058 ἐνεργείαις
811 1976 858 2039 καλ
881 1974 978 2038 αὐταί·
1011 1975 1086 2038 ἀλλὰ
1111 1975 1167 2058 μὴν
1195 1979 1253 2036 τῶν
1276 1973 1426 2058 ἐνεργειῶν
1449 1978 1508 2035 τῶν

207 2095 237 2144 15
257 2074 305 2159 ἐφ’
333 2077 378 2144 αῖς
401 2075 456 2161 <αί>
479 2079 579 2161 ἡδοναὶ
602 2080 632 2140 αί
661 2077 712 2160 μέν
736 2079 807 2140 εἰσιν
831 2078 944 2162 αἱρεταί
969 2079 999 2138 αί
1022 2078 1053 2140 δὲ
1076 2077 1211 2160 φευκταί·
1246 2075 1357 2145 ἕξουσιν
1379 2074 1437 2159 ἀρα
1459 2075 1508 2137 καὶ

255 2180 285 2241 αί
308 2178 409 2260 ἡδοναὶ
431 2179 484 2261 τὴν
507 2179 597 2263 αὐτὴν
621 2181 692 2263 πρὸς
715 2180 844 2262 ἀλλήλας
866 2182 1015 2264 διαφοράν.
1054 2181 1080 2241 εί
1103 2179 1135 2241 δὲ
1157 2182 1252 2253 τοῦτο,
1275 2176 1332 2263 οὐχ
1354 2177 1509 2259 ὁμοειδεῖς.
1538 2191 1553 2233 ὅ

256 2281 381 2364 καὶγὰρ
404 2283 429 2344 εἰ
445 2281 531 2344 πλέον
554 2282 718 2366 ἀφέστηκεν
741 2283 773 2344 τδ
795 2282 947 2365 ἐφιέμενον
971 2282 1018 2344 καὶ
1034 2281 1195 2362 ἐπιθυμοῦν
1218 2303 1291 2349 τινος
1313 2281 1362 2343 καὶ
1386 2278 1509 2364 μηδέπω

257 2380 327 2467 ἔχον
350 2383 420 2446 αὐτὸ
443 2389 493 2447 τοῦ
510 2383 629 2468 ἔχοντός
652 2385 747 2447 τεκαὶ
770 2383 902 2453 συνόντος
919 2383 1011 2466 αὐτῷ,
1034 2381 1080 2467 εἴη
1105 2381 1138 2444 ἀν
1162 2383 1209 2446 καὶ
1232 2382 1407 2466 ἡέπιθυμία
1423 2382 1510 2445 πλέον

257 2485 415 2568 ἀφεστῶσα
443 2492 494 2569 τὴς
517 2488 625 2570 ἡδονὴς
652 2491 704 2568 τῆς
727 2487 884 2570 ἐνεργείας,
911 2484 958 2570 ἐφ’
987 2481 1007 2567 ἡ
1032 2487 1051 2567 ἡ
1075 2485 1180 2568 ἡδονὴ·
1213 2486 1232 2568 ἡ
1258 2486 1309 2568 μὲν
1335 2486 1390 2569 γὰρ
1413 2481 1512 2568 ἔφεσίς
1527 2498 1557 2541 10

204 2605 238 2653 ‘20
257 2588 333 2650 ἐστιν
361 2589 477 2671 ἡδονῆς,
505 2595 541 2670 τῇ
566 2587 591 2651 δ’
620 2588 749 2672 ἐνεργείᾳ
776 2590 904 2652 σύνεστιν
933 2589 1024 2671 ἡδονὴ
1048 2589 1096 2650 καὶ
1122 2587 1348 2671 παρακολουθεῖ.
1387 2584 1457 2650 ὥστ’
1487 2587 1512 2649 εί

253 2694 316 2758 ταῖς
339 2690 502 2772 ἐπιθυμίαις
527 2693 751 2780 συνδιαιροῖνται
778 2693 808 2753 αί
831 2691 948 2774 ἡδοναί,
977 2690 1050 2752 πολὺ
1077 2688 1111 2752 ἀν
1136 2692 1245 2770 μᾶλλον
1272 2693 1335 2758 ταῖς
1358 2688 1513 2772 ἐνεργείαις

256 2794 469 2875 συνδιαιροῖντο.
515 2792 700 2874 ὡμολόγηται
724 2793 756 2855 δὲ
779 2798 835 2855 τῶν
859 2793 1025 2876 ἐνεργειῶν,
1052 2790 1100 2875 ἐφ’
1127 2792 1174 2861 αῖς
1196 2792 1225 2854 αἱ
1249 2791 1361 2874 ἡδοναί,
1384 2791 1435 2860 τοῖς
1459 2792 1511 2873 μὲν
1527 2806 1555 2848 1⁸

257 2894 329 2957 εἶναι
352 2896 482 2978 αίρετοίς,
510 2895 560 2963 τὰς
588 2896 619 2957 δὲ
647 2897 782 2978 φευκτάς.
829 2895 872 2959 ότι
899 2893 925 2958 δ’
954 2896 1057 2958 οἰκεῖαι
1083 2898 1144 2963 ταῖς
1172 2894 1325 2978 ἐνεργείαις
1350 2895 1381 2957 αί
1409 2895 1513 2978 ἡδοναὶ

257 2995 303 3079 ἐφ’
324 2998 370 3065 αῖς
393 2997 527 3078 γίνονται,
551 2998 597 3060 καὶ
622 3000 730 3079 ὁμοίως
752 3003 814 3068 ταῖς
837 2999 991 3082 ἐνεργείαις
1014 2999 1062 3061 καὶ
1084 2998 1169 3061 αὐταὶ
1192 2995 1255 3060 κατ’
1276 2996 1353 3065 είδος
1375 2997 1513 3079 ἀλλὴλων

203 3119 235 3168 ‘25
256 3099 451 3183 διαφέρουσιν,
479 3100 526 3161 καὶ
550 3099 583 3162 οὐ
608 3100 694 3182 μόνον
721 3106 764 3183 τῷ
788 3102 834 3163 ἐπὶ
858 3100 1061 3184 διαφερούσαις
1082 3101 1212 3182 γίνεσθαι
1235 3099 1389 3183 ἐνεργείαις
1411 3100 1430 3182 ἡ
1453 3099 1514 3161 δια·

258 3202 334 3285 φορὰ
357 3199 456 3270 αὐταῖς
482 3202 502 3283 ἡ
530 3202 602 3283 πρὸς
629 3203 771 3285 ἀλλήλας,
800 3205 887 3285 δὴλον
911 3203 944 3264 ἐκ
970 3207 1022 3265 τοῦ
1047 3204 1086 3285 μὴ
1111 3202 1252 3264 δύνασθαι
1280 3202 1333 3284 τὴν
1360 3199 1407 3264 ἐπ’
1435 3200 1558 3284 ἀλληκυ

257 3305 310 3367 τινὶ
337 3303 464 3387 ἐνεργείᾳ
490 3304 599 3386 ἡδονὴν
626 3302 673 3366 ἐπ’
702 3303 778 3387 ἄλλη
805 3303 950 3385 γενέσθαι.
996 3309 1038 3390 τῷ
1066 3304 1121 3388 γὰρ
1149 3306 1276 3386 σώφρονι
1305 3304 1335 3366 αἱ
1362 3309 1420 3366 τῶν
1447 3303 1515 3366 ἀκο·

257 3408 371 3468 λάστων
394 3405 533 3488 ἐνέργειαι
556 3404 589 3467 οὐ
614 3406 700 3488 μόνον
723 3407 778 3469 εἰσὶ
802 3407 932 3489 φευκταί,
956 3406 1031 3469 ἀλλά
1055 3406 1101 3468 καὶ
1126 3405 1236 3488 ἀηδεῖς,
1260 3407 1300 3474 ῶς
1323 3409 1375 3488 τὴς
1396 3401 1443 3468 ἐπ’
1465 3404 1514 3468 αθ·

258 3513 295 3589 ιγ]
319 3509 426 3591 ἡδονὴς
454 3507 560 3575 οἰκείας
588 3506 676 3591 οὔσης
704 3512 765 3577 ταῖς
792 3508 947 3590 ἐνεργείαις
974 3511 1022 3571 καὶ
1049 3507 1306 3591 συνδιαιρουμένης
1333 3506 1443 3576 αὐταῖς.
1490 3509 1517 3572 εί
1530 3525 1559 3567 ει

205 3631 238 3679 30
257 3611 310 3693 γὰρ
335 3611 374 3692 μὴ
399 3608 477 3672 τοῦτ’
507 3609 551 3693 ἡν,
580 3611 663 3673 οὐδὲν
693 3609 727 3672 ἂν
751 3611 878 3674 ἐκώλυεν
901 3611 952 3679 τὰς
975 3613 1026 3689 μὲν
1052 3610 1056 3693 λ
1081 3611 1223 3693 ἐνεργείας
1250 3610 1378 3694 φευκτάς
1400 3609 1499 3680 αὐτοῖς
1523 3619 1571 3676 231

258 3713 341 3787 εἶναι,
365 3713 471 3795 ἡδονὴν
496 3713 591 3793 μέντοι
615 3715 662 3776 καὶ
679 3717 737 3782 τοῖς
754 3698 899 3796 σώφροσιν
922 3713 1011 3782 αὐτοῖς
1034 3713 1140 3798 φέρειν.
1179 3710 1222 3775 ἐτι
1244 3714 1270 3776 εί
1291 3714 1321 3776 αἱ
1345 3711 1391 3775 ἐπ’
1412 3711 1517 3784 ἄλλαις

208 3955 277 4007 Ιδεῖ
295 3953 323 4006 τό
341 3959 408 4026 τηε
518 3953 568 4004 l.‘2
587 3952 697 4005 sortasse
718 3954 769 4016 (τὸ)
788 3953 886 4025 αἱρετόν
992 3953 1089 4026 αἱρετὸν
1109 3958 1258 4021 suspectum
1277 3956 1321 4019 sp.
1428 3954 1573 4024 δόμοιοιι·

206 4042 288 4099 δεῖςιι
378 4039 585 4110 ἐδτι-ἡδοναί
603 4042 697 4108 repetit
715 4045 736 4093 B
756 4045 800 4108 Sp.
890 4039 989 4110 όαθτη
1009 4061 1025 4093 ιι
1115 4041 1178 4110 Ἱὴ]
1198 4043 1214 4111 ἡ
1234 4061 1250 4093 ιι
1338 4041 1453 4095 9ταυτα
1471 4062 1488 4096 ιι

207 4128 338 4196 ἐπιθυμίας
357 4131 401 4194 Sp.
511 4130 538 4179 λλ
563 4128 703 4199 διαφοροίιι
814 4128 843 4181 13
863 4127 990 4182 οὕτωθῖι
1010 4129 1039 4181 οδ
1058 4147 1110 4181 τιον
1129 4130 1178 4180 V¹=
1198 4127 1281 4182 οθτιον
1301 4130 1349 4182 8¹:
1373 4129 1459 4183 αὐτῶν
1479 4134 1572 4187 (ἰὸίίῖι

207 4216 330 4272 ῶσα·ἰτιος
348 4216 431 4267 S²B²a
450 4218 494 4282 Sp.
606 4217 636 4268 14
656 4215 832 4285 συνδιαιροῖντο
852 4217 898 4268 W:
928 4215 971 4268 οὖν
991 4214 1121 4286 διαιροῖντο
1142 4216 1306 4269 V¹B¹GS'F:
1335 4216 1468 4285 διαιροῖντο
1487 4218 1573 4272 s²ss²a

207 4307 250 4372 Sp.
362 4304 392 4355 15
412 4303 437 4354 αί
456 4309 516 4356 aute
535 4302 622 4373 ἡδοναὶ
641 4305 700 4356 add.
721 4308 759 4358 Ga
780 4307 824 4370 Sp.
935 4305 964 4355 17
989 4304 1010 4355 εί
1030 4303 1069 4354 ἐπὶ
1087 4302 1162 4355 πλέον
1182 4305 1222 4357 SF
1329 4304 1364 4356 20
1381 4302 1575 4373 παρακολουθεῖ

207 4411 222 4444 ιι
241 4395 298 4458 Sp.:
317 4392 363 4460 γὰρ
383 4389 520 4443 ἀκολουθεῖ
539 4391 598 4443 libri
689 4391 721 4442 22
742 4390 914 4461 ὡμολόγηται]
934 4390 1091 4460 ὁμολογεῖται
1110 4409 1125 4442 ιι
1144 4393 1188 4457 Sp.
1290 4391 1323 4444 23
1342 4394 1387 4452 τὰς
1405 4406 1456 4443 om.
1474 4411 1491 4444 a

207 4501 268 4564 post
291 4496 408 4564 φευκτάς,
439 4495 497 4546 add.
522 4495 586 4547 ὥστε
610 4497 653 4547 καὶ
671 4497 696 4547 αἰ
720 4495 805 4564 ἡδοναὶ
824 4501 936 4547 τοιαῦται
954 4495 989 4547 Β“”
1114 4495 1147 4547 24
1176 4495 1249 4548 αδταὶ
1267 4513 1284 4548 ο
1301 4499 1358 4564 Spa
1386 4483 1460 4550 αόταί
1478 4500 1518 4552 sic
1538 4504 1570 4551 V:

208 4581 281 4634 αθται
299 4586 338 4634 SF
463 4582 496 4634 '28
524 4584 601 4650 μόνον
621 4585 675 4636 sive
695 4584 771 4651 μόνον
790 4583 819 4635 οὔ
838 4586 905 4636 coni.
925 4589 968 4650 Sp.
1095 4584 1136 4636 28.
1156 4584 1189 4636 ‘29
1218 4584 1282 4655 αὐτῇ
1302 4586 1407 4652 scripsit
1435 4586 1518 4656 αθτὴσ
1538 4592 1570 4639 V:

208 4669 293 4727 αὑταῖς
313 4672 395 4723 GFsa
413 4672 457 4737 Sp.
565 4670 596 4722 31
618 4671 655 4722 ἐτι
674 4672 695 4722 εί
717 4671 742 4722 αἱ
761 4671 904 4723 Schwartz:
929 4671 1013 4724 ἕπεται
1032 4674 1066 4723 V¹
1088 4669 1152 4737 (V‘²?
1172 4674 1200 4724 in
1220 4688 1284 4740 mg.:
1308 4690 1345 4742 γρ.
1364 4672 1417 4725 ἐπεὶ
1436 4674 1462 4725 αί
1480 4691 1508 4743 γε
1527 4671 1568 4726 ἐπ’

208 4755 304 4821 ἄλλοις)
319 4757 444 4810 S¹FB¹G:
464 4759 485 4810 εί
503 4757 529 4810 δὲ
548 4758 573 4808 αἱ
586 4756 653 4809 8²8²
671 4759 709 4822 (in
729 4774 779 4826 mg.
799 4758 872 4810 addit
891 4754 969 4810 ἔπειτ’
990 4759 1015 4810 αί
1027 4760 1069 4825 S²)
1089 4762 1145 4825 Sp.:
1169 4760 1189 4811 εί
1208 4758 1234 4810 δὲ
1255 4761 1279 4810 αί
1298 4755 1379 4813 ἔπειθ’
1394 4761 1418 4812 αἱ
1438 4779 1454 4812 ιι
1473 4757 1569 4827 (ἔπειθ’

208 4843 234 4894 al
253 4844 348 4896 lineola
367 4845 496 4898 subducta
514 4847 563 4898 del.
583 4841 681 4912 view)
