3540 5610
198 320 259 383 1⁵20
516 318 719 372 ALEXANDRI
743 319 786 370 DE
811 318 920 371 ANfflA
944 318 1033 371 LIBRI
1058 317 1230 372 MANTISSA

249 492 321 575 πρὸς
343 494 375 555 τὸ
398 491 470 555 εἶναι
492 492 619 575 ἐνεργείογ
646 490 712 554 τάδε
734 515 760 554 τι
781 493 829 555 καὶ
850 496 902 554 τοῦ
928 492 958 554 ἐν
985 487 1010 576 ᾦ
1038 491 1149 573 λέγεται
1177 490 1249 553 εἶναι
1277 490 1369 575 χωρὶς
1390 489 1493 560 εἴδους.

219 599 225 612 “
251 595 298 658 διὰ
319 599 402 658 τοῦτο
425 599 492 678 γοῦν
514 595 583 658 οὐδὲ
604 596 623 678 ἡ
646 595 700 678 ῦλη
723 593 797 677 αὑτὴ
821 593 888 656 καθ’
909 594 998 677 αὑτὴν
1022 593 1178 657 ὑπόστασιν
1201 591 1279 678 ἔχειν
1302 593 1428 667 δύναται,
1452 591 1496 654 δτι

251 698 373 780 μηδέπω
396 698 429 760 τὸ
451 697 528 767 εἶδός
550 698 625 761 ἐστιν
649 698 679 760 ἐν
694 696 781 780 αὐτῇ.
816 697 936 760 ἕκαστον
959 696 1011 779 γὰρ
1033 701 1091 758 τῶν
1112 694 1201 758 ὄντων
1225 695 1297 779 μετὰ
1319 694 1413 764 εἴδους
1435 694 1497 758 ἐστὶ

249 799 317 863 τάδε
339 825 374 863 τι.
419 801 492 864 κατὰ
513 801 567 884 γᾶρ
589 800 622 862 τὸ
645 799 721 868 εἶδος
743 804 799 862 πᾶν
820 800 881 863 ἐστι
907 803 991 862 τοῦτο
1014 798 1030 860 ὃ
1053 798 1174 880 λέγεται.
1219 799 1296 862 ὥστε
1318 797 1371 861 οῦκ
1394 796 1427 860 ἄν
1449 795 1496 881 εἴη

223 903 280 966 υέν
304 902 485 987 ὑποκειμένῳ
512 908 550 986 τῇ
575 902 630 985 ὕλη
658 902 691 965 τὸ
718 902 837 987 φυσικὸν
860 902 945 971 εἶδος.
988 903 1022 964 τὸ
1045 902 1171 986 μὲνγὰρ
1199 903 1272 965 κατὰ
1298 901 1404 986 τέχνην
1425 899 1498 983 γινὺ·

251 1030 334 1089 μενον
357 1005 433 1074 εἶδος
455 1005 485 1067 ἐν
508 1004 690 1088 ὑποκειμένῳ
720 1006 781 1069 ἐστὶ
803 1010 846 1090 τῷ
872 1007 939 1070 τάδε
960 1029 986 1068 τι
1006 1004 1078 1068 εἶναι
1100 1006 1148 1069 καὶ
1175 1005 1251 1074 εἶδος
1274 1002 1353 1090 ἔχειν
1374 1005 1407 1067 τὸ
1431 1004 1498 1066 ὑπο-
1511 1019 1540 1061 σε

250 1111 390 1192 κείμενον,
414 1108 492 1177 ιὺςὺ
514 1108 644 1192 τεχνίτης
665 1109 699 1182 τὸ
722 1109 851 1193 τεχνικὸν
875 1107 950 1177 εἶδος
972 1109 1087 1190 ἐμποιεῖ
1108 1131 1138 1170 τε
1161 1109 1209 1171 καλ
1231 1108 1418 1192 περιτίθησιν.
1452 1106 1498 1170 οῦ·

251 1212 311 1275 κέτι
334 1213 366 1275 δὲ
388 1211 421 1274 τὸ
443 1211 564 1296 φυσικὸν
593 1210 670 1278 εἶδος
691 1209 751 1273 οἴὺν
775 1235 806 1273 τε
828 1211 921 1280 οὕτως
947 1211 1024 1276 εἶναι,
1045 1211 1075 1273 ἐν
1099 1217 1134 1295 τῇ
1164 1211 1227 1294 ὕλη.
1241 1211 1343 1294 λέγειν.
1387 1209 1497 1291 οὐγὰρ

252 1314 319 1378 τόδε
341 1339 367 1376 τι
389 1313 457 1376 οῦδὲ
480 1312 607 1396 ἐνεργείᾳ
630 1313 815 1395 ὑποκείμενον
838 1314 857 1396 ἡ
881 1315 935 1398 ὑλη
958 1284 1027 1377 καθ’
1052 1315 1152 1399 αὑτήν.
1197 1315 1223 1378 εἰ
1245 1312 1294 1378 οὑν
1317 1314 1350 1386 τὸ
1374 1313 1424 1397 μὲν
1448 1336 1499 1396 φυ-

212 1435 237 1479 10
251 1419 330 1482 σικὸν
353 1416 429 1486 εἶδος
451 1415 504 1478 οὑκ
526 1415 556 1477 ἐν
574 1416 765 1501 ὑποκειμένῳ,
788 1416 836 1479 καὶ
858 1418 976 1501 ἡψυχὴ
1000 1418 1032 1481 δὲ
1046 1418 1166 1501 φυσικὸν
1189 1417 1274 1495 εἶδος,
1297 1414 1351 1479 οὑκ
1373 1414 1407 1478 ἄν
1430 1414 1499 1478 οὑδὲ

252 1525 271 1606 ἡ
295 1521 376 1606 ψυχὴ
400 1519 429 1582 ἐν
446 1517 628 1602 ὑποκειμένῳ
651 1516 707 1599 εἴη.
741 1517 775 1580 οὑ
798 1520 851 1602 γάρ
874 1519 950 1581 ἐστιν
972 1521 1093 1605 ἡψυχὴ
1117 1521 1146 1582 ἐν
1170 1523 1283 1599 σώματι
1306 1519 1406 1587 ἁπλῶς
1426 1541 1500 1600 γινο-

253 1625 340 1709 μένη,
363 1614 427 1686 ἔπελ
450 1620 502 1684 κᾶν
526 1621 555 1683 ἐν
581 1622 664 1683 παντὶ
689 1622 802 1702 σώματι
823 1621 945 1703 ἐγίνετο,
974 1624 1118 1686 ὥστεκαὶ
1142 1623 1172 1685 ἐν
1194 1628 1254 1691 τοῖς
1267 1622 1394 1697 ἁπλοῖς,
1421 1619 1499 1702 πυρί,

252 1727 331 1811 άέρι,
361 1726 456 1799 ὕδατι,
483 1728 535 1806 γῇ·
570 1727 653 1786 τοῦτο
682 1724 714 1786 δὲ
741 1722 890 1787 ἄὸὺνατον.
934 1723 994 1788 ἀλλ’
1026 1722 1101 1787 ἔστιν
1131 1725 1318 1809 ὑποκείμενον
1344 1724 1426 1809 αὐτῷ
1451 1725 1498 1787 καὶ
1513 1739 1542 1781 ιυ

202 1912 206 1919 ι
253 1831 307 1913 ὕλη
330 1831 363 1893 τὸ
386 1828 534 1912 ὀργανικὸν
559 1830 660 1909 σῶμα,
692 1824 797 1890 δοῦτε
825 1830 880 1911 πρὸ
908 1833 957 1891 τοῦ
980 1829 1030 1911 τὴν
1053 1828 1150 1912 ψυχὴν
1179 1824 1256 1911 ἔχειν
1279 1825 1340 1890 οἷὺν
1365 1850 1397 1910 τε
1418 1828 1501 1909 ὸργα·

213 1950 238 1993 15
251 1933 328 1996 νικὸν
351 1931 437 2004 εἶναι,
467 1928 533 1993 οὔτε
555 1930 702 2014 άποβαλὸν
729 1930 781 2012 τὴν
804 1933 903 2016 ψυχὴν
930 1930 1078 2014 ὀργανικὸν
1105 1927 1155 1992 ἔτι.
1200 1929 1283 1992 οὐδὲν
1309 1929 1363 2013 γάρ
1386 1929 1501 2014 ἄψυχον

254 2041 341 2119 σῶμα
364 2032 523 2118 ὀργανικὸν.
557 2032 611 2095 οὑκ
633 2031 689 2115 ἄρα
711 2029 771 2096 ἔστι
795 2035 891 2118 λαβεῖν
915 2035 962 2097 διὰ
984 2037 1068 2095 τοῦτο
1090 2031 1162 2116 ἐνῴ
1186 2032 1261 2096 ἐστιν
1285 2034 1412 2117 ηψυχή.
1449 2032 1501 2094 σὸν

253 2139 307 2225 γὰρ
323 2137 414 2219 ταύτῃ
438 2135 469 2199 δν
486 2134 645 2220 δργανικὺν,
669 2138 709 2203 ὡς
732 2135 900 2221 ὑμὺλιβδυς
922 2136 1026 2219 σὐντγ]
1051 2136 1197 2220 βαρὺτητι.
1234 2132 1293 2198 ἀλλ’
1315 2134 1381 2198 οὔτε
1396 2135 1429 2198 τὸ
1444 2140 1501 2217 πῦρ

253 2242 283 2304 ἐν
306 2245 349 2325 τῷ
362 2239 495 2323 Ιἄνθρακι
522 2241 563 2305 ὡς
588 2237 618 2298 ἐν
646 2237 837 2322 ὑποκειμένῳ.
882 2239 915 2301 τὸ
942 2240 994 2321 μὲν
1021 2239 1074 2322 γὸρ
1098 2241 1221 2321 πρώτως
1248 2239 1295 2301 καλ
1318 2239 1422 2321 κυρίως
1445 2242 1501 2321 πῦρ

254 2343 407 2427 λεγόμενον
427 2342 481 2406 οῦκ
503 2339 578 2404 ἔστιν
601 2340 630 2435 έν
647 2344 689 2424 τῷ
713 2338 835 2423 ἄνθρακι
856 2341 925 2404 υδὸὲ
947 2343 976 2405 ἐν
993 2343 1068 2426 ξύλῳ
1092 2341 1110 2423 ἦ
1131 2340 1207 2423 ἄλλη
1231 2342 1283 2403 τινὶ
1304 2341 1422 2424 τοιαύτη
1445 2341 1501 2422 ῦλη

213 2444 335 2529 ευ(καθ’
356 2447 429 2509 αὑτὸ
451 2444 505 2528 γὰρ
526 2446 546 2526 ἡ
569 2441 725 2511 ὑπόστασις
748 2443 859 2528 ἐκείνῳ,
883 2445 981 2528 ὥσπερ
1004 2444 1067 2528 άέρι
1089 2467 1120 2506 τε
1140 2445 1188 2506 καὶ
1209 2450 1248 2526 γῇ
1272 2445 1320 2507 καὶ
1343 2443 1447 2526 ὑδατι),
1469 2444 1502 2505 τὸ
1516 2459 1543 2502 ου

254 2553 286 2615 δὲ
309 2548 468 2614 διακονικὸν
491 2552 548 2632 πῦρ
574 2547 606 2608 τὸ
629 2551 681 2629 τῆς
703 2542 769 2629 παρ’
797 2546 866 2629 ἡμῖν
895 2546 965 2630 ῦλης
988 2546 1123 2630 δεόμενον
1150 2547 1217 2610 οὐδὲ
1239 2546 1310 2610 αὐτὸ
1338 2548 1368 2610 ἐν
1391 2547 1502 2610 ὑποκει·

231 2653 353 2736 ,μένοις
373 2658 431 2721 τοῖς
454 2651 547 2720 ξύλοις
568 2649 643 2713 ἐστὶν
667 2649 686 2731 ἦ
707 2653 749 2732 τῷ
773 2647 905 2731 ἄνθρακι,
928 2648 988 2712 ἄλλ’
1009 2647 1084 2713 ἔστιν
1107 2651 1215 2713 τούτων
1236 2650 1356 2714 ἕκαστον
1381 2651 1435 2734 ὑλη
1458 2656 1500 2734 τῷ

229 2836 231 2841 Ι
255 2756 330 2840 πυρί.
376 2753 424 2817 ὑτε
445 2754 499 2836 γὰρ
523 2751 729 2836 πῦρ-γέγονεν,
753 2749 806 2814 οὑκ
828 2750 936 2835 ἄνθραξ
959 2752 1034 2815 ἐστὶν
1057 2751 1099 2814 ἔτι
1122 2752 1190 2816 οὐδὲ
1213 2753 1305 2829 ξύλον,
1328 2753 1403 2816 ἄλλά
1425 2753 1501 2836 ἑνερ·

251 2859 317 2943 ’γείηι
339 2859 391 2940 μὲν
414 2861 470 2939 πῦρ
493 2856 568 2918 ἐστιν
591 2853 671 2929 τότε,
699 2855 819 2935 δυνάμει
846 2855 878 2916 δὲ
900 2853 1022 2938 ἄνθραξ,
1051 2859 1106 2930 ὡς,
1134 2855 1165 2918 εἴ
1182 2879 1214 2937 γε
1237 2856 1272 2941 ἧν
1295 2855 1359 2921 τότε
1382 2855 1502 2939 ἄνθραξ,

213 2963 289 3048 κυῆν
312 2961 346 3025 ἄν
369 2962 399 3023 ἐν
422 2942 604 3041 ὑποκειμένῳ
629 2957 710 3041 αὑτῷ
740 2957 773 3018 τὸ
796 2960 863 3040 πῦρ.
907 2956 951 3019 ὅτι
974 2959 1005 3020 δὲ
1029 2958 1082 3021 οὑκ
1104 2957 1179 3023 ἔστιν
1207 2957 1331 3042 ἄνθραξ,
1358 2960 1446 3042 δῆλον
1469 2958 1502 3021 ἐκ

254 3070 305 3129 τοῦ
329 3064 369 3147 μὴ
393 3060 470 3147 ἔχειν
493 3061 564 3124 αὐτὸ
592 3060 699 3123 τὸτοῦ
726 3058 871 3142 ἄνθρακος
902 3059 968 3123 ίδια.
1013 3062 1045 3123 τὸ
1069 3062 1101 3124 δὲ
1123 3059 1192 3146 ἔχον
1220 3061 1249 3123 ἐν
1273 3061 1463 3146 ὑποκειμένῳ·
1479 3084 1505 3122 τι

254 3169 307 3251 τὴν
330 3166 436 3229 οἰκείαν
458 3165 606 3247 φυλάσσον
628 3162 727 3226 υὺσίαν
754 3159 932 3246 ἔχειτοῦτο.
978 3165 1019 3231 ίυς
1039 3162 1093 3247 γὰρ
1117 3165 1132 3226 ὑ
1155 3164 1214 3248 ἀὴρ
1240 3164 1270 3233 ἐξ
1294 3164 1395 3233 ὕδατος
1418 3189 1502 3248 μετα·
1516 3179 1545 3221 τυ

256 3271 370 3355 βάλλων
394 3269 511 3347 δυνάμει
540 3267 591 3349 μὲν
614 3267 690 3347 ὕδωρ
713 3264 803 3339 ἐστίν,
826 3265 952 3347 ἐνεργείᾳ
982 3265 1014 3328 δὲ
1036 3265 1070 3328 οὔ
1097 3265 1160 3346 (διὰ
1183 3270 1265 3329 τοῦτο
1292 3265 1354 3329 οὐδ’
1382 3267 1412 3329 έν
1436 3267 1503 3329 ὑπο-

255 3371 380 3456 κειμένῳ
403 3375 446 3454 τῷ
469 3369 549 3432 ὑδατι
572 3371 587 3433 ὸ
610 3368 693 3451 ἀήρ),
715 3368 807 3436 οὑτως
829 3367 897 3429 οὐδὲ
920 3368 936 3429 ὑ
957 3366 1065 3451 ἄνθραξ
1088 3373 1143 3453 πῦρ
1165 3368 1316 3451 γενόμενος
1339 3369 1368 3431 ἐν
1391 3370 1508 3433 ὑποκει-“

215 3475 335 3559 συμένῳ
363 3473 444 3559 αὐτῷ
473 3473 505 3535 τὸ
533 3476 588 3553 πῦρ
616 3470 672 3539 ἕξει
699 3468 800 3553 μηκέτ’
829 3468 937 3553 ἄνθραξ
969 3469 1071 3553 μένων.
1121 3470 1188 3534 οὔτε
1214 3472 1268 3554 γὰρ
1286 3472 1324 3535 έν
1351 3472 1445 3556 τούτῳ
1474 3472 1505 3534 ἐν

256 3578 439 3662 ὑποκειμένῳ
462 3574 552 3651 ἔσται,
576 3573 592 3636 ὃ
616 3574 645 3636 ἐν
668 3578 711 3657 τηῦ
735 3577 783 3635 νῦν
806 3571 931 3635 τὸεῖναι
953 3570 1026 3657 ἔχει,
1049 3573 1117 3636 οὐδὲ
1139 3574 1168 3636 ἐν
1191 3575 1293 3659 ἐκείνῳ
1316 3573 1332 3636 ὃ
1355 3575 1410 3657 πρὸ
1432 3580 1484 3638 τοῦ
1507 3590 1557 3635 mr

258 3685 309 3767 μὲν
332 3682 368 3767 ἧν
390 3678 514 3761 ἄνθραξ,
541 3681 590 3739 νῦν
613 3677 645 3739 δὲ
667 3681 717 3738 τοῦ
740 3676 828 3758 πυρὸς
852 3675 881 3737 ἐν
905 3675 985 3760 αὑτῷ
1007 3675 1161 3759 γενομένου
1185 3677 1287 3760 μηκέτι
1310 3677 1400 3749 ἐστίν,
1430 3679 1505 3742 ἄλλᾶ

257 3784 407 3870 ἔφθαρται.
427 3866 432 3876 Φ
453 3778 630 3864 σημειωτέον
654 3778 697 3842 ὅτι
716 3777 919 3863 Ἀριστοτέλης
945 3780 996 3862 τὴν
1020 3779 1103 3863 φύσιν
1130 3779 1207 3847 εἶδος
1229 3778 1316 3844 οὑσαν
1340 3780 1370 3843 ἐν
1393 3781 1505 3844 ὑποκει-

205 4008 220 4059 6
238 4006 268 4059 τὸ
280 4022 330 4058 om.
342 4005 365 4057 K
437 4003 452 4055 ’1
471 4001 518 4071 ὡς]
531 4001 640 4054 fortasse
654 3997 675 4072 ιβ
751 4000 781 4052 16
800 4001 843 4053 σὺν
857 4001 902 4071 γὰρ
914 3999 992 4071 ταὺτη
1008 4000 1035 4053 ὸν
1049 4000 1191 4074 ὀργανικὸν]
1211 4001 1243 4054 cs.
1257 4002 1391 4066 5‚10‚nisi
1405 4004 1560 4057 exciderunt

195 4094 329 4163 „quaedam
349 4095 409 4161 post
428 4090 548 4163 βαρύτητι
646 4090 676 4142 17
696 4087 766 4157 οὔτε]
785 4088 894 4141 fortasse
912 4087 978 4152 οὑὸὲ,
995 4088 1040 4141 συθ
1058 4090 1090 4142 cf.
1111 4106 1134 4141 v.
1148 4088 1178 4141 31
1191 4091 1251 4142 adn.
1354 4091 1386 4144 18
1404 4091 1430 4142 ὲν
1450 4106 1500 4144 om.
1520 4093 1561 4145 Ka

207 4183 238 4234 19
258 4178 419 4250 τῳξὺλῳΚ
490 4179 523 4231 22
542 4176 623 4238 ξὺλοις
635 4178 670 4229 m¹
689 4178 718 4229 in
731 4191 811 4244 marg.
825 4174 918 4234 ὑλικοῐς
936 4177 965 4228 in
978 4177 1090 4229 text.V:
1109 4176 1203 4235 ὑλικοῖς
1221 4178 1262 4229 Ka
1333 4177 1366 4230 *24
1385 4176 1442 4230 τότε
1455 4193 1505 4230 om.
1520 4180 1560 4231 Ka

1006 4265 1024 4298 π

205 4300 311 4392 ἄνθραξ]
330 4320 360 4373 ἄν
379 4321 407 4373 in
426 4320 497 4372 lit..v
598 4319 631 4371 26
650 4338 674 4372 τι
693 4319 746 4370 Ka:
764 4319 812 4369 τινὶ
832 4318 852 4368 V
953 4317 984 4369 31
1005 4265 1052 4369 νῦὺ
1067 4317 1110 4386 (πρ
1129 4324 1179 4370 νει.
1199 4330 1267 4370 ποτε·
1282 4335 1361 4386 supra
1379 4318 1437 4385 lin.)
1455 4320 1491 4370 V:
1511 4324 1561 4391 πῦρ

205 4411 259 4462 Ka:
277 4409 387 4462 fortasse
405 4408 489 4478 πυρὶ;
511 4407 537 4459 ἐν
555 4405 638 4476 τοὺτῳ
658 4408 726 4460 onim
745 4406 780 4474 (ν.
791 4405 837 4472 30)
855 4421 913 4457 cum
933 4405 964 4457 ad
977 4406 1114 4458 carbonem
1134 4406 1219 4458 referri
1234 4406 1335 4470 debeat,
1353 4407 1471 4473 sequitur
1487 4411 1518 4458 ut
1537 4406 1562 4458 ὸν

206 4498 294 4564 ἐκείνῳ
314 4497 348 4561 (ν.
360 4494 405 4560 31)
428 4495 525 4546 dictum
549 4495 584 4546 sit
606 4494 637 4546 de
655 4495 720 4562 igni.
757 4510 849 4547 sensus
869 4498 953 4545 autem
973 4500 1024 4544 est:
1046 4511 1120 4558 neque
1140 4496 1164 4543 in
1184 4496 1285 4543 carbone
1305 4491 1340 4551 ὡς
1358 4493 1384 4545 ἐν
1402 4492 1560 4563 ὑποκειμένῳ

207 4602 259 4633 me
278 4584 310 4644 ι’ά,
329 4583 398 4632 cuius
417 4593 506 4631 natura
524 4584 548 4631 ιἰι
567 4583 618 4648 ι’ριιί
630 4584 714 4650 posita
732 4596 769 4633 ese
787 4581 811 4649 (δ
830 4581 856 4634 ἐν
874 4585 911 4651 τῳ
930 4581 987 4650 πυρὶ
1005 4579 1034 4632 τὸ
1052 4580 1112 4632 εἶναι
1131 4579 1184 4653 ἕχει
1202 4579 1235 4632 cf.
1254 4579 1283 4631 τὸ
1301 4579 1326 4631 δὲ
1346 4580 1372 4631 ἐν
1385 4578 1433 4651 ὑλη
1450 4581 1480 4633 τὸ
1499 4580 1563 4634 εἶναι

206 4670 258 4744 ἔχει
277 4669 366 4736 8815)
390 4687 465 4734 neque
484 4671 508 4719 ιά
527 4670 579 4736 iqui
596 4687 647 4719 esee
670 4669 706 4727 ὡς
724 4669 749 4721 ἐν
768 4668 926 4738 ὑκομειμένῳ
949 4671 1083 4719 carbonem.
1120 4670 1256 4720 carbonem
1280 4671 1367 4719 autem
1390 4669 1429 4721 ita
1452 4670 1562 4721 circum·

207 4759 309 4811 scribit:
337 4758 364 4807 id
381 4752 446 4823 quod
461 4767 533 4807 antea
552 4758 624 4808 carbo
642 4769 703 4818 erat,
723 4774 784 4807 nunc
800 4776 867 4818 vero,
889 4756 929 4806 τιδι’
946 4756 1008 4822 ι’ριιίυ
1026 4757 1050 4805 in
1068 4774 1095 4806 eo
1114 4757 1214 4818 exstitit,
1233 4757 1306 4805 carbo
1325 4772 1377 4804 esse
1395 4756 1467 4807 desiit
1485 4768 1507 4807 et
1526 4758 1562 4807 in·
1652 4788 1658 4797 ·

206 4846 278 4898 teriit.
317 4861 383 4913 quae
401 4860 460 4897 eum
478 4845 516 4896 ita
534 4845 596 4910 sint,
615 4846 710 4911 poterit
728 4845 823 4911 aliquis
842 4843 959 4895 conicere
979 4859 1001 4894 v.
1015 4843 1044 4893 17
1065 4843 1193 4909 excidisse
1211 4847 1270 4910 post
1288 4840 1345 4894 οὔτε
1363 4842 1392 4893 τὸ
1411 4847 1459 4912 πῦρ
1478 4843 1504 4894 ἐν
1523 4847 1563 4912 τῷ

208 4930 325 5002 ἄνθρακα
344 4929 401 4985 οὔθ’
423 4930 436 4984 ὸ
455 4929 593 5004 ἄνθραξιέν
611 4934 650 5002 τῳ
669 4932 727 5004 πυρί
802 4930 835 4983 33
854 4928 1017 4999 σημειωτέον]
1038 4928 1070 4981 τί.
1093 4929 1253 4995 122313131,
1330 4929 1342 4982 ὸ
1362 4929 1520 5002 ἄριστοτέλης
1540 4930 1563 4983 K
