3540 5610
198 279 242 342 ιο
652 226 877 330 ἰιεκιιιοιιι
901 277 945 329 οε
960 277 1077 359 ‚Asini
1153 246 1158 253 ’

253 450 286 511 τδ
309 454 496 535 κυριώτατον.
541 453 570 515 ἐν
593 454 697 535 θερμῷ
724 450 757 514 δὲ
778 450 825 512 καὶ
849 450 927 534 ὑγρῷ
955 451 988 512 τδ
1010 449 1083 512 εἰναι
1106 452 1230 532 μάλιστα
1256 455 1297 534 τιγῑ
1322 446 1403 534 ζῴῳ.
1447 472 1501 511 τοι·
1549 530 1552 535 ἡ

253 556 336 622 οδτος
363 555 395 617 δὲ
418 554 434 616 ό
456 554 521 637 περὶ
549 555 665 637 καρδίαν
692 552 788 620 τόπος.
833 552 912 636 ἀρχὴ
935 552 988 636 γὰρ
1012 553 1086 638 αὕτη
1114 552 1161 616 καὶ
1188 553 1267 636 πηγὴ
1296 555 1346 615 τοῦ
1369 552 1501 635 αἵματος,

253 649 279 741 qi
304 654 552 741 τρεφόμεθα,καί
574 659 625 718 τοῦ
647 655 821 739 πνεύματος,
844 657 934 716 ταῦτα
956 655 988 717 δὲ
1010 656 1082 738 ὑγρά
1103 679 1135 718 τε
1157 655 1205 718 καί
1228 656 1332 739 θερμά.
1377 656 1425 718 καί
1446 678 1501 717 τοι·

254 760 336 826 οὗτος
360 758 412 841 μὲν
435 759 451 821 ό
474 758 568 828 κοινδς
595 763 647 843 τῆς
667 758 835 841 αἰσθήσεως
857 755 950 838 λόγος.
995 756 1059 819 ἐπεὶ
1082 756 1114 821 δέ
1140 757 1201 822 ἐστι
1223 757 1297 843 μέρη
1325 763 1378 842 τῆς
1400 757 1501 840 αἰσθή-

226 873 335 952 οσεως1
352 859 448 935 πέντε,
470 861 518 925 καί
540 858 604 946 ἔχει
620 864 709 923 ταῦτα
731 860 803 943 πρδς
817 857 931 942 ἄλληλα
954 861 1064 942 δμοίως
1078 864 1138 929 τοῖς
1159 865 1212 945 τῆς
1233 858 1382 944 (φυτικῆς)
1403 864 1501 944 ψυχῆς

255 961 370 1045 μέρεσιν
398 962 431 1026 τδ
458 962 573 1048 πρῶτόν
600 986 632 1026 τε
658 964 707 1027 καί
734 963 852 1048 ὕστερον
878 961 922 1044 (ἐν
950 962 982 1024 δὲ
1004 966 1064 1030 τοῖς
1090 962 1182 1033 οὕτως
1207 960 1325 1048 ἔχουσιν
1347 961 1400 1025 οἰικ
1426 960 1500 1046 ivi>

256 1065 349 1134 κοινδς
376 1063 460 1148 λόγος
485 1067 637 1155 γνωρίμως
663 1067 715 1149 τἠν
742 1069 792 1128 τοῦ
820 1062 1008 1148 προκειμένου
1038 1065 1205 1155 πράγματος
1232 1065 1379 1149 σημαίνων
1406 1056 1500 1150 φύσιν,
1517 1081 1543 1123 ιτ

254 1163 313 1228 ἀλλ’
334 1165 394 1230 ἔδει
416 1169 481 1252 περὶ
503 1169 627 1233 ἑκάστου
650 1167 746 1231 αὐτῶν
769 1167 827 1251 ἰδίᾳ
842 1167 989 1230 ποιεῖσθαι
1010 1167 1058 1229 τδν
1073 1166 1158 1250 λόγον
1180 1173 1223 1254 τῷ
1248 1166 1414 1253 βουλομένῳ
1437 1170 1501 1253 περὶ

253 1268 350 1332 αὐτῶν
373 1270 488 1340 οἰκείως
515 1294 546 1335 τε
567 1272 616 1335 καί
638 1275 793 1356 τροσεχῶς
815 1269 936 1352 λέγειν),
964 1271 1011 1332 δεῖ
1030 1270 1078 1332 καί
1104 1271 1152 1333 τδν
1178 1271 1244 1355 περὶ
1269 1270 1436 1354 αἰσθήσεως
1458 1271 1502 1334 λε’·

216 1387 241 1431 10
253 1395 339 1453 γοντα
362 1372 419 1457 ἰδίη
440 1375 506 1458 περὶ
524 1375 648 1438 ἑκάστου
671 1373 775 1457 μέρους
796 1373 896 1435 εἰπεῖν.
931 1372 1005 1457 με’ρη
1028 1373 1061 1435 δὲ
1082 1377 1135 1456 τῆς
1156 1373 1329 1457 αἰσθητικῖης
1350 1374 1502 1456 δυνάμεως

255 1476 332 1559 ἁφή,
355 1479 464 1558 γεῦσις,
488 1475 645 1561 ὄσφρησις,
667 1476 759 1560 ἀκοή,
782 1457 921 1558 όρασιςθ,
945 1472 1018 1559 ὄψις.
1059 1476 1099 1538 ῶν
1122 1477 1141 1558 ἡ
1165 1476 1217 1558 μὲν
1240 1477 1301 1561 ἁφὴ
1324 1480 1382 1539 τῶν
1404 1475 1500 1539 ἄλλων

254 1578 410 1662 χωρίζεται
434 1576 510 1662 (ἔστι
536 1579 568 1642 δὲ
594 1577 700 1664 τρόπον
722 1577 783 1641 τινὰ
811 1577 858 1640 καὶ
886 1601 906 1660 η
928 1581 1024 1659 γεῦσις
1054 1578 1145 1662 ἁφή]
1180 1576 1240 1642 ἔστι
1265 1583 1332 1662 γοῦν
1360 1603 1421 1641 τινα
1443 1584 1500 1641 τῶν

255 1677 351 1765 ζῴων,
375 1681 394 1745 ἃ
414 1683 519 1766 ταύτην
542 1683 598 1766 τὴν
616 1679 751 1764 αἴσθησιν
774 1678 838 1765 ἔχει
861 1679 959 1763 μόνην.
994 1685 1051 1743 τῶν
1074 1680 1107 1743 δὲ
1129 1678 1226 1743 ἄλλων
1249 1680 1311 1744 τινὰ
1333 1681 1501 1765 αἰσθήσεων

254 1782 393 1846 ἀδύνατον
423 1785 557 1868 παρεῖναί
581 1807 633 1848 τινι
656 1785 748 1869 χωρίς
777 1783 864 1866 ἁφῆς.
908 1781 975 1845 οὐδὲ
996 1781 1050 1867 γὰρ
1077 1783 1128 1866 τὴν
1157 1783 1253 1869 ἀρχὴν
1281 1782 1342 1847 οἶόν
1369 1807 1400 1847 τε
1422 1787 1541 1868 (ᾤοντο

215 1902 240 1947 ιο
253 1884 327 1949 εἶναί
347 1909 374 1949 τι
396 1887 488 1971 χωρὶς
518 1887 623 1970 ταύτης
648 1891 702 1970 τῆς
723 1885 900 1969 αἰσθήσεως.
944 1883 1100 1966 μέλλοντας
1126 1886 1158 1948 δὲ
1179 1885 1272 1968 λέγειν
1299 1886 1366 1970 περί
1390 1891 1500 1949 τετῶν

253 1989 432 2074 αἰσθητικῶν
459 1990 609 2072 δυνάμεων
636 1990 685 2052 καὶ
711 1989 776 2073 περὶ
810 1993 866 2049 τῶν
894 1986 1043 2070 ἐνεργειῶν
1070 1992 1128 2049 τῶν
1156 1985 1218 2052 κατ’
1247 1988 1351 2064 αὐτάς,
1381 1989 1445 2052 ἐπεὶ
1472 1991 1501 2053 αί
1565 2068 1570 2075 ·

255 2091 392 2175 ἐνέργειαι
414 2091 511 2155 αὐτῶν
534 2092 659 2174 ἑκάστης
680 2091 803 2173 γίνονται
825 2091 890 2173 περὶ
909 2087 1015 2152 οἰκεῖόν
1037 2113 1064 2152 τι
1082 2091 1232 2175 αἰσθητόν,
1255 2093 1407 2174 ἀναγκαῖον
1430 2092 1501 2176 τρδς

254 2195 306 2278 τὴν
329 2196 455 2278 δήλωσιν
477 2192 573 2270 αὐτῶν
595 2200 709 2279 πρῶτον
732 2190 779 2256 ἐπ’
804 2192 898 2274 ὀλίγον
921 2193 986 2276 περὶ
1008 2198 1065 2255 τῶν
1088 2194 1238 2277 αἰσθητῶν
1260 2194 1415 2279 διαλαβεῖν,
1438 2195 1501 2258 ἐπεὶ

253 2298 392 2380 ὁμοιώσει
413 2295 522 2360 τούτων
543 2297 577 2376 τδ
600 2295 800 2359 αἰσθάνεσθαι.

211 2415 239 2460 ευ
337 2397 476 2463 Καθόλου
500 2399 536 2483 δὴ
564 2403 623 2462 τῶν
644 2398 794 2481 αἰσθητῶν
822 2398 856 2461 τά
883 2398 935 2482 μὲν
957 2395 1024 2461 καθ’
1051 2399 1126 2462 αὑτά
1152 2399 1228 2462 ἐστιν
1250 2399 1387 2483 αἰσθητά,
1410 2401 1446 2463 τὰ
1468 2402 1500 2464 δὲ
1513 2417 1541 2460 ε’»

252 2501 535 2587 κατὰσυμβεβηκός,
557 2503 605 2565 καὶ
620 2505 678 2565 τῶν
693 2499 761 2564 καθ’
781 2500 856 2563 αὑτά
877 2501 1026 2585 αἰσθητῶν
1046 2501 1081 2564 τὰ
1098 2502 1149 2585 μὲν
1166 2501 1223 2585 ἰδία
1239 2502 1348 2587 ἑκάστη
1363 2503 1501 2588 αἰσθήσει

253 2606 329 2669 ἐστὶν
352 2605 479 2688 αἰσθητά
502 2603 591 2685 (ἄλλα
614 2605 664 2687 μὲν
686 2603 740 2695 γὰρ
762 2602 858 2688 ὅψεως
881 2603 938 2668 ἰδια
960 2604 1101 2688 αἰσθητά,
1125 2608 1165 2674 ώς
1187 2603 1223 2667 τὰ
1245 2598 1404 2689 χρώμάτα,
1426 2604 1501 2669 ἄλλα

252 2709 285 2772 δὲ
307 2710 412 2792 ἀκοῆς,
439 2709 480 2775 ώς
501 2705 603 2791 ψόφοι,
634 2705 709 2770 άλλα
731 2707 764 2769 δὲ
786 2707 986 2791 ὀσφρήσεως,Ι
1000 2707 1088 2788 ὀσμαὶ
1115 2708 1184 2792 γάρ,
1212 2698 1288 2770 ἄλλα
1310 2708 1342 2770 δὲ
1363 2690 1499 2790 γεύσεως,

252 2812 344 2896 χυμοὶ
369 2811 438 2894 γάρ,
472 2808 547 2872 ἄλλα
575 2810 607 2871 δὲ
636 2798 727 2893 ἁφῆς,
760 2809 790 2871 αἱ
816 2807 870 2892 γὰρ
898 2809 985 2871 άτταί
1013 2809 1208 2885 ἐναντιώσεις,
1242 2811 1283 2873 ών
1312 2809 1499 2895 θερμότητες,

212 2929 239 2974 νο
252 2913 445 3000 ψυχρότητες,
468 2910 631 2996 ξηρότητος,
654 2909 817 2996 ὑγρότητες,
840 2912 1027 2996 τραχότητες,
1050 2912 1209 2996 λειότητες·
1234 2911 1368 2997 ἔστιγὰρ
1391 2914 1501 3000 ἑκάστη
1515 2932 1543 2975 το

251 3017 391 3102 ἀἰσθήσει
413 3014 554 3098 αἰσθητά,
581 3014 622 3076 ῶν
648 3013 706 3099 οὐχ
734 3012 794 3076 οἷόν
822 3038 853 3076 τε
875 3013 1031 3078 αἰσθέσθαι
1058 3014 1149 3099 άλλην
1175 3015 1238 3079 τινὰ
1264 3015 1401 3100 αἴσθησιν
1428 3017 1495 3082 καθ’
1518 3059 1522 3067 -

201 3206 216 3258 2
245 3187 390 3271 ὑπαίτιος]
410 3179 451 3256 die
469 3203 677 3256 Beschaffenheit
695 3203 741 3254 des
760 3201 864 3255 Gliedes
883 3203 949 3255 llerz
1060 3203 1076 3255 3
1104 3200 1125 3274 ᾧ
1145 3203 1485 3276 τρεφόμεθα-τνεόματος]
1505 3225 1555 3263 νιο-

200 3292 280 3345 durch
300 3293 345 3344 der
363 3292 454 3345 (ἱεῖσι
473 3290 587 3359 (Ηειιοίι)
606 3289 710 3342 ernihrt
728 3289 791 3341 wird
896 3290 977 3360 ὁτῆς
995 3289 1091 3364 ψυχῆς]
1110 3292 1155 3345 der
1172 3293 1296 3345 vitalen
1314 3292 1386 3346 Seele
1491 3296 1556 3350 διὸ

200 3379 301 3452 πρῶτόν
319 3397 346 3431 τε
365 3380 408 3431 καὶ
426 3377 539 3450 ὕστερον]
559 3378 618 3430 dass
637 3376 748 3428 nimiich
768 3375 814 3428 das
832 3379 891 3429 eine
910 3379 953 3430 ein
972 3384 1061 3444 οιείειι,
1080 3380 1126 3432 das
1144 3379 1239 3433 andere
1258 3381 1301 3431 ein
1319 3380 1409 3434 letztes
1428 3383 1463 3434 ist

202 3467 217 3519 7
236 3465 380 3538 γνωρίμως]
400 3481 428 3519 so
447 3467 506 3519 dass
524 3467 563 3518 sie
582 3463 693 3539 οιίιοιιιῃ
710 3463 811 3516 werden
882 3469 927 3516 τοῦ
940 3468 1105 3537 προκειμένου
1118 3464 1274 3539 πράγματος]
1293 3466 1337 3519 des
1351 3467 1557 3545 (iegensiandes,

201 3555 309 3608 welches
328 3553 442 3622 gemeint
459 3555 496 3606 ist
513 3552 610 3605 durch
630 3553 675 3604 sie
694 3552 771 3620 [plur.
791 3551 833 3604 die
852 3552 965 3634 [λίιιροί]
1004 3592 1013 3609 .
1072 3553 1140 3606 8-9
1159 3552 1211 3606 ἀλλ’
1234 3553 1447 3629 ἔδει-τρουιχιῖις
1465 3556 1555 3628 λέγειν]

201 3642 313 3695 sondern
339 3640 484 3710 derjenige‚
506 3639 551 3692 der
569 3639 679 3692 (λειῶδες
702 3640 730 3691 in
753 3640 825 3691 einer
844 3639 913 3692 Rede
937 3641 1014 3693 reden
1040 3642 1103 3706 will,
1127 3642 1272 3694 wodurch
1296 3643 1344 3695 sie
1363 3643 1398 3710 (i)
1417 3644 1557 3698 erkannt

202 3729 323 3782 werden
342 3724 526 3799 (γνωρίμωςί),
543 3727 585 3780 dio
603 3727 673 3779 Rede
692 3726 755 3779 fiber
770 3726 843 3794 jedes
862 3727 985 3780 Einzelne
1004 3736 1113 3782 irennen
1133 3746 1205 3782 muss
1302 3731 1330 3782 ll
1351 3728 1433 3802 ὅρασις
1452 3730 1468 3801 ἢ
1487 3730 1555 3802 όψις]

201 3817 256 3870 und
274 3816 321 3869 das
340 3815 447 3868 Gesicht
508 3806 516 3825 '
554 3813 585 3866 15
604 3813 630 3866 δὲ
648 3829 698 3865 om.
808 3812 908 3865 17-18
927 3813 987 3883 πρὸς
1005 3815 1052 3884 τὴν
1070 3814 1191 3885 δήλωσιν]
1211 3818 1239 3869 in
1258 3818 1328 3870 einer
1346 3818 1495 3885 Belehrung

205 3905 305 3957 18-19
324 3898 585 3969 ἐπεὶ-αἰσθάνεσθαι]
605 3901 638 3952 da
656 3901 698 3953 die
710 3900 925 3969 Wahrnehmung
943 3902 1022 3954 durch
1036 3901 1083 3955 das
1096 3904 1174 3955 ihnen
1187 3904 1290 3957 ihniich
1310 3904 1410 3957 werden
1424 3907 1558 3974 geschieht

201 3991 236 4044 20
254 3989 330 4058 ἐστιν]
350 3991 403 4042 wir
422 4004 532 4057 sagon,
551 3988 610 4040 dass
630 3990 664 4040 ist
750 3987 853 4039 21-23
872 3989 903 4040 τά
921 3988 1092 4060 μὲν-ἀκοῆς]
1112 3991 1171 4043 teils
1190 3990 1340 4059 speeifische
1358 3991 1557 4063 Sinuesobjekie

200 4078 241 4130 fir
256 4078 283 4147 je
295 4079 372 4130 einen
391 4078 436 4129 der
449 4076 540 4141 Sinde,
559 4092 581 4127 z.
591 4076 621 4128 B.
640 4075 681 4129 die
695 4075 891 4144 Sinuesohjecte
910 4076 954 4130 des
968 4075 1087 4129 Gesichis
1107 4076 1165 4129 sind
1186 4079 1238 4131 ihm
1258 4080 1402 4145 specifisch‚
1422 4082 1468 4134 wie
1482 4097 1556 4135 weun

201 4164 236 4216 du
255 4169 335 4234 sagst‚
353 4164 394 4216 die
413 4162 524 4228 δοιδεα,
542 4164 584 4215 die
603 4162 801 4232 Sinnesobjekte
820 4163 865 4215 des
884 4162 983 4216 Gehdrs
1002 4165 1061 4216 sind
1080 4166 1174 4218 andere

201 4319 306 4373 5τέντε
324 4335 341 4370 ε
441 4318 489 4392 ἔχη
508 4335 524 4371 υ
623 4323 731 4389 φυτικῆς
749 4319 837 4372 addidi
856 4318 888 4371 ci.
907 4320 955 4372 int.
974 4319 1044 4382 hebr.
1063 4321 1107 4373 sed
1127 4325 1214 4389 potest
1233 4323 1312 4374 etiam
1332 4323 1443 4393 ζωτικῆς
1461 4323 1557 4393 legisse

169 4406 286 4457 imis
392 4404 458 4475 όήν
477 4406 509 4457 ci.
524 4405 678 4469 17,1.28,14
784 4405 1075 4477 ’ἰλόγονγνώριμοςυ
1180 4408 1299 4479 δίδηο
1405 4410 1488 4465 idida

206 4495 236 4545 10
255 4491 337 4544 ἰδίαο
446 4494 474 4544 il
497 4491 512 4562 ἡ
532 4509 561 4545 a:
579 4512 595 4562 η
615 4495 646 4546 V.
683 4510 729 4546 cur
746 4493 762 4563 ἢ
782 4492 839 4563 όψις
857 4494 1006 4548 adiunxerit
1024 4492 1113 4548 nescio
1222 4497 1252 4549 13
1272 4496 1362 4566 μόνην]
1416 4499 1445 4550 in
1463 4498 1535 4552 lit.V

204 4580 234 4631 li
254 4578 347 4631 οἴονται
365 4580 387 4631 V
496 4581 525 4631 li
550 4582 696 4650 ανα-Ικαῖον
715 4583 733 4633 i.
743 4598 764 4634 e.
784 4581 917 4633 ἀνανκαῖον
937 4583 956 4637 V
1066 4582 1097 4634 19
1120 4581 1237 4649 ὁμοιώσει
1256 4586 1348 4652 scripsi
1367 4517 1400 4638 οἰ.
1419 4587 1467 4638 ini.
1486 4587 1557 4640 hebr.

202 4666 295 4735 ὁμοίως
314 4666 335 4718 εἰ
356 4668 393 4718 Va
485 4668 509 4719 τί
527 4666 674 4721 ἰσθάνισθαι
691 4685 708 4720 ε
805 4667 840 4720 ‘20
861 4669 931 4739 ,περὶ
949 4667 1077 4739 αἰσθητῶν
1097 4667 1222 4739 (αἰθητῶν
1241 4666 1282 4737 i’)'
1293 4677 1346 4724 τῶν
1364 4691 1392 4725 τε
1409 4673 1470 4727 καθ’
1492 4674 1558 4727 αὐτδ

105 4824 109 4831 Ι
162 4750 171 4769 ’
201 4751 282 4805 όντων
300 4754 344 4805 καί
361 4759 414 4806 τῶν
432 4753 498 4806 κατὰ
517 4754 699 4825 συμβεβηκός.“
738 4753 849 4807 καθόλου
869 4754 899 4824 δή
920 4757 958 4808 Va
1024 4786 1029 4795 ·
1074 4757 1103 4807 21
1135 4755 1183 4808 ἰδία
1201 4757 1330 4829 ἒκάστηιι
1447 4762 1480 4813 22
1507 4761 1557 4814 [διά

201 4841 266 4895 ἐστιν
285 4840 393 4910 αἰσθητά
412 4858 428 4893 ιι
533 4839 597 4893 ἄλλα
619 4843 651 4894 i':
670 4840 734 4894 ἀλλὰ
752 4859 768 4894 a
785 4842 858 4909 (item
878 4842 922 4910 23)
1030 4843 1063 4895 δι’)
1082 4843 1249 4915 Ευρότητεςε
