3540 5610
616 327 759 386 ΒΙΒΛΙθΝ
779 328 959 386 ΔΕΥΤΕΡΟΝ
979 332 1046 385 5-7
1469 333 1512 396 53

203 503 259 568 οὐκ
282 504 313 568 ὃν
335 506 427 590 αὐτῆς
449 505 692 589 συμπληρωτικὸν
714 511 768 590 τῆς
791 504 905 581 οὐσίας,
928 509 970 574 ὡς
992 507 1038 568 καὶ
1062 508 1145 568 παντὶ
1169 511 1211 590 τῷ
1236 507 1357 589 δεκτικῷ
1382 505 1458 571 τινὸς

202 608 238 670 τὸ
261 608 302 691 μὴ
325 607 503 674 εἶναιτοῦτο
528 606 532 696 Ι
556 608 591 672 οὔ
614 609 674 672 ἐστι
697 609 835 672 δεκτικόν.
878 607 951 673 οὖσα
974 609 999 672 δ’
1021 609 1051 671 ἐν
1073 615 1115 693 τῷ
1141 610 1269 693 μεθορίῳ
1293 609 1387 692 τοίιτιρ
1409 607 1455 688 είη
1476 616 1511 670 98

202 708 239 772 ἂν
262 712 310 773 καὶ
333 709 490 796 ἄφθαρτος.
536 708 562 798 ιβ
587 711 641 795 γὰρ
665 711 760 796 ἐντῷ
787 711 932 774 δύνασθαί
955 735 1016 774 τινα
1044 711 1185 795 δέχεσθαι
1213 711 1290 794 παρὰ
1315 712 1401 794 μέρος
1424 711 1456 772 τὸ

201 811 292 888 εἶναι,
319 817 404 876 τοῦτο
426 811 471 898 [ἐν
493 819 537 900 τῷ
560 814 601 898 μὴ
624 811 698 877 εἶναι
720 811 750 876 έν
772 837 826 876 τινι
849 813 959 897 αὐτῶν]
983 812 1043 877 οὔτ’
1072 814 1102 876 ἐν
1126 818 1168 898 τῷ
1194 815 1233 897 μὴ
1257 813 1331 876 εἶναι
1353 811 1383 875 έν
1406 836 1458 874 τινι

163 914 299 984 εαύτιῖιν
327 912 389 979 οὔτ’
417 916 447 979 ἐν
474 923 519 1003 τῷ
547 916 620 981 εἶναι
648 916 791 985 ἐξίσταται
817 921 869 999 τῆς
896 917 1002 985 οἰκείας
1028 916 1137 984 οὐσίας.
1182 916 1294 1000 οὐγὰρ
1317 915 1459 978 ἀπόλλυσι
1485 931 1499 973 ν

200 1020 235 1082 τό
251 1019 392 1083 δύνασθαι
414 1016 485 1106 ἐνιᾷ
505 1016 574 1104 ἂνή
593 1043 650 1082 που
666 1024 723 1081 τῶν
747 1021 787 1082 ὦν
810 1019 944 1083 ἐδύνατο·
970 1020 1003 1082 οὐ
1026 1019 1080 1104 γὰρ
1104 1021 1204 1082 ὁποῖον
1227 1024 1310 1082 τοῦτο
1326 1019 1456 1083 ἐδύνατο.

200 1123 271 1205 ἢεί
294 1121 440 1207 ἀπόφασίς
466 1147 508 1193 τις
529 1124 606 1186 ἐστιν
629 1122 677 1185 ἐπὶ
703 1127 755 1206 τῆς
778 1122 864 1205 ὕλης,
894 1121 938 1184 ὅτι
963 1125 982 1206 ἡ
1007 1123 1061 1206 ὕλη
1090 1121 1225 1186 οὐκέστι
1253 1122 1320 1185 ποιὰ
1348 1126 1385 1205 τῇ
1409 1121 1458 1184 αὑ·

201 1230 255 1310 της
276 1225 372 1309 φύσει,
395 1227 428 1289 τὸ
451 1225 477 1289 δ’
503 1227 537 1290 οὐ
561 1227 641 1289 ποιδν
658 1224 759 1289 ἅποιόν
776 1225 837 1289 ἐστι
861 1225 921 1308 [ἐπὶ
944 1231 997 1309 τῆς
1020 1226 1091 1309 ὕλης
1112 1228 1246 1310 δεκτικής
1268 1224 1356 1309 οὔσης
1379 1224 1456 1288 ποιό-
1472 1243 1499 1283 ιο

200 1330 310 1413 τητος],
338 1328 384 1412 εἴη
408 1328 484 1414 ivi]
512 1330 566 1414 ὕλη
595 1335 631 1414 τῇ
656 1329 746 1412 αὑτής
768 1329 854 1413 φύσει
876 1327 987 1397 ἄποιος.
1028 1330 1046 1413 ἢ
1073 1329 1126 1391 οὐκ
1152 1327 1213 1392 ἔστι
1241 1328 1344 1391 ταύτδν
1367 1328 1456 1390 εἰπεῖν

145 1453 178 1498 10
198 1431 246 1495 ἐπ’
283 1433 375 1517 αὐτῆς
411 1432 480 1496 “οι’νκ
513 1431 574 1496 ἔστι
606 1433 676 1495 ποιὰ
713 1436 749 1516 τῇ
789 1433 880 1516 αὑτῆς
913 1429 1008 1516 φύσει)
1044 1432 1091 1494 καὶ
1125 1429 1217 1494 (ἔστιν
1248 1430 1281 1494 οδ
1315 1431 1384 1493 ποιόι
1417 1434 1454 1513 τῇ

199 1537 291 1619 αὐτῆς
320 1533 415 1620 crica?
447 1537 479 1599 τδ
514 1537 565 1619 μὲν
595 1536 649 1620 γὰρ
678 1533 769 1598 “έστιν
804 1534 838 1598 οὐ
872 1534 940 1597 ποιὰ
971 1538 1008 1616 τῇ
1043 1535 1134 1618 αὐτῆς
1166 1531 1264 1618 κρύπτ’
1297 1536 1457 1617 κατάφασις
1472 1550 1497 1591 ιο

201 1638 275 1702 οὖσα
297 1640 316 1722 ἡ
340 1639 373 1701 ἐκ
396 1638 583 1721 μεταθέσεως
605 1638 757 1722 λεγομένη,
780 1638 799 1720 ἣ
824 1636 885 1700 ἴσον
909 1638 1026 1700 δύναται
1048 1643 1084 1719 τῇ
1108 1639 1255 1720 στερήσει,
1281 1639 1313 1701 τὸ
1337 1635 1362 1700 δ’
1386 1634 1455 1699 ιοόκ

201 1739 262 1805 ἔστι
301 1746 338 1825 τῇ
372 1741 463 1824 αὑτῆς
492 1741 578 1825 ρόσει
613 1739 698 1803 ποιοί’
731 1739 891 1824 ἀπόφασις,
930 1741 993 1824 ἥτις
1026 1739 1122 1803 οὐκέτι
1156 1739 1217 1803 ἴσον
1249 1745 1286 1822 τή
1322 1739 1455 1822 στερήσει

201 1845 328 1921 δύναται,
351 1843 369 1907 ὅ
390 1844 466 1908 ἐστιν
489 1845 537 1907 ἐπὶ
560 1849 612 1928 τῆς
635 1844 706 1927 όλης
728 1842 848 1927 ἀληθές.
883 1843 980 1928 ἡγὰρ
1002 1843 1202 1927 ἐπιτηδειότης
1224 1845 1242 1926 ή
1266 1842 1337 1925 πρός
1359 1867 1384 1904 τι
1408 1866 1454 1925 με·

148 1970 179 2016 15
201 1948 268 2018 ταξθ
292 1948 404 2011 ἐκείνου
427 1970 458 2010 τε
484 1948 532 2010 καὶ
559 1953 611 2031 τής
640 1947 807 2031 στερήσεως
829 1945 929 2020 αὐτοῦ,
959 1947 984 2008 εἰ
1011 1948 1057 2009 καὶ
1081 1945 1123 2008 ότι
1149 1948 1272 2027 μάλιστα
1301 1951 1343 2030 τῷ
1370 1946 1400 2007 ἐν
1429 1939 1496 2029 qim

199 2053 274 2116 ἐστιν
302 2053 321 2134 ἡ
349 2051 547 2135 ἐπιτηδειότης
576 2050 717 2113 α’δόνατον
744 2048 818 2112 εἶναι
845 2051 937 2134 χωρὶς
966 2049 1097 2133 θατέρου.
1145 2048 1255 2132 οὐγὰρ
1280 2048 1382 2111 ταύτδν
1405 2047 1451 2132 εἴη

200 2153 397 2238 ἐπιτηδειότης
418 2158 456 2237 τῇ
481 2155 629 2238 στερήσει·
661 2154 680 2236 i,
705 2152 756 2234 μὲν
779 2152 833 2236 γὰρ
857 2151 1004 2235 ὑπομένει,
1029 2155 1069 2221 ὡς
1091 2153 1270 2236 προείρηται,
1294 2154 1313 2235 ή
1337 2152 1369 2214 δὲ
1393 2149 1453 2212 στέ-

199 2281 281 2341 ρησις
308 2258 465 2343 φθείρεται.
510 2257 554 2319 διδ
577 2259 609 2320 τὸ
634 2256 685 2338 μὲν
713 2256 753 2340 μ“η
787 2253 859 2317 εἶναι
882 2256 966 2317 ποιὰν
994 2254 1024 2316 ἐν
1048 2260 1084 2338 τή
1107 2255 1193 2338 φύσει
1216 2254 1321 2337 αὐτῆς,
1356 2252 1491 2316 οὐκέτικο

200 2362 232 2422 δὲ
257 2362 306 2423 καὶ
334 2361 365 2423 τδ
392 2358 503 2423 ἄποιον.
549 2357 753 2444 Ἀριστοτέλης
782 2358 812 2420 ἐν
841 2361 949 2442 πρώτιρ
975 2364 1033 2420 τῶν
1058 2357 1209 2441 Προτέρων
1238 2358 1418 2420 ἀναλυτικῶν
1444 2355 1447 2439 Ι

142 2482 178 2528 20
198 2464 263 2547 περὶ
290 2468 348 2525 τῶν
370 2461 586 2547 προειρημένων
618 2461 695 2524 οὕτω
722 2460 812 2543 λέγει·
846 2457 1004 2544 “διαρέρει
1032 2461 1063 2524 δέ
1090 2484 1117 2522 τι
1142 2459 1211 2542 [ὅτι]
1239 2460 1269 2522 ἐν
1296 2463 1339 2545 τῷ
1367 2482 1451 2522 κατα·
1471 2466 1505 2522 θθ

198 2566 347 2637 σκευάζειν
380 2563 416 2650 (ἢ
450 2563 674 2648 ἀνασκευάζειν)
707 2566 740 2626 τὸ
778 2565 992 2646 ὑπολαμβάνειν
1028 2563 1046 2646 ή
1081 2562 1183 2625 ταύτὸν
1218 2588 1236 2646 η
1271 2561 1367 2647 ἕτερον
1401 2582 1450 2644 ση·

198 2669 307 2750 μαίνειν
333 2669 366 2731 τὸ
396 2668 436 2752 μὴ
464 2665 536 2730 εἶναι
569 2666 643 2749 [καὶ]
671 2666 738 2729 τόδε
770 2666 818 2728 καὶ
846 2664 920 2728 εἶναι
954 2667 995 2748 μη
1025 2670 1124 2739 τοῦτο,
1159 2666 1218 2728 οἷον
1246 2667 1278 2728 τδ
1310 2666 1350 2749 μη
1379 2663 1451 2727 εἶναι
1478 2680 1492 2722 ο

196 2772 302 2834 λευκὸν
338 2776 380 2855 τῷ
418 2770 491 2834 εἶναι
529 2770 569 2852 μὴ
611 2768 725 2832 λευκόν.
778 2769 812 2830 οὐ
849 2767 903 2849 γὰρ
942 2768 1043 2831 ταύτὸν
1081 2770 1229 2853 σημαίνει,
1271 2767 1332 2831 οὐδ’
1375 2766 1450 2832 ἔστιν

197 2874 345 2959 ἀπόφασις
381 2877 432 2936 τοῦ
459 2872 531 2936 εἶναι
566 2873 669 2934 λευκὸν
708 2869 753 2954 <τδ
787 2870 859 2933 εἶναι
887 2871 928 2953 μὴ
966 2871 1083 2947 λευκόν,
1126 2873 1200 2935 ἀλλὰ
1233 2873 1265 2934 τδ
1300 2873 1340 2955 μὴ
1379 2871 1451 2934 εἶναι

139 2997 177 3046 25
196 2973 348 3062 λευκόν>”.
393 2972 456 3039 ἔστι
481 2974 514 3037 δὲ
536 2974 641 3056 λέγειν,
668 2972 712 3036 ὅτι
739 2973 765 3035 εί
791 2974 840 3035 καὶ
867 2971 911 3035 ότι
940 2974 1064 3056 μάλιστα
1092 2976 1201 3059 ἀληθὲς
1227 2975 1274 3037 ἐπὶ
1301 2979 1352 3058 τής
1380 2975 1450 3058 ὕλης

196 3083 231 3143 τδ
257 3085 294 3162 τῇ
328 3080 418 3162 αὑτῆς
451 3078 536 3161 φύσει
563 3075 664 3140 ἄποιον
697 3074 788 3159 αὐτὴν
822 3074 909 3148 εἶναι,
942 3077 1001 3139 ἀλλ’
1033 3078 1086 3141 οὐκ
1118 3079 1148 3140 ἐν
1182 3082 1218 3160 τῇ
1253 3078 1328 3161 αὐτή
1364 3077 1447 3162 οὐσία
1463 3095 1489 3135 ιο

195 3184 288 3267 αὐτῆς
319 3186 417 3255 τοῦτο,
455 3181 531 3244 ἀλλὰ
569 3177 750 3264 συμβέβηκεν
788 3177 881 3260 αὐτή,
922 3180 1020 3264 ὥσπερ
1054 3180 1124 3242 τοτὲ
1156 3182 1204 3242 καὶ
1237 3182 1270 3243 τό
1309 3181 1447 3265 ποιότητα

194 3284 290 3371 ἔχειν,
323 3288 364 3354 ὡς
387 3285 434 3347 καὶ
461 3289 503 3369 τῷ
528 3284 677 3366 ἀνθρώπῳ
705 3282 754 3344 καὶ
781 3282 812 3344 τὸ
840 3280 969 3364 ἄμουσον
997 3284 1045 3346 καὶ
1069 3282 1219 3366 μουσικόν,
1251 3285 1336 3346 καὶὸ
1360 3286 1448 3369 κηρὸς

194 3390 229 3452 δὲ
256 3389 475 3472 ἀσχημάτιστος
503 3387 544 3449 ὢν
570 3390 607 3468 τῇ
636 3385 725 3448 αὑτοῦ
753 3385 836 3469 φύσει
869 3384 1118 3470 σχηματιζόμενος
1145 3386 1178 3449 οὐ
1206 3388 1371 3472 φθείρεται,
1403 3387 1446 3451 ότι
1462 3406 1487 3447 ιτ

135 3511 174 3561 30
193 3491 274 3575 μένει
295 3491 389 3574 τούτῳ
411 3490 443 3553 τδ
466 3493 550 3574 κηρῷ
573 3487 655 3550 εἶναι.

132 3786 152 3836 4
181 3783 210 3834 ίν
232 3778 411 3850 τῷ-αδτῶν
434 3777 483 3831 dcl.
506 3776 555 3829 V'2:
583 3778 642 3830 exh.
662 3780 740 3832 GFS:
768 3793 818 3831 οω.
842 3782 881 3831 Bc
904 3782 961 3847 Sp.:
991 3781 1016 3832 ἐν
1040 3798 1086 3832 τινι
1109 3779 1194 3833 αὐτῶν
1217 3786 1292 3834 notat
1316 3782 1413 3834 lineola
1437 3786 1496 3837 sub·

132 3872 218 3924 ducta
235 3868 267 3922 S’
371 3864 528 3920 δάπόλλυσι
545 3864 706 3920 V¹GBS²Ha
724 3868 782 3934 Sp.:
802 3864 911 3919 πολλοὺσ
929 3867 943 3919 δ
961 3869 1050 3921 V'FS¹
1158 3869 1302 3922 Gsoriasse
1320 3869 1439 3923 δύνασθαι
1457 3872 1497 3935 (τὸ

131 3953 263 4028 γενέσθαι)
350 3972 400 4007 που
423 3953 489 4023 τῶν]
516 3951 615 4006 τοίιτων
634 3955 678 4022 Sp.
788 3953 884 4022 ὁποῖον]
908 3953 938 4006 cii
962 3955 1033 4007 ποιδν
1055 3959 1110 4022 Sps
1140 3955 1169 4008 οδ
1194 3965 1265 4010 ποῖον
1285 3959 1365 4011 Vici:
1393 3958 1422 4011 οδ
1442 3962 1496 4031 γάρ,

132 4045 175 4098 ὄπι
193 4043 274 4108 ποιόν,
294 4041 364 4095 Diels
470 4041 486 4091 i
508 4039 524 4110 ἢ
544 4040 565 4092 τί
584 4042 642 4108 Sp.:
666 4060 702 4111 ειη
723 4042 761 4093 sic
780 4046 812 4092 V:
841 4041 878 4111 τίη
899 4045 1002 4095 FSHB:
1026 4043 1046 4094 τί
1067 4047 1102 4096 G:
1126 4043 1146 4094 τί
1165 4042 1201 4112 τίη
1221 4061 1236 4096 υ
1342 4046 1406 4098 8ου
1425 4047 1495 4099 ποιόν

131 4136 195 4200 Sp.:
215 4129 301 4183 δποῖον
320 4128 379 4183 libri
469 4129 686 4198 ἐπὶ-ποιότητος
709 4131 912 4197 circumscripsit
930 4131 1059 4182 Schwartz
1152 4132 1181 4183 12
1200 4132 1228 4201 ἢ]
1248 4133 1264 4200 ή
1285 4151 1312 4184 a:
1331 4135 1347 4203 ή
1368 4135 1433 4187 Vici.

137 4220 169 4273 15
188 4217 239 4288 τῷ]
257 4217 288 4270 τό
306 4219 374 4271 vict.
393 4219 438 4285 Sp.
530 4217 560 4269 16
580 4217 631 4280 (ἂν)
650 4217 687 4287 τίη
707 4219 773 4269 coni.
788 4222 846 4283 Sp.:
866 4218 1024 4287 iiSchwartz
1111 4221 1141 4270 lii
1161 4221 1186 4271 ἐν
1206 4221 1300 4290 πρώτῳ
1320 4229 1372 4274 τῶν
1392 4221 1437 4294 ΙΙρ.
1457 4223 1493 4292 τί]

132 4307 213 4361 Anni.
233 4323 271 4374 pr.
284 4304 444 4371 1,46.511›5
555 4305 589 4357 20
611 4303 648 4357 ὅτι
667 4304 716 4357 del.
738 4307 805 4358 Vici.
825 4308 869 4373 Sp.
985 4308 1015 4357 ‘21
1038 4307 1053 4376 ή
1074 4308 1249 4369 ἀνατκευοὶζειν
1268 4311 1327 4361 ariri.
1350 4311 1416 4363 Vici.
1435 4328 1493 4363 curn

132 4393 277 4448 Aristotele
383 4391 417 4444 22
445 4393 571 4462 σημαίνειν
590 4396 634 4460 Sp.
654 4410 686 4445 εκ
706 4395 793 4447 Arici:
824 4394 938 4465 σημαίνει
964 4395 1061 4463 ήΙθνιί
1168 4413 1205 4464 pr.
1226 4399 1268 4449 καὶ
1288 4399 1336 4450 dei.
1357 4402 1414 4466 Sp.:
1444 4415 1493 4451 orn.

131 4483 218 4535 Arist
342 4480 395 4534 τοδὶ
418 4481 498 4533 Arist.
650 4481 709 4532 εἶναι
733 4480 768 4550 μὴ
793 4486 868 4533 τοῦτο
892 4483 985 4535 Arist:
1014 4482 1049 4551 μη
1073 4483 1132 4534 εἶναι
1155 4489 1229 4536 τοῦτο
1256 4489 1389 4538 VFGBH:
1418 4492 1493 4538 τοῦτο

131 4571 170 4639 μὴ
190 4569 252 4624 εἶναι
269 4571 318 4623 Sa:
336 4568 398 4623 εἶναι
417 4569 452 4639 μὴ
471 4568 526 4622 τόδε
539 4570 607 4622 Vici.
626 4572 670 4637 Sp.
779 4570 812 4622 23
831 4566 887 4621 οὐδ’
908 4571 976 4621 Vici.
995 4587 1053 4622 cum
1074 4573 1153 4623 Arist.
1167 4577 1224 4637 Spa
1245 4571 1274 4624 οδ
1292 4574 1338 4644 γὰρ
1354 4576 1457 4625 VFSBa

133 4658 177 4710 24.
196 4655 230 4711 25
257 4657 287 4710 τδ
305 4656 502 4710 τίνοι-λευκὸν
522 4658 590 4710 Vici.
609 4657 666 4710 add.
687 4674 743 4710 cum
766 4659 844 4710 Arist.
935 4658 968 4710 ‘2ss
987 4657 1053 4730 αὐτη
1071 4658 1120 4711 dci.
1141 4661 1207 4715 Vici.
1297 4662 1330 4713 28
1348 4660 1387 4732 τὸ]
1407 4664 1444 4735 τῷ
1465 4680 1490 4716 a:

135 4761 187 4800 om.
207 4747 275 4799 Vici.
294 4748 339 4813 Sp.
