3540 5610
651 301 706 373 [οε
730 305 840 358 Arum
863 304 965 358 ιιΒιιιι
990 304 1114 375 ALTER]
1502 307 1561 372 103

262 473 415 558 δεξάμενον
439 482 491 559 ζῆν
515 479 562 541 καὶ
585 478 655 542 αὐτὸ
678 477 791 560 λέγεται
813 478 968 562 δευτέρως,
992 482 1032 548 ὡς
1055 481 1187 562 ὑγιαίνειν
1209 480 1241 542 τδ
1264 480 1315 562 τὴν
1339 480 1443 560 ὑγίειαν
1467 481 1509 541 δε·

261 576 396 659 δεγμένον
424 585 512 663 σῶμα
534 582 580 643 καὶ
605 580 777 644 ἐπίστασθαι
805 582 823 663 ἡ
847 581 898 664 τὴν
922 581 1084 664 ἐπιστήμην
1111 582 1267 666 δεδεγμένη
1290 584 1381 666 ψυχή.
1426 581 1507 666 ψυχὴ
1521 597 1549 639 εν

259 678 316 760 ἄρα
343 681 419 744 ἐστὶν
447 684 466 764 ἡ
495 683 568 746 κατὰ
597 685 628 746 τδ
657 683 732 751 εἶδος
759 681 852 746 οὐσία.
897 684 929 745 τδ
952 683 985 745 δέ
1011 683 1086 752 εἶδος
1111 683 1277 767 τελειότητά
1305 707 1336 746 τε
1365 685 1413 747 καὶ
1435 683 1508 746 ἐντε·

258 781 376 866 λέχειαν
405 782 646 871 δἈριστοτέλης
672 784 758 868 λέγει.
804 787 880 849 ὥστε
906 784 1025 854 εἰκότως
1051 788 1099 850 καὶ
1125 788 1144 870 ἡ
1172 788 1255 871 ψυχὴ
1283 786 1366 850 οὐσία
1393 784 1506 868 οδσαή

230 884 332 948 ὁκατδ
359 888 392 949 τὸ
420 886 494 956 εἶδος
521 888 687 973 ἐντελέχεια
716 891 845 951 καλεῖται
871 886 939 971 παρ’
967 889 1065 952 αὐτοῦ.
1110 889 1173 951 ἐπεὶ
1195 890 1248 973 γὰρ
1276 894 1333 952 τῶν
1361 886 1449 950 ὄντων
1473 887 1508 950 τὰ

258 989 313 1070 μὲν
335 990 454 1072 δυνάμει
476 991 587 1074 λέγεται
610 990 696 1065 εἶναι,
724 990 759 1053 τὰ
781 990 813 1053 δὲ
835 989 1011 1075 ἐντελεχείᾳ,
1040 992 1087 1054 καὶ
1110 988 1170 1055 ἐστι
1193 991 1228 1054 τὰ
1250 991 1414 1076 ἐντελεχείᾳ
1436 989 1508 1053 εἶναι

257 1091 400 1175 λεγόμενα
422 1095 457 1157 τὰ
480 1094 538 1179 ἤδη
560 1097 593 1157 τὸ
617 1093 706 1166 εἶδος,
733 1092 749 1155 δ
772 1092 890 1155 ἐδύνατο
917 1091 1009 1177 ἔχειν,
1037 1092 1143 1178 ἔχοντα
1164 1096 1212 1156 καὶ
1240 1096 1292 1178 τὴν
1316 1096 1444 1178 μορφήν,
1472 1093 1508 1154 εί-

259 1191 354 1262 κότως
376 1195 411 1258 οὔ
433 1197 576 1281 παρουσίᾳ
598 1199 630 1260 τδ
654 1196 773 1279 δυνάμει
796 1219 821 1257 τι
844 1196 875 1259 δν
898 1196 939 1264 εἰς
961 1198 993 1258 τδ
1016 1197 1180 1281 ἐντελεχείᾳ
1202 1197 1320 1278 γίνεται,
1343 1196 1508 1280 ἐντελέχεια

257 1300 355 1359 τοῦτο.
402 1299 434 1360 τδ
457 1300 489 1361 δὲ
512 1301 630 1380 δυνάμει
655 1303 745 1384 ζῷον,
772 1298 871 1381 ὥσπερ
900 1299 932 1360 τδ
956 1299 1084 1382 σπέρμα,
1111 1299 1276 1384 ἐντελεχείᾳ
1304 1304 1381 1384 ζῷον
1404 1298 1508 1379 γίνεται
1522 1314 1548 1355 εε

215 1412 242 1457 ιυ
255 1400 402 1482 παρουσίᾳ
429 1406 536 1486 ψυχῆς.
581 1400 628 1485 εἴη
656 1400 689 1463 ἐν
716 1399 765 1464 οὖν
792 1403 840 1463 καλ
867 1400 959 1469 οὕτως
986 1402 1180 1484 δεικνύμενον,
1208 1404 1251 1465 ὅτι
1278 1403 1296 1485 ἡ
1324 1403 1405 1486 ψυχή
1432 1401 1506 1464 ἐστιν

256 1501 334 1570 εἶδές
357 1526 387 1565 τε
410 1505 459 1566 καί
481 1503 657 1588 ἐντελέχεια.
703 1500 818 1566 ἔστιδὲ
841 1502 1007 1588 ἐντελέχεια
1028 1506 1047 1586 ἡ
1071 1503 1122 1584 μέν
1145 1527 1186 1572 τις
1207 1508 1324 1589 πρώτη,
1351 1506 1369 1587 ἡ
1393 1506 1425 1567 δέ
1447 1508 1507 1568 δευ-

257 1605 335 1688 τέρα
385 1606 414 1667 αί
443 1606 494 1687 μὲν
522 1605 576 1688 γὰρ
604 1606 760 1688 ἐπιστῆμαι
787 1607 835 1669 καί
867 1605 966 1690 τέχναι
999 1608 1046 1669 καὶ
1075 1605 1151 1674 ὅλως
1177 1609 1206 1668 αἱ
1236 1606 1305 1675 ἕξεις
1333 1608 1506 1690 ἐντελέχειαι

258 1714 385 1787 πρῶται,
411 1709 441 1770 αἱ
469 1709 501 1770 δὲ
525 1706 586 1770 κατ’
614 1708 702 1776 αὐτὰς
729 1709 777 1771 καὶ
805 1706 854 1769 ἀπ’
883 1707 978 1771 αὐτῶν
1006 1708 1142 1792 ἐνέργειαι
1169 1709 1342 1794 ἐντελέχειαι
1365 1711 1504 1794 δεύτεραι.

256 1809 341 1893 ὁγὰρ
366 1811 502 1893 μουσικὸς
517 1810 681 1895 ἐντελεχείᾳ
704 1809 755 1893 μέν
771 1810 831 1873 ἐστι
853 1815 981 1878 τοιοῦτος
1001 1809 1079 1895 (ἔχει
1101 1812 1155 1894 γὰρ
1178 1814 1229 1894 τὴν
1253 1811 1417 1896 μουσικήν),
1440 1811 1500 1876 ἀλλ’

214 1928 242 1971 ιο
256 1910 332 1975 ἔστιν
355 1913 428 1976 κατὰ
459 1915 511 1996 τὴν
535 1916 652 1997 πρώτην
675 1913 853 1997 ἐντελέχειαν
885 1912 967 1982 οὖτος
990 1913 1154 1998 ἐντελεχείᾳ
1176 1913 1329 1996 λεγόμενος
1356 1914 1502 1996 μουσικός,

259 2016 316 2099 ἤδη
339 2018 373 2079 δὲ
395 2018 442 2079 καὶ
464 2017 480 2079 δ
501 2017 624 2101 ἐνεργῶν
647 2016 720 2079 κατὰ
743 2017 794 2099 τὴν
811 2018 961 2100 μουσικήν,
983 2015 1015 2084 δς
1034 2017 1082 2078 καὶ
1098 2017 1149 2098 τὴν
1172 2016 1307 2101 δευτέραν
1323 2017 1502 2101 ἐντελέχειαν
1517 2035 1545 2076 ου

258 2118 316 2201 ἤδη
340 2119 542 2202 προσειληρεν.
576 2117 666 2202 οὔσης
688 2119 781 2182 τοίνυν
805 2121 900 2203 διττῆς
922 2124 973 2202 τῆς
996 2120 1176 2204 ἐντελεχείας
1197 2121 1216 2202 ἡ
1237 2119 1318 2204 ψυχὴ
1342 2119 1507 2206 ἐντελέχειά

258 2222 334 2284 ἐστιν
358 2225 398 2290 ῶς
420 2220 521 2304 ι’γέίις.
555 2220 714 2306 οὐδὲνγὰρ
737 2224 823 2307 ἧττον
846 2220 911 2307 ἔχει
929 2223 1027 2307 ψυχὴν
1050 2224 1096 2286 καὶ
1120 2223 1136 2284 δ
1157 2223 1198 2305 μὴ
1221 2222 1344 2305 ἐνεργῶν
1368 2221 1429 2285 κατ’
1457 2223 1506 2287 αὐ·

259 2327 321 2408 τήν,
345 2329 386 2394 ῶς
409 2325 425 2386 δ
447 2327 638 2408 κοιμώμενος.
676 2323 709 2388 οὐ
732 2325 786 2409 γὰρ
809 2326 931 2410 ἐνεργῶν
953 2323 1018 2387 τότε
1041 2321 1101 2387 κατ’
1129 2323 1265 2408 αίσίίησιν
1289 2326 1369 2408 ὅμως
1392 2327 1442 2409 τὴν
1466 2329 1506 2390 αἰ·

212 2443 241 2486 νο
257 2427 399 2512 σδητικὴν
422 2424 485 2512 ἔχει
508 2429 615 2512 ψυχήν.
654 2428 818 2513 ἐντελέχεια
839 2425 888 2491 οὖν
911 2427 986 2491 ἐστιν
1010 2452 1029 2510 η
1052 2428 1133 2511 ψυχὴ
1157 2430 1268 2511 πρώτη.
1310 2428 1372 2492 ἐπεὶ
1396 2430 1428 2491 δὲ
1449 2435 1505 2493 πᾶν

257 2531 334 2598 εἶδος
361 2531 409 2594 καὶ
434 2535 515 2593 πάσα
542 2529 707 2614 ἐντελέχειά
733 2530 807 2600 τινός
835 2530 908 2610 ἐστι,
937 2533 1024 2614 δῆλον
1048 2532 1090 2593 ὅτι
1116 2528 1279 2594 ἀκόλουθόν
1307 2530 1367 2593 ἐστι
1395 2531 1505 2594 ἐπισκέ-

259 2636 389 2717 ιρασδαι,
416 2633 498 2700 τίνος.
542 2633 575 2695 τὸ
602 2633 653 2715 μὲν
681 2631 731 2695 οὖν
754 2632 826 2696 εἶναι
853 2635 988 2716 σώματος
1016 2634 1121 2718 σχεδὸν
1149 2632 1206 2716 ἤδη
1230 2632 1379 2695 δέδεικται.
1425 2631 1506 2702 ὄντος

255 2736 311 2819 γὰρ
333 2740 385 2799 τοῦ
409 2734 487 2821 ζῴου
511 2735 611 2804 οὐσίας
633 2735 773 2798 συνδέτου
796 2736 825 2804 ἐξ
846 2735 1035 2816 ὑποκειμένου
1059 2759 1090 2797 τε
1113 2736 1161 2816 καὶῚ
1183 2735 1286 2814 εἴδους,
1309 2736 1342 2798 τδ
1366 2736 1417 2819 μὲν
1441 2737 1546 2798 ὀπο-ετ

257 2839 388 2922 κείμενον
411 2838 446 2923 ᾖν
470 2843 557 2919 σῶμα
579 2837 609 2899 ἐν
629 2835 722 2921 αὐτῷ,
746 2838 912 2923 ἐντελέχεια
933 2838 965 2900 δὲ
986 2840 1005 2921 ἡ
1026 2840 1119 2923 ψυχή.
1155 2835 1214 2900 ἀλλ’
1243 2836 1305 2900 ἐπεὶ
1328 2842 1385 2900 τῶν
1408 2840 1505 2920 σωμά-

211 2958 243 3002 2¹>
256 2965 315 3004 των
337 2942 374 3004 τὰ
397 2940 449 3025 μέν
473 2940 533 3003 ἐστι
555 2941 683 3023 τεχνικά,
707 2939 742 3002 τὰ
764 2941 797 3003 δὲ
819 2942 935 3023 φυσικά,
960 2943 1089 3002 ποδαποῦ
1112 2963 1188 3008 τινος
1210 2938 1345 3020 σώματός
1367 2940 1441 3004 ἐστιν
1465 2941 1505 3004 ἐ·

255 3044 390 3128 τελέχεια
411 3045 430 3126 ἡ
453 3043 554 3128 ψυχῆς
587 3041 620 3104 οὐ
643 3041 697 3126 γάρ
720 3043 756 3126 δὴ
779 3043 809 3104 ἐν
833 3043 917 3104 παντί
940 3065 972 3124 γε
994 3044 1107 3123 σώματι
1135 3041 1183 3103 οἵα
1205 3064 1235 3103 τε
1258 3043 1338 3127 ψυχὴ
1363 3043 1505 3124 γενέσθαι.

257 3150 393 3232 τεχνικοῦ
417 3146 469 3230 μέν
492 3143 541 3208 οδν
564 3143 694 3214 οὐδενός·
730 3144 764 3229 ἦν
786 3145 840 3228 γὰρ
864 3144 898 3207 ἂν
921 3146 968 3208 καί
991 3144 1064 3226 αὐτὴ
1088 3144 1218 3228 τεχνικὸν
1241 3143 1317 3214 εἶδος
1339 3149 1378 3214 ῶς
1401 3146 1433 3208 τδ
1456 3149 1505 3208 τοῦ

255 3251 437 3333 ἀνδριάντος,
459 3249 507 3311 καί
529 3247 565 3332 ἦν
589 3246 622 3310 ἂν
645 3248 680 3310 τὰ
703 3252 767 3331 ζῷα
789 3247 845 3310 ὑπὸ
869 3247 973 3331 τέχνης
998 3247 1141 3330 γινόμενα,
1165 3247 1263 3330 ὥσπερ
1285 3248 1322 3310 τὰ
1344 3249 1506 3331 ἀγάλματα,

254 3353 349 3421 οὕτως
371 3350 398 3414 δ’
425 3348 479 3413 οὐκ
500 3349 535 3412 ἂν
558 3349 603 3432 εἴη
627 3348 695 3413 οὐδὲ
718 3350 810 3413 οὐσία.
855 3351 888 3413 τδ
909 3350 963 3432 γὰρ
986 3349 1116 3434 τεχνικδν
1144 3347 1219 3418 εἶδος
1242 3348 1295 3412 οὐκ
1317 3349 1410 3413 οὐσία.
1455 3374 1507 3435 φυ-

211 3470 242 3515 m
255 3459 340 3519 σικοδ
363 3453 455 3517 τοίνυν
479 3456 613 3536 σώματος
634 3451 801 3536 ἐντελέχεια
823 3476 841 3534 η
858 3453 939 3537 ψυχή
962 3450 1038 3534 (ἔστι
1060 3453 1092 3514 δὲ
1112 3456 1199 3532 σῶμα
1218 3453 1339 3535 φυσικὸν
1361 3455 1393 3516 τδ
1410 3453 1504 3538 ἀρχὴν
1518 3471 1546 3511 τυ

256 3555 327 3642 ἔχον
349 3558 490 3639 κινήσεως
511 3556 541 3618 ἐν
564 3554 675 3639 αὐτῷ),
697 3557 745 3618 καὶ
767 3555 820 3638 γὰρ
844 3556 891 3618 καί
914 3554 946 3616 τδ
970 3557 1047 3639 ζᾳῖον
1070 3553 1168 3638 φύσει,
1192 3552 1225 3616 οὔ
1250 3554 1348 3637 μόριον
1372 3557 1390 3638 ἡ
1414 3558 1504 3641 ψυχή.

256 3657 319 3724 ἀλλ’
347 3660 410 3722 ἐπεὶ
437 3659 485 3721 καί
511 3664 568 3720 τῶν
595 3662 726 3741 φυσικῶν
754 3657 898 3739 σωμάτων
926 3657 998 3719 εἰσὶν
1029 3658 1164 3740 διαφοραί
1191 3656 1241 3738 (τὰ
1269 3657 1320 3739 μὲν
1346 3660 1400 3740 γάρ
1430 3659 1505 3721 ἐστιν

255 3763 353 3826 αὐτῶν
377 3762 470 3835 ἁπλᾶ,
493 3760 529 3822 τὰ
551 3762 583 3823 δὲ
605 3760 739 3834 σύνθετα,
762 3761 810 3822 καὶ
832 3759 948 3827 οὐδενὸς
971 3764 1029 3821 τῶν
1052 3760 1152 3821 ἁπλῶν
1176 3761 1320 3839 σωμάτιον
1342 3760 1507 3845 ἐντελέχειά

256 3868 334 3930 ἐστιν
355 3865 375 3947 ἡ
398 3864 495 3948 ψυχή·
518 3861 660 3946 οὔτεγὰρ
682 3864 714 3925 τδ
737 3866 788 3925 τοῦ
803 3863 892 3945 πυρδς
914 3859 982 3924 οὔτε
1003 3863 1036 3924 τδ
1057 3866 1106 3923 τοῦ
1130 3861 1215 3945 ἀέρος
1237 3860 1304 3924 οὔτε
1319 3862 1351 3924 τδ
1374 3867 1424 3925 τοῦ
1441 3864 1506 3925 ὕδα·

214 3986 243 4030 ³5
257 3993 322 4044 τος,
353 3963 412 4031 ἀλλ’
440 3964 563 4029 οὐδὲτὸ
586 3971 638 4049 τῆς
665 3970 718 4050 γῆς
740 3965 817 4034 εἶδός
843 3966 904 4028 ἐστι
926 3966 1022 4049 ψυχή,
1051 3965 1114 4027 ἐπεί
1137 3964 1211 4046 μηδὲ
1234 3963 1312 4049 ζῷόν
1334 3988 1359 4026 τι
1383 3965 1507 4048 τούτων)

256 4068 388 4135 ποδαπόν
410 4092 436 4131 τι
458 4073 546 4150 σῶμα
572 4069 605 4131 τδ
629 4073 679 4131 τοῦ
702 4066 782 4154 ζῴου
810 4067 844 4130 οὔ
867 4067 942 4130 ἐστιν
965 4067 1130 4152 ἐντελέχεια
1152 4068 1171 4148 ἡ
1195 4068 1294 4151 ψυχης
1328 4066 1391 4130 ἐπεὶ
1414 4068 1506 4130 τοίνυν

257 4178 315 4237 πᾶν
339 4178 427 4253 σῶμα
448 4171 545 4256 ψυχὴν
568 4169 638 4255 ἔχον
661 4172 709 4234 καί
733 4175 790 4243 ζῶν
813 4169 949 4255 τρέφεταί
968 4193 999 4231 τε
1019 4171 1067 4232 καί
1089 4168 1204 4238 αὔξεται
1225 4169 1262 4232 δι’
1287 4170 1377 4232 αὑτοῦ
1400 4170 1505 4254 (ταύτῃ
1520 4186 1548 4230 ιτ

255 4278 310 4360 γὰρ
334 4276 366 4338 τδ
389 4279 446 4346 ζῶν
469 4278 520 4336 τοῦ
544 4273 584 4356 μὴ
607 4277 712 4344 ζῶντος
735 4272 888 4358 διαφέρει),
911 4297 929 4355 η
954 4273 987 4335 δὲ
1000 4273 1092 4356 τροφὴ
1117 4273 1164 4334 καὶ
1186 4273 1205 4354 ἡ
1229 4270 1313 4356 πέψις
1334 4273 1382 4334 καὶ
1403 4273 1506 4356 ἡπρο·

201 4518 275 4571 3-5
292 4517 322 4569 τὸ
340 4516 366 4569 δέ
384 4515 570 4584 εἶδος-αὑτοῦ]
589 4516 621 4567 cf.
640 4514 803 4585 p.15‚29sq.
907 4515 922 4566 6
939 4513 995 4566 ταδ’
1017 4514 1052 4565 K:
1071 4513 1103 4565 τὰ
1121 4511 1144 4564 δ’
1166 4529 1182 4566 a
1282 4511 1365 4583 ’ίῆδη
1385 4513 1407 4562 V
1426 4529 1467 4565 ex.
1488 4512 1558 4566 vict:

202 4606 259 4676 εῐδη
277 4606 319 4657 Κιι
389 4603 564 4676 8ἐντιλίχιια
583 4603 643 4654 VK:
662 4601 803 4676 ἐντιλίχειᾳ
821 4619 836 4655 ε
855 4603 895 4668 (ut
912 4602 940 4666 6)
1014 4601 1046 4654 10
1067 4599 1189 4672 παρουσία
1208 4601 1272 4653 VKa
1343 4600 1372 4652 ἂν
1390 4598 1433 4651 οὖν
1453 4600 1558 4667 scripsi:

202 4702 265 4762 post
283 4690 314 4744 ἂν
332 4692 433 4744 videtur
452 4688 496 4740 οίιν
514 4704 613 4741 erasum
633 4706 690 4742 esse
710 4692 743 4742 V:
764 4688 793 4741 ἂν
810 4690 852 4742 Κα
970 4688 1007 4741 ὅτι
1026 4690 1059 4739 V:
1081 4688 1128 4758 ἄρα
1146 4688 1187 4740 Ka
1311 4687 1341 4739 16
1369 4685 1503 4756 μουσικήν]
1523 4702 1559 4755 γε.

202 4782 287 4842 ism,
306 4781 348 4845 ᾳιιί
448 4776 479 4829 18
498 4775 569 4829 οὐδὲν
587 4777 633 4847 γὰρ
651 4777 727 4847 ἧττον
746 4775 814 4846 κτλ]
834 4777 866 4830 ef.
884 4793 910 4845 p.
923 4776 998 4842 16,12
1102 4775 1135 4827 23
1154 4774 1224 4827 οδσία
1242 4775 1283 4827 Ka
1379 4773 1413 4828 25
1432 4772 1557 4842 ποδαποῦ]

201 4872 265 4938 poet
283 4885 296 4918 ο
315 4882 369 4919 una
386 4866 425 4919 lit.
444 4881 509 4919 οιοε.
528 4866 551 4918 V
658 4863 692 4917 28
710 4862 740 4916 ἂν
758 4879 809 4915 om.
828 4865 868 4918 Ka
975 4863 1004 4915 31
1027 4862 1095 4932 αὐτῷ
1114 4863 1180 4916 VKa
1286 4862 1318 4915 37
1338 4860 1414 4914 αδτοίι
1435 4861 1498 4915 VKa
