3540 5610
202 321 262 389 193
348 322 540 410 ἀναλαμβάνω

252 494 356 548 τοιάδε
375 492 474 568 ὄρεξις
493 494 586 548 αίιτοῦ
606 494 721 566 βούλησις
740 492 853 547 καλεῖται

253 582 313 648 743
355 582 387 634 τά
413 584 458 651 μέν
481 581 525 635 οὖν
552 587 605 634 τῶν
627 580 755 636 συνθέτων
777 581 806 635 τό
828 581 853 634 τί

252 668 284 739 ήν
303 668 365 721 είνοιί
386 688 415 722 τε
432 670 477 722 καί
497 670 529 722 τά
546 668 665 722 τοίοτων
688 669 740 740 εἴδη
764 668 777 722 δ
796 675 853 727 νοῦς

253 755 322 827 οδτῷ
335 758 414 828 νοητά
430 765 497 810 ποιεῖ
512 757 590 823 8734
609 757 652 818 (cf.
671 757 736 810 ἐστιν
755 756 781 810 δέ
799 764 852 810 τῶν

252 844 380 914 διαφανῶν
403 847 446 897 καὶ
468 845 484 914 ή
507 844 585 917 κόρη,
609 845 652 897 καὶ
670 842 734 915 αὕτη
758 845 788 913 δή
808 845 851 896 σίιν

251 935 290 1001 τῷ
309 932 401 1000 μεταξὺ
414 932 468 1003 ἀέρι
484 939 522 1001 τῷ
536 931 717 1002 πεφωτισμένῳ
730 933 774 984 καί
787 930 851 1001 αίιτή

254 1019 325 1071 οὐδέν
343 1019 446 1072 ἔλαττον
465 1020 561 1072 ἐκείνου
579 1019 608 1072 τὸ
623 1024 678 1088 φῶς
696 1017 851 1092 δεχομένη..

252 1110 284 1176 τῇ
307 1110 388 1179 τροπῇ
415 1111 447 1178 τῇ
470 1106 518 1160 δπδ
542 1113 594 1159 τῶν
616 1107 776 1179 χρωμάτων,
804 1105 848 1176 ὑφ’

253 1192 289 1249 ὧν
311 1196 450 1264 τρεπομένη
474 1214 529 1252 πως
554 1192 728 1264 ὁμοιοτρόπως
749 1198 789 1264 τῷ
811 1194 852 1246 ἐκ·

251 1281 294 1340 τὸς
316 1281 441 1353 διαφανεῖ,
469 1281 573 1352 δρατιιιή
601 1301 628 1334 τε
651 1282 695 1335 καὶ
715 1280 851 1353 αἰσθητικὴ

252 1369 321 1439 ψυχὴ
344 1368 436 1438 γίνεται
460 1370 557 1434 14336
593 1370 609 1438 ή
633 1369 680 1441 γάρ
705 1369 782 1439 βουλὴ
808 1371 852 1422 καὶ

252 1459 269 1526 ή
283 1457 422 1528 προαίρεσις
440 1460 483 1510 καὶ
500 1458 516 1528 ἡ
530 1457 609 1528 κρίσις
625 1459 668 1510 καί
681 1456 695 1509 δ
709 1455 851 1528 ἅνθρωπος,

251 1549 296 1613 τῆς
315 1544 431 1615 τοιαὺτης
449 1546 562 1614 πράξεως
575 1544 660 1608 αἴτιος,
678 1544 745 1614 έχων
763 1544 790 1596 ἐν
808 1543 851 1596 αό-

251 1635 289 1701 τηῖ
316 1632 363 1702 τήν
392 1629 503 1691 ἐξουσίαν
534 1637 578 1685 τοῦ
607 1630 769 1702 βουλεύεσθαι
796 1632 852 1700 περί

252 1726 305 1771 τῶν
317 1719 493 1789 περιεστώτων
511 1719 564 1790 έχει
581 1721 626 1772 καί
643 1719 672 1772 τὸ
685 1717 803 1772 δόνασθαι
821 1720 851 1772 ἐκ

250 1814 303 1859 τῶν
322 1807 406 1859 αίιτιῖιν
425 1808 460 1876 μὴ
479 1809 511 1861 τά
530 1807 593 1860 αδτά
612 1805 734 1875 αἱρεῖσθαι
760 1808 850 1872 1743)

251 1924 284 1932 -
310 1895 362 1947 ἐπεὶ
384 1896 430 1965 γὰρ
454 1897 486 1948 τὰ
509 1894 568 1948 κατ’
590 1893 669 1966 ὄρεξιν
692 1893 851 1966 πραττόμενα

252 1980 349 2040 πάθους
371 1982 437 2040 τινὸς
459 1983 620 2051 ἐγγενομένου
642 1983 791 2053 πράττεται,
814 1981 851 2033 ὧν

1381 319 1393 377 I
1430 319 1560 378 INDEX

957 495 1020 564 μετὰ
1043 493 1073 564 δή
1097 492 1141 546 τὸν
1167 494 1222 563 περί
1245 493 1340 566 ἐκείνης
1363 493 1437 565 λόγον
1462 494 1500 566 είη
1525 494 1558 549 ἀν

957 582 1078 650 έπόμενον
1100 580 1177 647 3835
1199 581 1273 645 1373
1295 580 1369 646 1433
1390 582 1483 647 14633
1517 587 1559 654 τιβ

957 671 1002 739 γάρ
1021 669 1077 722 κτλ.
1096 708 1169 733 ....,
1193 668 1274 739 τοίυτιρ
1296 669 1313 738 ή
1335 676 1388 722 τῶν
1410 671 1558 741 χρωμάτων

957 755 1069 827 αἴσθησις
1081 758 1172 827 γίνεται
1190 757 1272 821 4335
1291 757 1355 822 533
1373 755 1455 823 8639
1474 756 1558 821 9138

959 845 1049 910 14331
1065 845 1156 910 15839
1180 846 1295 910 ἐπεί....,
1309 845 1361 897 ἐπεί
1369 845 1451 897 τοίνυν
1464 844 1558 910 17733

956 931 991 984 έτι
1010 939 1073 996 πῶς,
1091 933 1113 985 εί
1122 971 1179 997 .....
1197 932 1222 985 τί
1239 932 1270 1002 δή
1289 951 1349 986 ποτε
1370 932 1445 997 1283

903 1019 1118 1090 ἀναλαμβάνω
1138 1020 1213 1086 6131
1237 1021 1329 1086 10735
1349 1019 1442 1085 12333
1464 1018 1536 1083 1373

903 1107 1058 1179 ἀνάληψις
1079 1108 1170 1171 17536

903 1194 1065 1248 ἀναλίσκω
1087 1192 1291 1260 1113013431
1315 1192 1388 1257 137,7

903 1281 1052 1350 ἀναλογία
1070 1283 1086 1352 ή
1106 1281 1155 1335 ἀπὸ
1174 1319 1199 1334 ..
1217 1282 1260 1334 καί
1278 1280 1294 1350 ή
1313 1281 1353 1333 ἐπί
1368 1286 1420 1332 τῶν
1435 1318 1460 1333 ..
1480 1279 1558 1344 110,6

955 1369 1017 1441 πρός
1036 1388 1060 1423 τι
1078 1369 1144 1439 ἐχειν
1170 1370 1249 1433 1133
1269 1368 1332 1433 313
1351 1368 1432 1432 2436
1468 1367 1558 1429 σώζειν

958 1459 1037 1524 1035
1057 1458 1138 1522 3030
1174 1456 1231 1509 κατ’
1253 1457 1277 1508 ἀ.
1305 1457 1386 1521 104,4
1422 1455 1559 1526 ἀναλογίαν

955 1553 1033 1599 ποιεῖν
1055 1546 1144 1611 13731

903 1633 1061 1703 ἀνάλογος
1102 1632 1131 1685 τὸ
1155 1631 1274 1701 ἀνάλογον
1301 1634 1334 1704 τῇ,
1356 1631 1447 1703 καρδία
1474 1631 1561 1694 97,ίῦ

956 1721 1029 1792 σαρκί
1042 1720 1118 1785 9337
1141 1720 1263 1789 ἀνάλογον
1275 1721 1378 1773 adverb.
1393 1720 1467 1781 1037
1479 1717 1559 1782 2433

955 1808 1015 1872 39,6
1034 1808 1112 1873 5134
1132 1808 1192 1871 57,4
1206 1808 1282 1873 6837
1302 1808 1381 1873 7536
1400 1806 1456 1871 863
1479 1805 1558 1870 9436

959 1895 1051 1961 10336
1067 1896 1316 1961 107333014839
1335 1893 1465 1963 ἀναλόγως
1478 1893 1559 1960 8933

959 1983 1051 2048 10138

252 2068 342 2122 παθῶν
364 2073 395 2123 τὰ
419 2071 464 2139 μέν
488 2070 584 2140 ἀνίησίν
607 2088 634 2121 τε
658 2070 687 2122 τδ
712 2076 786 2137 σῶμα
808 2073 852 2123 καί
902 2070 1027 2123 ἀναλθω
1047 2072 1125 2137 9530

250 2156 351 2228 αὔξησιν
368 2157 452 2215 αιἰτοῖς
470 2157 590 2225 (fortasse
603 2158 685 2229 αὐτῷ)
705 2158 802 2224 ἐμποιεῖ
813 2156 852 2210 διά
902 2156 1053 2226 ἀνάμαξις
1075 2158 1168 2224 13735

250 2244 395 2317 θερμότητα
431 2243 566 2317 εὔκρατον,
597 2246 629 2298 τά
657 2246 683 2299 δέ
711 2245 852 2316 καταψύχει
902 2246 1071 2313 ἀναμάττω
1093 2247 1166 2310 1373

249 2350 276 2384 τε
302 2333 345 2384 καί
368 2331 493 2385 συστέλλει
521 2333 557 2399 (αἱ
580 2335 626 2403 γάρ
654 2333 786 2404 φαντασίαι
809 2334 852 2386 καί
903 2333 1089 2406 ἀναμετρέω
1111 2334 1186 2400 135,5

250 2419 376 2489 αίσθήσεις
389 2422 432 2473 καὶ
444 2421 535 2473 ἔννοιαι
547 2427 599 2474 τῶν
611 2422 766 2493 πραγμάτων
784 2422 851 2474 κατὰ
902 2421 1134 2491 ἀναμιμνήσκω
1153 2421 1230 2487 3336

250 2506 369 2576 δμοίωσίν
388 2527 443 2561 τινα
460 2509 544 2561 αιἰτῶν
556 2508 681 2579 γινόμεναι
699 2508 735 2567 ὡς
751 2509 792 2561 ἐπί
804 2528 850 2561 πα·
903 2511 1076 2579 ἀνάμνησις
1094 2508 1171 2575 6939

250 2599 332 2666 ροῦσιν
351 2596 454 2654 ἐκείνοις
477 2596 493 2667 ή
513 2597 608 2649 ἀνιᾶσιν
629 2596 659 2649 τδ
678 2602 752 2665 σῶμα
773 2597 789 2668 ἢ
810 2613 850 2651 συ-
902 2596 1140 2666 ἀναμφίλεκτος
1161 2597 1236 2662 1013

249 2682 393 2736 στέλλεσθαί
417 2702 444 2736 τε
468 2686 511 2737 καὶ
529 2685 637 2757 φρίττειν
655 2685 789 2751 ποιοῦσιν),
814 2683 850 2736 ὧν
902 2684 1055 2739 ἀνάπαλιν
1074 2684 1152 2750 4837
1174 2684 1266 2749 14038
1288 2685 1380 2747 14135
1402 2685 1478 2749 171,5

249 2772 386 2840 γινομένων
404 2772 531 2825 συστολῶν
549 2774 633 2825 τεκαὶ
650 2773 777 2825 ἐκτάσεων
795 2774 851 2843 περὶ
902 2771 1061 2826 ἀναπείθω
1084 2770 1226 2836 1803231

249 2857 278 2911 τὸ
295 2858 423 2930 σΰμφυτον
442 2864 539 2929 πνεῦμα
562 2860 606 2912 καὶ
624 2861 673 2913 ἀπὸ
691 2859 781 2913 τοδτου
800 2859 849 2912 δια·
902 2859 1120 2930 ἀναπίμπλημι
1142 2859 1283 2926 1333638
1304 2859 1396 2923 14837

251 2946 389 3015 διδομένων
414 2948 454 3000 έπ1
475 2949 506 3000 τά
531 2952 604 3019 νεῦρα
627 2945 748 3000 κινεῖσθαι
772 2951 850 2999 ταῦτα
902 2946 1064 3006 ἀνάπλεως
1086 2947 1179 3010 14933

251 3034 353 3088 δδναται
370 3035 415 3093 τὰς
432 3033 493 3088 καθ’
509 3033 589 3105 ὄρμήν
607 3035 728 3107 ἐνεργείας
744 3036 790 3105 τήν
808 3036 850 3106 ἀρ·
902 3035 1102 3108 ἀναπληρόω.
1143 3034 1329 3108 ἀναπληροῦταί
1353 3053 1377 3088 τι
1403 3036 1466 3104 μετά
1492 3053 1560 3094 τινος

252 3123 302 3193 χήν
320 3127 366 3193 τῆς
383 3123 507 3193 κινήσεως
525 3125 592 3194 παρὰ
608 3128 655 3193 τῆς
667 3123 773 3193 ὀρέξεως
791 3123 853 3192 λαμ-

959 3125 1034 3190 1338

254 3211 370 3281 βάνοντα.
390 3240 421 3248 -
441 3210 454 3263 δ
472 3210 573 3281 λογικὸν
592 3211 637 3279 μέν
656 3211 776 3276 καλεῖται,
795 3211 854 3263 είσὶν
903 3212 1057 3265 ἀναπνέω.
1099 3212 1253 3264 ἀναπνέοντα
1275 3210 1393 3274 493133
1432 3213 1493 3265 dist.
1516 3212 1559 3264 ἐκ·

250 3296 276 3351 δέ
295 3299 320 3351 έν
338 3298 409 3369 αίιτιγῖ
431 3300 508 3365 9933
530 3300 621 3362 10736
643 3299 719 3364 133,ss
741 3296 853 3364 126381

250 3416 282 3423 -
318 3385 370 3439 ἀλλ’
402 3386 454 3439 ἐπεί
486 3388 531 3456 μέν
563 3387 610 3456 τήν
642 3392 723 3457 γεῦσιν
754 3387 853 3459 ἀκριβε-

250 3476 344 3544 στάτην
374 3473 489 3544 αίσθησιν
521 3475 611 3548 ἔχομεν
642 3475 705 3544 (ἁφή
737 3477 783 3548 γάρ
817 3494 854 3533 τις

955 3300 1039 3363 πνέω,
1066 3299 1169 3369 κατέχω
1193 3299 1254 3363 503
1301 3298 1480 3368 ἀναπνεομένιρ
1504 3299 1560 3371 ἀέρι

955 3392 1114 3460 καταχρῆται
1124 3386 1196 3456 φίισις
1208 3387 1248 3439 ἐπὶ
1261 3384 1304 3439 δὺο
1317 3385 1376 3455 ἔργα
1388 3386 1464 3450 4931
1480 3385 1558 3451 9836

956 3477 1016 3528 dist.
1037 3475 1152 3548 ἔμψυχον
1170 3474 1230 3526 εἶναι
1252 3473 1341 3538 11731

250 3561 293 3613 κτλ
292 3596 377 3614 ......
379 3564 402 3630 ),
422 3562 487 3615 κατὰ
506 3562 532 3614 δέ
551 3563 598 3632 τήν
617 3561 736 3634 ὄσφρησιν
755 3562 852 3616 ἀπολει-
904 3564 1041 3633 ἀναπνοή
1061 3563 1104 3614 καὶ
1116 3560 1233 3632 ὄσφρησις
1252 3560 1329 3625 5833
1357 3560 1404 3613 οὐκ
1421 3561 1473 3614 ἔστι
1490 3563 1559 3615 ἀντι-

250 3648 348 3717 πόμεθα
367 3654 412 3720 της
430 3650 558 3721 ἀκριβείας
579 3650 623 3702 sed
643 3649 675 3702 εί.
694 3650 754 3701 οιίο.
774 3649 852 3716 5135

956 3651 1096 3720 περίστασις
1114 3650 1186 3721 ἀέρος
1203 3649 1237 3707 είς
1255 3649 1302 3718 τὴν
1320 3648 1449 3719 ἀναπνοήν
1470 3649 1547 3714 1393

250 3735 302 3788 ἀλλ’
325 3738 377 3789 ἐπει
392 3738 454 3807 πρὸς
471 3743 546 3791 τοῦτο
563 3736 663 3790 δ·ἰναται
676 3736 798 3805 λέγεσθαι,
817 3737 852 3796 ὡς
904 3738 1139 3809 ἀναπόδραστος
1158 3737 1230 3801 1803

250 3824 306 3895 περί
323 3830 375 3875 τῶν
388 3825 479 3877 οίισιῶν
493 3825 622 3896 είρηκότος
634 3825 747 3891 αότοῦ..,
766 3825 851 3879 οίικίτι
903 3827 1031 3878 ἀνάπτω
1050 3827 1097 3895 τήν
1115 3825 1195 3878 αίτίαν
1214 3825 1248 3883 είς
1268 3824 1361 3891 18033

250 3910 276 3963 δέ
289 3912 346 3983 περί
363 3915 410 3982 τῆς
428 3910 489 3982 ὕλης
503 3951 509 3964 .
521 3951 527 3964 .
541 3913 648 3983 εἴρηκεν,
666 3914 725 3984 φέρε
737 3911 780 3965 οὖν
799 3913 850 3965 ἐπι-
902 3915 1084 3985 ἀναστρέφω
1103 3914 1178 3980 4831

250 3998 514 4068 σκεψώμεθα11934
530 4000 623 4065 16135
637 4001 669 4053 cf.
682 4000 742 4053 adn.
759 4000 851 4065 16638
903 4002 1055 4071 ἀνατομή.
1101 4001 1140 4054 διὰ
1169 4008 1222 4054 τῶν
1252 4001 1387 4070 ἀνατομῶν
1417 4000 1558 4073 εὑρίσκεται

250 4087 282 4139 σί.
302 4088 358 4139 Iud.
377 4104 398 4139 s.
411 4105 435 4139 ν.
454 4087 489 4140 δέ.
512 4117 543 4125 -
569 4088 747 4158 (ἐπιζητήσειεν
765 4089 796 4141 ἀν
814 4107 852 4147 τις

957 4089 1037 4154 9636

250 4174 317 4245 περὶ)
342 4178 389 4244 τῆς
408 4175 554 4248 ἀπερείσεως
576 4182 631 4233 πῶς
656 4175 707 4227 οίόν
728 4195 755 4229 τε
773 4195 851 4248 παρα·
904 4176 1075 4248 ἀνατίθημι
1092 4178 1139 4229 τινί
1156 4196 1180 4229 τι
1198 4174 1276 4242 7934
1297 4176 1391 4242 17435
1412 4177 1506 4242 18932

250 4259 366 4322 δέξασθαι
379 4267 459 4330 μανοῦ
477 4268 522 4316 τοῦ
539 4264 612 4333 ἀέρος
624 4262 704 4328 ὄντος,
722 4263 807 4322 ἀλάως
824 4283 851 4317 τε
903 4266 1069 4335 ἀνατρέφω
1093 4265 1166 4328 157,6

250 4349 302 4414 καί,
321 4349 343 4402 εί
360 4351 475 4403 τοιοῦτόν
493 4369 517 4403 τι
534 4351 573 4421 ἦν,
592 4352 683 4421 ἐγίνετο
703 4352 734 4403 ὄν
755 4352 851 4416 13033
904 4354 1063 4424 ἀνατροφή
1085 4353 1159 4417 157,6

250 4437 286 4489 ἐτι
309 4444 362 4490 τῶν
386 4439 430 4506 μέν
449 4438 655 4508 συναγελάζεσθαι
678 4437 753 4511 ζιβων
776 4459 852 4509 πεφυ-
904 4441 1023 4510 ἀζναφής
1044 4441 1119 4505 1363

250 4523 336 4576 κότων
360 4525 443 4578 καίτοι
469 4525 541 4596 φΰσει
565 4527 635 4580 τοῦτ’
660 4529 772 4601 ἐχόντων
797 4527 849 4596 (ἐφ’
902 4531 1048 4601 ἀναφέρω
1071 4531 1144 4595 1633

250 4611 328 4682 δγάρ
346 4612 469 4679 κτλ....),
487 4614 539 4666 ἀλλ’
559 4612 637 4684 ὅμως,
656 4617 752 4669 τοὺτων
770 4617 853 4669 καίτοι
903 4619 1042 4690 ἀναφορά
1077 4616 1141 4681 3831
1178 4617 1258 4682 7632
1295 4617 1392 4682 10830
1425 4616 1554 4682 113,7.15

250 4700 400 4770 πεφυκότων
414 4698 504 4767 οὕτως,
517 4701 568 4754 ἐστι
580 4721 628 4755 που
643 4703 715 4769 1573
733 4734 764 4742 -
778 4722 852 4769 τε...,

959 4705 1038 4769 151,ss

251 4787 315 4840 ἀλλά
334 4789 378 4840 καί
399 4789 491 4854 10036
512 4790 606 4854 177,35
620 4790 655 4858 (Ρ)
685 4790 771 4844 τὲ....
790 4791 853 4843 ἀλλά
903 4792 1128 4863 ἀναχρώννυμι
1146 4791 1223 4856 4339

251 4876 297 4949 γάρ
311 4875 403 4939 18335
415 4905 446 4914 -
458 4878 520 4946 μετὰ
530 4878 728 4951 δέτὴνζωτικίην
737 4879 785 4932 κτλ
786 4918 854 4944 ......
904 4882 1074 4955 ἀναχωρέω
1096 4880 1189 4945 13034
