3540 5610
201 347 263 430 180
520 354 724 416 λιυκκιιοιιι
747 352 792 414 ου
814 354 923 415 ευιιω
945 359 1037 416 ιιυιιι
1060 361 1230 418 υιιινωσι

254 536 465 621 μεταβαθλουσι
487 534 581 604 δόξαν.
625 537 695 598 ποτὲ
718 536 847 620 μὲνγὰρ
872 536 1058 623 ἀπαράβατύν
1081 561 1107 600 τι
1135 537 1182 600 καὶ
1204 537 1421 622 ἀναπύδραστυν
1447 535 1500 619 τὴν

253 638 429 723 εἱμαρμένην
456 638 591 711 τίθενται,
618 639 666 701 καί
688 640 780 702 πάντα
802 663 835 722 γε
861 641 898 702 τά
919 664 950 702 τε
977 638 1045 702 ὄντα
1071 641 1119 703 καί
1145 639 1182 702 τά
1203 638 1356 722 γιγνόμενα
1378 639 1501 702 ύποτάσ-
1514 654 1543 697 σν

255 762 351 804 σουσιν
377 741 464 825 αὐτῇ,
498 743 547 807 δτὲ
575 742 607 804 δὲ
633 740 710 804 ἔστιν
737 742 832 805 αὐτῶν
859 742 906 804 καὶ
933 743 965 805 τδ
989 743 1067 827 παρὰ
1094 743 1146 826 τὴν
1175 741 1351 826 εἱμαρμένην
1377 741 1501 805 ἀκούσαι

253 845 391 913 πολλάκις
413 843 564 927 λεγόντων,
587 844 634 907 καὶ
656 845 689 907 τὸ
712 843 789 928 παρὰ
813 849 923 928 μοῖραν.
968 846 1016 907 καί
1040 848 1080 913 ῶς
1103 844 1150 907 ἐπί
1172 845 1205 908 τδ
1225 848 1358 908 πλεῖστον
1380 846 1424 914 οἱς
1447 845 1500 928 μὲν

226 946 328 1029 ομητε
350 946 386 1009 τά
408 951 461 1030 τῆς
481 946 574 1031 τύχης
596 943 629 1009 εύ
651 951 743 1030 κυρεῖ,
774 946 849 1029 μήτε
870 971 897 1009 τι
920 950 1027 1029 μᾶλλον
1050 946 1086 1010 τὰ
1108 953 1161 1031 τῆς
1181 951 1301 1031 γνώμης
1325 971 1357 1011 τε
1379 948 1427 1010 καί
1449 952 1503 1030 τῆς

253 1051 359 1118 οἰκείας
381 1049 578 1133 προαιρέσειυς
604 1046 742 1132 ἔρρωται,
775 1048 823 1111 ἐπὶ
849 1049 901 1132 τὴν
928 1049 1105 1134 εἱμαρμένην
1131 1073 1163 1112 τε
1193 1053 1234 1118 ῶς
1255 1049 1454 1134 κρησφύγετόν
1473 1072 1501 1112 τι

253 1151 490 1234 καταφεύγουσιν,
517 1151 569 1234 τὴν
592 1151 683 1214 αἰτίαν
710 1154 767 1214 τῶν
796 1152 837 1234 μὴ
864 1150 989 1221 δεύντως
1019 1151 1228 1234 πεπραγμένων
1251 1176 1271 1236 η
1297 1152 1503 1237 τραπομένων

253 1256 365 1323 ἑαυτοῖς
392 1253 445 1338 ἀφ’
473 1254 568 1316 αὑτῶν
596 1252 642 1316 ἐπ’
670 1253 782 1338 ἐκείνην
811 1253 1028 1339 μεταφέροντες,
1056 1255 1104 1317 καὶ
1126 1256 1219 1317 πάντα
1244 1256 1278 1338 γέ
1305 1276 1391 1339 φασιν
1422 1253 1503 1318 ούτοι

254 1357 319 1422 τότε
340 1357 471 1441 γίνεσθαι
493 1353 560 1419 καθ’
589 1355 775 1441 εἱμαρμένην,
799 1358 1017 1442 μεταπεσούσης
1039 1358 1071 1420 δὲ
1093 1362 1146 1440 τῆς
1166 1357 1259 1442 τύχης
1281 1356 1377 1426 αὐτοῖς
1398 1359 1447 1421 ἐπὶ
1468 1359 1502 1421 τδ
1516 1373 1544 1415 σε

215 1477 240 1522 10
255 1462 376 1548 βέλτιον,
400 1460 497 1524 οὐκέτι
519 1458 566 1521 έπί
588 1464 641 1542 τῆς
655 1459 745 1543 αὐτῆς
767 1458 852 1544 δύξης
875 1459 1024 1542 μένουσιν·
1058 1461 1101 1529 οἱς
1123 1462 1155 1523 δὲ
1176 1460 1281 1544 τάπης
1302 1461 1409 1529 οἰκείας
1431 1463 1503 1542 γνῶ-

255 1589 312 1649 μης
334 1563 412 1632 δεξιὰ
439 1563 487 1626 καί
513 1562 604 1645 ταύτγγ
629 1561 744 1647 συνῳδὰ
771 1565 807 1627 τὰ
829 1562 907 1647 παρὰ
932 1568 984 1646 τῆς
1010 1564 1112 1648 τύχης,
1138 1565 1180 1632 εἰς
1202 1564 1324 1632 ἑαυτούς
1350 1567 1459 1647 μᾶλλον
1482 1588 1502 1646 η

183 1654 187 1665 ’
254 1669 307 1752 τὴν
330 1666 507 1751 εἱμαρμένην
535 1666 587 1748 τὴν
610 1665 701 1728 αἰτίαν
726 1670 785 1727 τῶν
812 1666 968 1747 γινομένων
995 1669 1177 1731 ἀνάπτουσιν.
1221 1665 1304 1730 ἄλλοι
1330 1664 1355 1730 δ’
1383 1663 1419 1729 αύ
1442 1670 1501 1728 τῶν

257 1772 309 1853 μὲν
332 1770 433 1839 δεξιῶν
456 1769 591 1831 ἁπάντων
614 1792 633 1850 η
656 1766 778 1837 ἑαυτούς
800 1792 819 1850 η
841 1769 874 1831 τδ
897 1769 976 1831 θεῖον
998 1769 1155 1843 αἰτιῶνται,
1177 1767 1225 1831 ἐπὶ
1240 1769 1273 1832 δὲ
1293 1774 1355 1874 τοῖφ
1374 1769 1503 1854 χείροσιν

256 1874 430 1958 ἐπιβοῶνται
455 1872 508 1955 τὴν
535 1870 720 1955 εἱμαρμένην.
765 1871 819 1934 εἰσὶ
846 1870 878 1933 δέ
904 1895 978 1941 τινες
1002 1872 1051 1934 καί
1077 1870 1180 1956 γύητες
1205 1871 1370 1956 ἅνθρωποι,
1399 1872 1504 1940 οἵτινες

215 1991 240 2034 15
254 1975 482 2057 κατανοήσαντες
507 1974 559 2058 τὴν
589 1979 647 2037 τῶν
674 1976 789 2037 πολλῶν
816 1973 969 2037 ἀσθένειαν
1003 1975 1068 2058 περὶ
1095 1975 1147 2058 τὴν
1174 1979 1226 2058 τῆς
1252 1973 1429 2059 εἱμαρμένης
1454 1975 1503 2037 καί

254 2083 311 2140 τῶν
334 2077 396 2140 κατ’
424 2077 513 2160 αὐτὴν
536 2077 709 2160 γιγνομένων
731 2077 833 2161 κρίσιν,
856 2079 903 2140 καί
925 2078 958 2140 τδ
981 2075 1079 2162 ῥᾴδιον
1103 2076 1198 2140 αὐτῶν
1221 2077 1269 2140 διὰ
1288 2078 1438 2162 φιλαυτίαν
1453 2077 1502 2140 καὶ
1516 2094 1543 2135 ιο

254 2181 287 2243 τδ
311 2182 401 2266 μηδὲν
424 2181 521 2249 αύτοίς
543 2179 700 2243 συνειδέναι
723 2180 815 2249 δεΕιδν
838 2181 910 2264 πρὸς
936 2181 1029 2244 πίστιν
1051 2183 1103 2242 τοῦ
1125 2180 1240 2243 πάντων
1262 2186 1321 2243 τῶν
1343 2182 1503 2266 ἁμαρτανο-

255 2283 349 2366 μένων
376 2284 427 2366 την
455 2283 632 2368 εἱμαρμένην
665 2283 812 2347 αἰτιᾶσθαι
839 2283 1045 2367 ἀποφαίνονται
1071 2288 1128 2346 τάν
1161 2285 1194 2347 τδ
1220 2280 1385 2367 γιγνύμενυν
1414 2285 1503 2367 γίγνε-

255 2386 324 2449 σθαι
349 2384 417 2449 καθ’
450 2384 637 2470 εἱμαρμένην,
670 2387 718 2448 καί
744 2386 849 2472 τέχνην
877 2386 1078 2471 ύποκρίνονταὶ
1100 2410 1162 2449 τινα
1188 2387 1332 2472 τοιαύτην,
1365 2385 1433 2450 καθ’
1465 2389 1502 2471 ἧν

213 2505 240 2548 20
253 2511 338 2572 φασιν
362 2488 470 2552 οἷοίτε
499 2468 571 2551 εἰύαι
597 2489 691 2551 πάντα
717 2491 939 2572 προγιγνώσκειν
967 2512 998 2551 τε
1028 2491 1075 2552 καί
1103 2490 1277 2574 προμηνύειν
1303 2490 1340 2552 τὰ
1366 2491 1503 2553 ὁπωσοῦν

254 2591 389 2675 ἐσύμενα,
418 2597 460 2677 τῷ
485 2592 575 2676 μηδὲν
597 2590 693 2654 αὐτῶν
714 2592 861 2674 γίγνεσθαι
889 2594 982 2677 χωρίς
1003 2593 1131 2676 ἀνάγκης
1155 2591 1240 2669 τινύς,
1267 2592 1302 2675 ἣν
1325 2592 1503 2677 εἱμαρμένην

254 2695 399 2776 λέγουσιν·
436 2695 483 2757 καί
505 2693 642 2779 λαβύντες
665 2693 793 2778 βοηθούς
814 2693 881 2763 τοὺς
906 2697 953 2758 καὶ
975 2700 1027 2779 τῆς
1048 2695 1154 2780 τέχνης
1177 2695 1273 2764 αὐτοῖς
1295 2695 1411 2768 αἰτίους,
1437 2696 1503 2757 ἀνα-

254 2798 402 2861 πειθουσιν
424 2797 491 2866 τοὺς
513 2798 663 2865 πλείστους
684 2802 742 2860 τῶν
765 2797 939 2881 ἀνθρώπων,
963 2797 993 2859 ἐν
1016 2802 1077 2866 ταῖς
1099 2799 1300 2882 περιστάσεσιν
1322 2799 1419 2869 αὐτοῖς
1440 2800 1500 2863 ἐπι·
1513 2817 1541 2859 ιτ»

253 2899 399 2983 τιθέμενοι
432 2900 480 2962 καί
507 2903 568 2968 ταῖς
591 2904 765 2984 συμφοραῖς,
799 2898 886 2982 μύνον
915 2899 967 2963 οὐκ
998 2899 1170 2985 εὐχομένοις
1199 2899 1281 2964 τοῦθ’
1313 2903 1406 2971 ούτως
1432 2900 1502 2989 ἔχον

213 3020 241 3064 25
254 3008 388 3088 φανῆναι,
412 3003 486 3066 κατά
507 3026 570 3066 τινα
591 3001 691 3087 τριβήν
714 3025 745 3065 τε
767 3003 815 3065 καὶ
837 3003 902 3087 περὶ
924 3002 960 3066 τδι
982 3008 1100 3067 τοιαῦτα
1119 3003 1232 3067 σύνεσιν
1254 3005 1302 3066 καί
1323 3008 1376 3087 της
1398 3004 1504 3075 ἐντοῖς

253 3107 392 3174 τοιούτοις
418 3105 593 3174 ἀκολουθίας
619 3104 745 3189 θεωρίαν
772 3104 959 3188 προλέγοντες
986 3105 1136 3191 εὐστόχως
1161 3105 1223 3169 τινὰ
1245 3111 1304 3169 τῶν
1330 3113 1389 3176 τοῖς
1411 3108 1505 3178 ούτως

255 3208 374 3295 ἔχουσιν
401 3209 572 3277 ἀκολούθως
597 3207 755 3288 ἐσομένων,
790 3210 830 3276 ῶς
857 3208 894 3291 δὴ
922 3207 999 3272 τοῦτ’
1027 3209 1061 3271 ἑκ
1087 3215 1139 3293 τῆς
1160 3210 1267 3294 τέχνης
1288 3214 1341 3293 της
1362 3211 1428 3295 περί
1450 3212 1503 3296 τὴν

255 3311 430 3396 εἱμαρμένην
454 3308 533 3396 ἔχειν
555 3310 686 3393 λέγοντες
709 3309 831 3393 μισθούς
853 3310 905 3373 οδκ
928 3311 1042 3393 ύλίγους
1066 3311 1137 3396 ὑπὲρ
1160 3318 1212 3395 τῆς
1233 3312 1367 3397 τοιαύτης
1388 3337 1504 3377 κακοτε·

254 3415 337 3500 χνὶας
363 3413 538 3497 ἐκλέγοντες,
568 3412 701 3496 ἀσμένως
729 3412 825 3481 αύτοὶς
851 3418 909 3475 τῶν
936 3414 1125 3498 πειρωμένων
1152 3415 1288 3479 διδύντων
1316 3419 1356 3484 ῶς
1384 3416 1504 3500 βοηθοῖς
1518 3433 1545 3475 σο

215 3534 243 3578 σο
256 3519 303 3581 καί
326 3515 494 3602 συνηγύροις
516 3521 574 3579 τῶν
597 3515 711 3578 οἰκείων
734 3516 960 3599 ἁμαρτημάτων.
1005 3516 1033 3579 οἳ
1055 3517 1102 3579 καί
1124 3516 1190 3586 τοὺς
1212 3519 1361 3587 πλείστους
1383 3524 1440 3581 τῶν
1458 3520 1504 3582 ἀν-

258 3622 386 3705 θρώπων
409 3619 631 3683 ἀναπεπείκασιν
655 3617 691 3681 δι’
719 3619 819 3703 ἀργίαν
842 3619 1002 3702 ἀφεμένους
1025 3623 1076 3681 τού
1096 3625 1223 3696 σκοπεῖν,
1247 3619 1306 3705 ύπη
1329 3621 1400 3684 ποτὲ
1414 3625 1505 3684 ταῦτα

257 3721 332 3809 ἔχει,
355 3723 402 3785 καί
423 3723 465 3792 τίς
492 3723 511 3805 ἡ
534 3722 612 3791 τάξις
634 3721 664 3784 έν
691 3727 750 3790 τοὶς
772 3719 851 3783 οὖσιν
878 3726 929 3804 της
957 3721 1142 3807 εἱμαρμένης,
1172 3724 1265 3786 πάντα
1290 3723 1327 3786 τὰ
1352 3723 1505 3807 γιγνύμενα

255 3825 323 3891 καθ’
351 3825 527 3909 εἱμαρμένην
549 3824 695 3908 γίγνεσθαι
717 3823 819 3906 λέγειν.
863 3823 928 3886 ἀλλ’
956 3824 1058 3908 ἐπειδὴ
1082 3827 1156 3910 μηδὲ
1186 3828 1213 3889 οἱ
1236 3829 1310 3890 πάνυ
1332 3828 1385 3911 τὴν
1407 3829 1505 3912 εἱμαρ-

257 3928 345 4013 μένην
367 3929 562 4013 ἐπιβοώμενοι
584 3927 614 3989 ἐν
636 3930 697 3996 ταῖς
718 3926 792 3990 κατὰ
814 3927 862 3990 τδν
887 3927 946 4012 βίον
968 3927 1104 4012 πράξεσιν
1123 3928 1220 4012 ἐκείνη
1243 3931 1390 4014 φαίνονται
1412 3932 1506 3993 πάντα

242 4145 604 4153 ...-—————---—

204 4287 303 4341 δποτί
320 4287 399 4341 Orelli
521 4285 693 4358 διδκυριῖο
817 4287 984 4360 δέρωταιδ
1106 4307 1134 4342 τε
1153 4305 1202 4342 om.
1222 4290 1313 4343 Orelli:
1333 4290 1441 4345 fortasse
1459 4310 1488 4344 τε
1506 4295 1559 4355 (καὶ

204 4379 303 4448 μοῖραν)
407 4392 431 4426 τι
449 4374 539 4426 om.G
645 4375 860 4446 ἱπτπραγμένων
877 4395 905 4428 τε
923 4395 939 4446 η
959 4377 1037 4430 0τυίἰί
1144 4378 1318 4430 8ἑαυτῶνΗ
1419 4379 1559 4438 ἐνιείνοιςθΙ

202 4480 231 4587 ἀι
249 4516 284 4567 V:
307 4533 334 4584 γε
352 4513 409 4567 110:
436 4515 513 4567 καίο
640 4517 656 4569 9
679 4516 763 4574 αἰιτυῖς
780 4518 857 4570 VHa:
880 4516 958 4586 αὐτῆς
977 4517 1007 4570 C:
1033 4533 1083 4570 om.
1102 4518 1181 4571 Orelli
1313 4519 1344 4571 12
1367 4518 1398 4571 αὖ
1417 4525 1469 4572 τῶν
1489 4521 1559 4574 vea:

203 4602 331 4655 αύτῶνίἰ
441 4603 470 4653 17
490 4600 574 4660 αὐτοῖς
592 4605 697 4673 scripsi:
716 4604 800 4663 αὐτοῖς
819 4605 904 4658 vena
1010 4605 1144 4658 συνειδέναι
1164 4607 1235 4659 vea:
1255 4614 1360 4659 συνεῖναι
1379 4609 1400 4661 H
1422 4608 1501 4661 Orelli

205 4690 239 4743 20
263 4689 314 4742 οἱον
334 4690 370 4743 Ca
484 4690 650 4760 πρυμηνύσειν
669 4692 748 4746 Orelli
863 4693 897 4744 22
921 4692 1004 4751 αὺτοῖς
1023 4695 1081 4746 VH:
1101 4694 1178 4764 αὐτῆς
1198 4695 1246 4747 Ca:
1265 4694 1350 4746 αδτῶν
1370 4696 1448 4748 Orelli

205 4778 238 4831 25
257 4782 365 4848 φανῆναι
382 4778 426 4830 καί
444 4778 547 4831 natac
653 4779 698 4837 τὰς
715 4779 872 4838 τοιαύταςΗ
979 4780 1125 4834 σύνθεσινα
1228 4781 1261 4833 26
1280 4789 1331 4840 τοῖς
1349 4780 1430 4842 οὕτως
1448 4782 1559 4854 ἔχουσιν]

205 4865 237 4918 οἰ.
256 4867 281 4918 ἰν
298 4872 352 4925 ταῖς
370 4867 539 4936 περιστάσεσιν
556 4865 640 4925 αὐτοῖς
658 4866 799 4936 ἐπιθέμενοι
816 4869 860 4920 καί
878 4876 932 4927 ταῖς
949 4876 1087 4942 συμφοραῖς
1105 4887 1127 4921 ν.
1141 4869 1175 4923 23
1263 4869 1296 4922 ‘28
1315 4870 1381 4941 ἔχειν
1398 4886 1449 4925 om.
1464 4872 1543 4926 Orelli

204 4953 368 5029 κατατιχνίας
386 4972 402 5008 α
508 4953 542 5008 30
560 4955 644 5009 οἱκαὶ
662 4955 743 5009 VHC:
763 4956 799 5015 οἱς
816 4957 859 5009 καί
877 4973 892 5010 υ
997 4957 1031 5010 34
1050 4957 1131 5030 ἐκείνη
1152 4974 1167 5011 υ
