3540 5610
608 316 739 375 ΗΘΙΚΩΝ
759 316 1025 375 ΠΡΟΒΛΗΜΑΤΩΝ
1047 320 1148 374 17-20
1493 320 1554 384 139

251 494 323 559 εἶναι
351 497 466 578 ψεῦδος.
512 497 650 565 πολλάκις
676 494 730 578 γὰρ
757 497 890 577 φανερῶς
915 493 986 556 αύτδ
1018 493 1049 556 δν
1078 495 1166 578 ἀηδὲς
1194 493 1373 577 αἱρούμεθα,
1404 492 1451 555 καὶ
1475 492 1502 554 εἰ

252 596 434 682 συμβέβηκεν
457 599 490 662 δὲ
512 598 558 662 καὶ
582 601 625 682 τῷ
649 600 746 681 καλῷ,
769 591 791 680 ῆ
815 594 903 659 καλόν
927 595 997 671 ἐστι,
1021 597 1068 659 καὶ
1092 598 1158 679 ῆδεῖ
1177 596 1260 664 εἶναι.
1284 595 1343 658 ἀλλ’
1371 593 1405 658 ού
1429 592 1500 657 διότι

251 701 308 784 1,δὸ
331 698 403 763 αύτδ
426 702 559 784 αἱρεῖται.
597 701 629 764 τδ
652 703 721 782 γοῦν
743 700 865 784 αἰσχρδν
888 701 1029 768 πολλάκις
1048 698 1082 761 όν
1106 699 1161 781 ῆδύ
1186 697 1432 781 ἀποστρεφόμεθα
1453 696 1502 761 καὶ

254 803 408 887 φεύγομεν.
453 804 478 866 εἰ
501 804 533 866 δὲ
558 807 643 865 τούτο
671 802 719 866 διὰ
745 804 778 865 τδ
805 803 926 886 αἰσχρὸν
953 803 1111 884 φεύγομεν,
1139 803 1187 865 καὶ
1214 802 1368 883 αἱροίμεθα
1394 799 1429 862 ἀν
1457 799 1504 863 διὰ
1519 815 1544 856 ιι»

214 925 229 974 5
253 905 287 967 τὸ
310 906 398 968 καλδν
421 905 453 968 τδ
477 905 542 988 ἡδύ.
587 904 662 967 ἀλλὰ
684 906 732 967 καὶ
754 907 787 968 τδ
809 905 901 987 λέγειν
925 905 1016 988 μηδὲν
1038 904 1111 968 εἶναι
1134 907 1171 986 τῆ
1194 905 1283 967 αὑτοῦ
1306 904 1392 988 φύσει
1415 903 1502 966 καλὸν

256 1008 331 1091 μηδὲ
345 1007 478 1094 αἰσχρόν,
502 1007 576 1070 ἀλλά
599 1008 671 1091 πρδς
694 1007 765 1075 ἰδίας
781 1009 939 1091 προλήψεις
958 1006 1096 1089 λέγεσθαι
1118 1012 1217 1081 ταῦτα,
1240 1009 1288 1070 καὶ
1304 1009 1433 1069 ἀπαιτεῖν
1457 1006 1504 1069 διά

251 1111 338 1192 λόγου
360 1112 437 1180 τινδς
452 1111 607 1195 δειχθῆναι
631 1112 663 1173 τδ
686 1112 775 1173 καλὸν
790 1108 897 1185 αὐτοῖς,
920 1109 1019 1191 ὁμοῖον
1043 1115 1084 1194 τῷ
1102 1111 1233 1172 ἀπαιτεῖν
1256 1109 1340 1192 λύγον
1362 1114 1414 1172 τού
1430 1108 1505 1172 εἶναί
1515 1125 1543 1166 ευ

252 1237 279 1276 τι
306 1213 418 1277 λευκόν.
463 1212 547 1276 οὐδὲν
574 1213 628 1295 γὰρ
655 1218 712 1274 τῶν
741 1212 868 1296 ἐναργῶν
896 1218 933 1296 τῆ
960 1214 1056 1276 αὑτῶν
1084 1212 1169 1297 φύσει
1196 1215 1286 1276 δεῖται
1313 1218 1364 1296 τῆς
1390 1213 1503 1275 ἐκτῶν

252 1317 345 1400 λὸγων
369 1317 508 1391 πίστεως,
535 1316 651 1401 ἐναργὲς
678 1317 711 1379 δὲ
736 1321 822 1379 πᾶσιν
850 1323 910 1385 τοῖς
939 1318 979 1401 μῆ
1003 1315 1224 1399 πεπηρωμένοις
1253 1316 1285 1377 τδ
1313 1314 1394 1398 ὄμμα
1419 1320 1503 1379 τοῦτο

200 1443 233 1489 ιο
253 1425 306 1503 τῆς
327 1425 440 1504 ψυχῆς,
468 1415 494 1503 ᾦ
518 1423 609 1482 ταῦτα
630 1420 814 1502 γνωρίζεται,
841 1421 874 1481 τδ
897 1418 971 1482 εἶναί
990 1443 1016 1482 τι
1044 1421 1131 1483 καλὸν
1158 1420 1206 1482 καὶ
1228 1417 1361 1503 αἰσχρόν.
1406 1417 1450 1482 ύτι
1472 1419 1504 1482 δὲ
1518 1433 1545 1475 υσ

254 1525 286 1586 ἐκ
309 1524 428 1608 φύσεως
455 1524 524 1605 ἡμῖν
551 1523 584 1584 τδ
610 1522 758 1605 γνωρίζειν
786 1524 821 1585 τά
843 1546 874 1585 τε
901 1522 1009 1607 αίογρά
1037 1523 1083 1584 καὶ
1107 1522 1142 1583 τὰ
1165 1523 1253 1593 καλά,
1281 1523 1368 1604 δῆλον
1391 1525 1433 1605 τῷ
1456 1519 1504 1581 ἐπὶ

255 1632 316 1695 τοῖς
337 1627 471 1710 αἰσχροῖς
492 1625 526 1689 οὐ
548 1622 717 1709 γινογμένοις
740 1624 837 1708 μόνον,
860 1625 935 1688 ἀλλά
958 1627 1005 1688 καὶ
1028 1624 1192 1707 λεγομένοις
1214 1624 1420 1708 ἐρυθαίνεσθαι
1444 1625 1483 1691 ὥς
1506 1630 1557 1685 267

252 1753 278 1792 τι
299 1730 475 1813 πάσχοντας,
499 1728 546 1790 καὶ
569 1732 654 1791 τούτο
681 1725 757 1792 ἔστιν
781 1729 850 1791 ἰδεῖν
874 1730 922 1791 καὶ
945 1727 975 1790 ἐν
999 1732 1058 1796 τοῖς
1075 1732 1184 1810 μικροῖς
1207 1726 1249 1790 ἔτι
1271 1727 1418 1810 γινόμενον
1441 1750 1503 1789 παι-

254 1834 334 1901 δίοις.
380 1831 428 1894 καὶ
450 1830 504 1915 γάρ
527 1835 617 1894 ταῦτα
640 1831 763 1916 ἐρυθριᾷ
787 1833 924 1900 πολλάκις
947 1834 988 1900 ῶς
1009 1832 1057 1893 ἐπὶ
1079 1832 1211 1915 αἰσχροῖς
1234 1832 1314 1894 τισίν.

201 2076 235 2124 15
253 2053 337 2120 XIX.
375 2051 449 2119 Ὅτι
472 2055 517 2138 μῆ
540 2054 722 2138 ὁμοειδεῖς
743 2054 778 2116 αἱ
801 2053 932 2137 ἡδοναί.
1530 2069 1544 2111 τ

338 2224 384 2289 Τὰ
406 2227 526 2310 ὁμοειδῆ
549 2225 687 2308 ἀλλήλοις
710 2224 763 2288 ούκ
787 2222 862 2288 ἔστιν
885 2226 1019 2309 ἀλλήλων
1043 2226 1198 2310 φθαρτικά.
1238 2224 1303 2289 ούτε
1326 2225 1380 2310 γὰρ
1402 2227 1503 2289 λευκὸν

253 2330 310 2393 ὁπδ
334 2331 438 2392 λευκοῦ
461 2330 537 2393 καθὸ
560 2330 665 2393 λευκδν
688 2330 847 2414 φθείρεται,
870 2327 936 2392 ούτε
958 2329 1047 2410 μέλαν
1071 2330 1127 2392 ὑπὸ
1151 2329 1283 2412 μέλανος,
1307 2327 1373 2393 ούτε
1397 2329 1504 2410 θερμὸν

256 2433 312 2495 ύπδ
336 2433 458 2516 θερμοῦ,
481 2434 572 2517 ἡδονὴ
596 2435 629 2496 δὲ
651 2433 707 2495 ὁπδ
731 2434 839 2516 ἡδονῆς
861 2432 922 2496 ἐστι
943 2432 1099 2517 φθαρτική.
1133 2434 1163 2495 αἱ
1186 2437 1252 2514 γοῦν
1276 2433 1334 2495 ἀπὸ
1358 2437 1415 2493 τῶν
1439 2430 1506 2515 σφὸ-
1521 2447 1547 2490 ιυ

254 2536 308 2618 δρα
337 2535 579 2619 σπουδαζομένων
605 2536 707 2619 ῆδοναὶ
734 2536 884 2620 φθείρουσι
910 2535 961 2603 τάς
983 2536 1041 2598 ἀπὸ
1070 2540 1127 2598 τῶν
1155 2534 1398 2616 σπουδαζομένων
1425 2531 1505 2597 ἔλατ·

207 2656 238 2705 κο
255 2660 312 2701 τον.
358 2639 388 2702 ἐν
410 2643 478 2722 γοῦν
501 2644 560 2708 τοῖς
583 2639 716 2722 θεάτροις
737 2640 756 2720 ἡ
780 2638 839 2701 ἀττὸ
866 2642 916 2702 τοῦ
939 2639 1053 2702 ἀκούειν
1076 2639 1151 2707 τινὸς
1174 2639 1386 2722 κωμῳδούντος
1407 2640 1505 2705 καλῶς

253 2740 366 2825 φθείρει
393 2742 444 2825 τὴν
473 2742 531 2804 ἀπδ
558 2745 609 2804 τού
636 2740 863 2826 τραγηματίζειν.
910 2741 935 2803 εἰ
958 2740 999 2821 δέ,
1034 2740 1091 2824 δὴ
1116 2741 1228 2803 ἐναντία
1256 2741 1333 2824 λύπη
1362 2745 1440 2802 ποιεῖ
1464 2743 1544 2823 τῆισ

254 2846 364 2927 ῆδονῆ,
398 2848 482 2908 τούτο
516 2848 595 2907 ποιεῖ
621 2846 640 2927 ῆ
674 2843 732 2907 ἀπό
763 2867 836 2912 τινος
869 2842 960 2907 ἀλλου
992 2846 1099 2928 ἡδονή,
1131 2843 1184 2907 ούκ
1219 2843 1253 2906 ἀν
1287 2842 1333 2928 εἴη
1367 2844 1504 2926 ὁμοειδὴς

256 2947 340 3031 αὕτη,
365 2949 405 3015 ῶς
426 2951 468 3032 τῷ
484 2948 603 3032 ἀριθμῷ
620 2946 765 3032 διαφέρειν
787 2948 882 3029 μόνον.
921 2945 962 3010 ἔτι
977 2946 1029 3031 <ε1>
1044 2948 1073 3010 αἱ
1095 2948 1196 3030 ῆδοναὶ
1219 2948 1324 3010 οἰκεῖαι
1346 2949 1407 3015 ταῖς
1430 2945 1506 3028 ἐνερ·

255 3052 357 3132 γείαις,
387 3048 434 3133 ἐφ’
462 3050 508 3118 αῖς
534 3051 669 3132 γίνονται,
698 3050 768 3134 τέλη
795 3049 879 3114 οὖσαι
905 3049 1000 3114 αὐτῶν
1026 3055 1083 3113 τῶν
1112 3049 1174 3113 κατ’
1202 3049 1278 3119 εἶδος
1305 3051 1505 3135 διαφερουσῶν

211 3170 237 3220 ιο
255 3155 390 3238 ἀλλήλων
417 3152 578 3238 ἐνεργειῶν,
613 3152 669 3217 εἶεν
692 3153 726 3216 ἂν
749 3154 798 3217 καὶ
819 3155 849 3216 αἱ
872 3155 973 3237 ἡδοναὶ
996 3153 1090 3237 ἕτεραι
1111 3158 1154 3237 τῷ
1179 3152 1249 3217 εῖδει
1272 3155 1417 3238 ἀλλήλων.
1463 3149 1505 3215 ἔτι
1518 3168 1547 3210 ει)

260 3257 284 3319 εἰ
305 3256 360 3339 τῆν
382 3260 433 3318 τού
448 3256 613 3321 ἀκολάστου
635 3257 743 3341 ἡδονὴν
766 3257 807 3340 μὴ
823 3256 884 3319 οἶόν
906 3279 938 3319 τε
959 3256 1088 3339 ῆσθῆναι
1110 3257 1158 3318 τδν
1182 3259 1332 3340 σώφρονα,
1356 3256 1431 3340 μηδὲ
1454 3256 1505 3339 τῆν

257 3363 307 3422 τοῦ
330 3361 481 3444 σώφρονος
507 3361 556 3422 τδν
584 3358 759 3434 ἀκόλαστον,
788 3359 841 3422 ούκ
867 3358 902 3422 ἀν
931 3358 988 3421 εἶεν
1016 3360 1158 3440 ὁμοειδεῖς
1186 3359 1325 3442 ἀλλήλαις
1352 3360 1381 3421 αἱ
1405 3359 1506 3441 ἡδοναὶ

258 3466 359 3526 πᾶσαι.
404 3462 478 3526 ἀλλὰ
502 3464 559 3547 μὴν
581 3464 614 3526 τδ
637 3470 762 3547 πρῶτον,
785 3463 818 3526 τδ
841 3462 897 3547 ἀρα
920 3460 1092 3546 δεύτερον.1
1518 3477 1546 3519 ιε

255 3685 322 3752 XX.
361 3684 431 3753 Ὅτι
454 3690 498 3772 μὴ
522 3690 589 3774 χρὴ
613 3693 798 3774 πανταχοῦ
820 3690 856 3751 τδ
879 3689 1053 3774 χρήσιμον
1076 3693 1204 3773 ζητεῖν.
1505 3696 1558 3754 2118

211 3875 241 3927 30
333 3857 367 3925 Ὁ
397 3860 428 3923 ἐν
456 3861 536 3944 πάσῃ
566 3861 667 3944 πράξει
695 3862 743 3925 καὶ
771 3862 855 3924 παντὶ
885 3861 1038 3945 μαθήματι
1063 3862 1096 3924 τδ
1126 3862 1270 3945 χρήσιμον
1299 3861 1429 3923 ἀπαιτῶν
1457 3863 1505 3924 καί

258 3964 350 4048 μηδὲν
373 3961 461 4032 ἀξιῶν
485 3964 640 4045 μανθάνειν
668 3964 816 4047 ῆποιεῖν,
846 3965 861 4029 δ
886 3966 926 4049 μῆ
955 3962 1015 4027 ἔστι
1038 3964 1198 4048 χρήσιμον,
1229 3963 1313 4033 υύτος
1341 3965 1453 4049 ἀναιρεῖ
1473 3968 1505 4029 τὸ
1533 3980 1547 4024 σ

208 4207 330 4280 θῆὸθιι
348 4211 406 4276 Sp.:
427 4209 448 4261 τί
467 4212 514 4261 VB
622 4208 758 4282 θαιοχρδν
777 4214 800 4261 V
917 4210 1011 4278 5post
1029 4209 1076 4279 ἡδὺ
1095 4210 1152 4262 add.
1173 4210 1186 4262 δ
1206 4229 1222 4261 ο
1327 4210 1446 4264 θαύτῶν
1467 4217 1497 4263 V:
1516 4212 1559 4264 αύ-

207 4302 246 4349 τοὸ
262 4298 311 4349 B¹:
331 4296 409 4349 αύτού
428 4295 479 4349 B²a
498 4299 553 4364 Sp.:
573 4297 663 4350 ἑαυτοῦ
682 4298 714 4350 S²
823 4299 854 4350 10
873 4293 894 4368 ᾦ
914 4297 1000 4350 vicu?
1019 4300 1076 4365 Sp.:
1097 4297 1132 4355 ὡς
1151 4298 1210 4349 libri
1317 4298 1342 4350 δὲ
1362 4314 1411 4350 om.
1431 4317 1446 4349 a

209 4383 475 4455 11τηῖ111υ118ρ.;
494 4383 601 4437 τὸ111ιτ1
711 4384 742 4436 12
769 4384 941 4455 ἐρυθαίνισθαι
959 4385 1098 4439 V²GSFB:
1124 4384 1283 4464 ἐρυθίνεσθαι
1303 4389 1351 4437 V':
1372 4384 1560 4457 ἐρυθραίνεσθαι

206 4490 278 4556 ιιὸρ.
400 4487 430 4541 13
458 4488 584 4557 γινόμενον
609 4489 644 4541 ἔτι
663 4508 679 4541 a
696 4492 740 4557 Sp.
859 4490 889 4541 19
918 4496 969 4541 τῶν
988 4490 1063 4560 ῆττον
1082 4507 1122 4542 σπ.
1144 4492 1227 4543 11111
1343 4491 1377 4542 ⁴20
1404 4491 1559 4558 κωμωδούν-

205 4580 284 4628 τοσλῖ
375 4575 405 4627 21
434 4577 632 4646 τραγηματίζιιν]
651 4597 685 4646 μα
705 4581 732 4630 in
752 4578 789 4630 lit.
810 4582 833 4628 V
941 4576 1092 4647 ὃήθίυΙει
1112 4577 1142 4648 δὴ
1164 4575 1560 4648 vs¹B¹GF26÷16mps²B²a

204 4665 245 4730 Sp.
334 4661 405 4717 λύττει
425 4665 459 4715 V¹
479 4665 554 4729 (corr.
573 4664 619 4730 θ’)
718 4665 751 4718 23
770 4664 834 4733 αύτη
855 4669 885 4716 V:
905 4665 968 4736 αὐτὴ
989 4685 1004 4717 υ
1022 4671 1081 4734 Sp.:
1101 4666 1178 4735 αύτῆς
1197 4669 1237 4718 sF
1336 4664 1371 4717 ἔτι
1392 4665 1420 4717 in
1439 4667 1476 4717 lit.
1499 4671 1521 4719 V

204 4751 223 4802 ι1
239 4751 299 4804 81111.
320 4750 449 4804 Schwartz
556 4750 589 4804 25
613 4751 660 4804 εἷεν
684 4751 728 4804 ούν
753 4751 782 4803 δν
803 4754 860 4804 v²13
883 4754 948 4804 vict.
968 4755 1011 4820 Sp.
1119 4754 1152 4805 26
1176 4752 1328 4821 ἀκολάστου]
1353 4772 1370 4804 κ
1389 4753 1416 4803 in
1441 4752 1478 4804 lit.
1498 4757 1522 4803 V

204 4832 310 4910 ῆσθῆναι
335 4839 370 4888 V¹
393 4839 470 4904 (corr.
493 4837 540 4905 V²)
664 4839 698 4891 30
725 4839 859 4914 χρήσιμον]
884 4856 907 4893 σι
930 4840 987 4892 add.
1012 4839 1049 4891 V²
1154 4841 1185 4893 31
1215 4841 1231 4913 ῆ
1252 4844 1275 4891 V
1400 4840 1495 4911 ἀναιρεῖ
1517 4841 1558 4912 τό]

205 4927 326 4998 ἀναιρεῑτο
344 4929 369 4978 V
430 4957 433 4963 ·
