3540 5610
1184 332 1196 385 1
1232 331 1359 386 INDEX
1384 329 1566 387 NOMINUM

214 331 279 397 230
360 330 495 417 Ἀρχαῖοι

265 503 313 572 τὴν
332 501 397 563 λέξιν
414 502 441 556 δέ
458 504 505 574 τὴν
523 504 550 557 έν
561 507 599 574 τῷ
616 505 693 578 τρίτῳ
705 507 760 578 περὶ
774 503 865 576 Ψυχῆς
916 501 1082 575 Ξέναρχος
1118 505 1173 576 περί
1190 509 1236 558 τοῦ
1253 504 1355 576 πρώτου
1374 503 1467 557 οἰκείου
1487 504 1567 570 151,8

266 589 364 649 τοῦτοις
381 596 552 664 προσοικειοῦν
571 590 639 661 έλεγε
658 591 706 646 δεῖν
727 590 803 661 11133
911 589 1042 662 Ὅμηρος
1060 590 1084 658 (ό
1102 591 1218 662 ποιητής)
1241 593 1272 645 Il.
1291 589 1438 646 Ζ488-9
1466 593 1523 655 182,
1536 593 1565 646 14

213 675 356 752 Ἀρχαῖοι.
390 678 414 731 οί
431 679 529 752 άρχαῖοι
545 678 592 747 τὴν
611 678 697 750 ψυγὴν
715 681 795 732 πάντα
813 678 864 731 ίλε-
968 679 997 731 11.
1017 675 1100 732 Υ336
1121 679 1197 744 1865

266 783 310 835 γον
332 761 394 818 εἶναι
415 765 447 818 τά
468 767 602 837 πράγματα
625 769 662 837 τῷ
685 773 763 819 ποιεῖν
785 765 864 835 αὐτὴν
917 762 1100 838 Περίπατος.
1143 767 1169 819 αἱ
1191 767 1245 838 περί
1271 772 1317 820 τοῦ
1343 768 1446 838 πρώτου
1473 767 1567 821 οίκείου

267 852 296 905 ἐκ
313 858 367 905 τιῦν
385 853 481 926 άρχιῦν,
499 850 525 912 le
544 851 580 905 ών
596 854 639 906 καί
656 854 688 907 τά
707 853 766 907 όνια
784 855 864 906 πάντα
968 852 1037 914 δόξαι
1049 854 1116 907 κατὰ
1126 854 1186 913 τοὺς
1198 854 1247 909 ἀπὸ
1259 859 1304 907 τοῦ
1318 851 1457 925 Περιπάτου
1475 854 1567 920 15336

267 939 351 999 αῦτοῖς
368 939 400 1011 ἠν
418 940 496 1004 9134
917 936 1055 993 Πλάτων.
1083 943 1149 994 κατὰ
1163 938 1287 995 Πλάτωνα
1298 943 1328 995 ίκ
1342 940 1481 1000 ουνθίσεώς
1491 960 1567 994 τινων

215 1024 398 1099 Βεργίννιος
427 1024 558 1097 Ροῦφυς.
605 1028 660 1098 περὶ
688 1033 733 1082 τοῦ
762 1027 864 1101 πρώτου
967 1027 1049 1097 ἡτῆς
1067 1028 1152 1103 ψυχῆς
1169 1029 1239 1083 οῦσία
1263 1032 1329 1083 κατὰ
1346 1030 1419 1100 λόγον
1439 1029 1494 1081 τινὰ
1512 1044 1568 1098 συγ·

267 1113 359 1168 οίκείου
380 1115 474 1178 151,30
968 1115 1100 1183 κειμένων,
1118 1116 1154 1177 ώς
1166 1117 1192 1170 ίν
1203 1121 1241 1188 τηῖ
1253 1113 1351 1188 Τιμαίῳ
1365 1118 1444 1184 (Tim.
1457 1117 1568 1186 διίστη.)

214 1198 345 1274 Βοηθός.
381 1204 437 1275 περὶ
454 1206 499 1255 τοῦ
516 1201 618 1272 πρώτου
636 1203 730 1256 οίκείου
751 1203 826 1268 1513
968 1200 1032 1271 λέγει
1050 1202 1128 1268 3630

214 1286 418 1362 Δημόκριτος.
458 1288 558 1348 πλείους
580 1288 694 1359 δυνάμεις
714 1295 761 1363 τῆς
782 1291 866 1363 ψυχῆς
917 1284 1105 1359 Πολῦζηλος.
1144 1290 1264 1344 δείκνυσιν
1285 1291 1376 1345 τοῦτὸν
1399 1289 1427 1344 δν
1449 1292 1479 1346 τὸ
1503 1289 1566 1345 καθ’

267 1376 327 1429 είναι
349 1378 393 1429 καί
416 1377 452 1448 μὴ
474 1377 521 1446 τὴν
543 1376 623 1448 αὐτὴν
645 1365 699 1438 ταῖς
717 1380 865 1450 μεταβολαῖς
969 1375 1119 1448 εἱμαρμένην
1141 1381 1180 1448 τῷ
1201 1379 1267 1431 κατὰ
1284 1379 1357 1448 φῦσιν
1378 1379 1404 1433 έν
1422 1387 1459 1449 τῷ
1486 1378 1569 1438 οὕτως

266 1465 311 1518 καί
332 1463 422 1517 όλλοτι
440 1463 502 1530 πρδς
523 1463 588 1518 άλλα
610 1484 638 1519 τε
660 1467 704 1519 καὶ
726 1465 760 1520 δι’
780 1466 865 1520 ἄλλων
968 1463 1158 1537 ἐπιγραφομένῳ
1184 1463 1244 1536 Περὶ
1269 1467 1420 1538 εἱμαρμένης
1445 1470 1568 1538 συγγράμ-

266 1550 396 1622 ίνεργείαις
418 1550 500 1604 δοκεῖν
524 1551 622 1613 πλείους
643 1552 704 1608 εῖναι
725 1553 761 1614 ώς
782 1553 865 1626 Δημο-
969 1552 1144 1620 ματι186,30

267 1639 345 1711 κρίτῳ
364 1657 392 1692 τε
410 1640 453 1691 καί
471 1638 555 1698 ἄλλοις
571 1641 633 1694 τισίν
651 1641 722 1695 δοκεῖ
738 1643 797 1710 21,ss
917 1630 1031 1697 ίίῦθιος
1051 1639 1091 1705 1,6

213 1722 401 1799 Ἐπίκουρος.
442 1727 465 1780 οί
487 1729 542 1796 περὶ
564 1724 724 1802 Ἐπίκουρον·
752 1732 866 1806 καὶγὰρ
916 1722 1040 1798 Ροῦφος
1057 1743 1081 1779 v.
1094 1743 1115 1781 s.
1134 1723 1273 1799 Βεργίννιος

267 1811 326 1867 κατ’
339 1815 448 1874 ἐκείνους
460 1813 690 1889 σῦνθιτοςηψυγὴ
702 1817 732 1871 ίκ
744 1817 865 1873 πλειόνων
916 1810 1002 1867 Στοά.
1038 1819 1087 1867 πᾶν
1105 1821 1191 1883 σῶμα,
1210 1815 1226 1887 η
1246 1814 1308 1888 ὕλην
1326 1815 1342 1887 ἡ
1362 1815 1388 1876 ἐξ
1406 1814 1481 1885 ὕλης,
1507 1817 1569 1870 ιίναι

266 1906 343 1954 τινῶν
365 1903 408 1954 καὶ
430 1901 598 1974 διαφερόντων
626 1906 752 1973 σωμάτων
778 1906 821 1972 26,
834 1908 865 1959 17

267 1993 320 2047 τοῖς
336 1987 363 2041 δέ
380 1990 436 2063 περὶ
454 1987 600 2060 Ἐπίκουρον
621 1990 698 2063 ἡδονὴ
716 1992 746 2045 τδ
764 1999 864 2065 πρῶτον

268 2075 359 2129 οίκεῖον
378 2076 460 2137 ίδοξεν
481 2076 542 2130 εἶναι
560 2078 660 2142 ἁπλῶς,
683 2079 822 2152 προϊόντων
839 2080 865 2134 δέ

267 2161 443 2236 διαρθροῦσθαι
472 2164 565 2236 ταῦτην
593 2168 640 2237 τὴν
669 2166 762 2237 ἠδονην
792 2183 865 2238 φασιν

269 2251 362 2316 15033
398 2252 425 2322 (ἡ
444 2251 531 2322 ἀρετὴ)
554 2255 609 2325 περὶ
626 2254 673 2324 τὴν
691 2253 798 2325 έκλογην
815 2254 867 2308 έστι

266 2344 319 2391 τῶν
337 2338 420 2408 ηδιών
437 2338 496 2393 κατ’
515 2338 660 2415 Ἐπίκουρον
681 2342 757 2407 160,4

215 2421 293 2484 Ζεῦς
313 2425 388 2491 1683

209 2509 416 2584 Ἡράκλειτος
443 2511 505 2585 ἦθος
523 2515 568 2585 γάς
583 2514 726 2588 ἀνθρώπων
744 2517 810 2570 κατὰ
823 2516 866 2570 τὸν

260 2597 421 2670 Ἡράκλειτον
439 2600 537 2671 δαίμων
560 2603 651 2669 18533

215 2683 421 2760 θεόφραστος.
456 2689 512 2742 οῦδὲ
530 2692 576 2762 γάρ
595 2688 678 2764 ῥᾴδιον
698 2697 752 2743 τῶν
770 2692 865 2763 ἀρετῶν

265 2776 332 2830 κατὰ
349 2775 393 2829 τδν
412 2774 569 2848 Θεόφραστον
590 2778 635 2836 τὰς
656 2778 774 2850 διαφοράς
797 2777 865 2831 οὕτω

266 2862 363 2935 λαβεῖν,
387 2863 423 2923 ώς
445 2864 480 2934 μὴ
504 2866 569 2917 κατά
591 2882 615 2918 τι
637 2872 765 2920 κοινωνεῖν
789 2865 865 2925 αῦτάς

266 2950 393 3022 ἀλλήλαις
410 2951 517 3023 γίνονται
530 2952 553 3005 δ’
566 2952 652 3012 αδταῖς
668 2954 694 3006 αί
705 2955 866 3025 προσηγορίαι

266 3038 333 3092 κατὰ
351 3039 379 3093 τδ
397 3038 510 3093 πλεῖστον
535 3039 631 3105 15636
667 3038 789 3094 δείκνυσιν
807 3039 865 3093 ταῦ-

266 3125 309 3180 τδν
328 3125 356 3179 δν
368 3125 398 3180 τδ
415 3125 477 3180 καθ’
492 3127 642 3198 εἱμαρμένην
659 3132 698 3197 τηῖ
710 3129 775 3182 κατά
793 3127 865 3198 φῦσιν

268 3214 294 3267 έν
311 3216 351 3285 τηῖ
369 3210 534 3268 Καλλισθένει
554 3215 647 3280 18639

215 3297 356 3361 Καλλίας
375 3301 468 3367 18534

216 3385 431 3460 Καλλισθένης
449 3390 481 3442 cf.
501 3387 658 3460 Θεόφραστος

968 1900 1004 1960 ώς
1024 1908 1077 1960 τοῖς
1098 1902 1148 1956 άπὸ
1168 1907 1215 1973 τῆς
1233 1900 1312 1962 Στοᾶς
1334 1903 1405 1957 δοκεῖ
1430 1904 1508 1969 1ῖ,16
1545 1907 1568 1957 οί

967 1987 1016 2042 άπὸ
1038 1992 1085 2059 τῆς
1102 1985 1181 2048 Στοᾶς
1203 1995 1300 2059 πνεῦμα
1323 1990 1432 2064 (ψυχὴν)
1454 1990 1569 2061 λέγοντες

962 2074 1024 2129 εῖναι
1047 2076 1205 2145 συγκείμενόν
1233 2095 1289 2135 πως
1315 2077 1345 2129 ίκ
1369 2096 1396 2130 τι
1420 2078 1499 2151 πυρὸς
1524 2083 1569 2132 καὶ

968 2162 1041 2234 ἀέρος
1066 2163 1109 2228 26,
1123 2164 1153 2217 16
1195 2165 1218 2218 οί
1245 2164 1291 2233 γεδν
1317 2163 1361 2216 οῦν
1389 2161 1511 2230 Στωϊκοί,
1538 2165 1568 2218 οῦ

969 2252 1059 2310 πάντες
1076 2250 1116 2314 δέ,
1139 2250 1252 2320 λέγουσιν
1275 2256 1376 2324 πρῶτον
1398 2253 1490 2306 οίκεῖον
1507 2252 1569 2306 εῖναι

968 2339 998 2391 τὸ
1020 2339 1085 2409 ζῳον
1107 2337 1176 2409 αὑτῷ
1201 2338 1318 2409 (ίκαστον
1336 2340 1383 2410 γὰρ
1406 2339 1472 2409 ζῷον
1495 2337 1569 2399 εὐθὺς

969 2425 1100 2496 γενόμενον
1123 2425 1185 2498 πρός
1202 2444 1229 2478 τι
1252 2425 1313 2479 αῦτδ
1336 2423 1502 2492 οίκειοῦσθαι,
1525 2428 1569 2479 καί

967 2512 999 2584 δὴ
1012 2513 1111 2567 καὶτὸν
1123 2511 1270 2584 ἄνθρωπον·
1286 2513 1309 2566 οί
1321 2513 1348 2567 δὲ
1360 2514 1518 2587 χαριέστερον
1529 2513 1569 2568 δο

968 2605 1070 2660 κοῦντες
1082 2599 1160 2672 λέγειν
1173 2600 1257 2653 αὐτῶν
1274 2602 1317 2654 καί
1329 2600 1425 2670 μᾶλλον
1437 2599 1570 2673 διαρθροῦν

967 2690 1023 2759 περὶ
1034 2686 1105 2741 τοῦδέ
1118 2704 1192 2758 φασιν
1209 2687 1271 2758 πρδς
1281 2689 1328 2758 τὴν
1340 2688 1454 2742 σῦστασιν
1470 2690 1514 2742 καὶ
1526 2688 1570 2759 τη·

969 2792 1040 2849 φησιν
1049 2773 1192 2846 ᾠκειῶσθαι
1205 2775 1280 2834 εὐθὺς
1288 2777 1435 2845 γενομένους
1447 2777 1514 2847 ἡμᾶς
1522 2777 1569 2846 τὴν

967 2864 1042 2933 ἡμῶν
1061 2861 1145 2915 αῦτών
1166 2863 1259 2927 15038
1296 2863 1323 2933 (ἡ
1341 2863 1430 2936 ἀρετὴ)
1449 2864 1505 2936 περί
1522 2865 1571 2936 την

968 2951 1075 3022 έκλογην
1094 2952 1167 3018 (έστι)
1190 2956 1243 3002 τών
1266 2951 1333 3003 κατὰ
1350 2949 1436 3022 φῦσιν,
1461 2950 1498 3011 ώς
1518 2957 1571 3010 τοῖς

969 3038 1017 3092 όπδ
1040 3043 1088 3109 τῆς
1108 3034 1188 3097 Στοᾶς
1209 3037 1280 3092 δοκεῖ
1304 3038 1382 3104 ί60,5
1418 3038 1570 3092 ἀντιπίπτειν

969 3125 1050 3179 έδόκει
1068 3143 1110 3195 μοι
1128 3123 1225 3184 τοῦτοις
1247 3125 1275 3177 τό
1293 3143 1321 3177 τε
1343 3124 1385 3177 τὸν
1406 3128 1465 3178 νοῦν
1482 3128 1526 3180 καί
1544 3126 1570 3179 έν

968 3220 1020 3271 τοῖς
1031 3212 1198 3280 φαυλοτάτοις
1215 3212 1277 3265 ιίναι
1294 3208 1363 3264 θεῖον
1381 3211 1449 3278 όντα,
1467 3212 1504 3272 ώς
1519 3219 1572 3272 τοῖς

969 3299 1018 3353 άπὸ
1035 3304 1083 3370 τῆς
1100 3297 1180 3359 Στοᾶς
1197 3298 1281 3360 έδοξεν
1302 3298 1396 3363 11333

918 3384 1086 3459 Σωκράτης
1104 3387 1181 3452 ’ί335
1203 3387 1296 3452 18534

215 3473 399 3548 Μεγαρικοί.
456 3484 508 3536 τοῖς
548 3474 700 3546 Μεγαρικοῖς
743 3476 866 3552 άοχλησία
918 3474 1127 3548 Σωσικράτης.
1174 3475 1229 3547 περί
1262 3477 1308 3526 τοῦ
1340 3472 1444 3544 πρώτου
1476 3475 1571 3528 οίκείου

269 3563 362 3638 (ίδοξιν
379 3563 408 3618 τὸ
427 3570 528 3636 πρῶτον
546 3565 650 3632 οίκεῖον)
672 3564 764 3631 15035

972 3563 1072 3631 151,30
