3540 5610
199 295 262 358 232
640 291 869 350 ΑΛΕΞΑΝΔΡΟΥ
893 292 1119 351 ΑΦΡΟΔΙΣΙΕΩΣ

252 467 391 550 γεννήσας
413 464 510 529 αὑτῶν
534 467 680 551 ἑκάτερον,
715 468 807 538 ούτως
842 467 1023 551 ὑποληπτέον
1057 471 1149 532 ποιεῖν
1183 468 1230 531 καὶ
1253 470 1306 551 τὴν
1329 467 1506 553 καθιεμένην

252 569 388 652 σπογγίαν
419 569 460 636 είς
482 570 515 633 τὸ
538 569 650 653 ἀγγεῖον
684 572 717 634 τδ
740 569 810 656 ἔχον
844 572 875 634 ἐν
901 571 983 654 αύτῷ
1006 570 1181 654 κεκραμένον
1215 569 1291 633 οἶνον
1327 571 1419 635 ῦδατι.
1464 576 1504 653 τῇ

254 669 309 754 γὰρ
332 669 425 753 οἰκείᾳ
447 669 578 754 ποιότητι
599 673 658 735 ἀπδ
681 674 787 741 παντὸς
809 677 860 737 τοῦ
884 674 1024 756 μίγματος
1058 676 1188 754 γεννῶσα
1220 673 1253 735 τδ
1276 673 1434 755 δυνάμενον
1457 673 1507 756 βᾳ·
1520 691 1550 733 w

255 774 323 842 δίως
358 774 435 857 ῦδωρ
469 775 598 858 καθαρὸν
632 773 680 837 ὑπ’
709 775 798 839 αὑτοῦ
831 776 967 857 γενέσθαι
1001 776 1057 838 ὑπδ
1079 775 1221 858 τοσαύτης
1249 799 1282 838 τε
1304 777 1352 839 καὶ
1374 774 1508 858 τοιαύτης

220 896 235 945 5
254 877 406 959 δυνάμεως
427 876 556 960 χωρίζον
579 877 726 962 ἀναφέρει.
765 882 806 948 ὡς
828 878 882 962 γάρ
905 878 953 941 ἐπὶ
975 882 1026 941 τοῦ
1041 878 1190 959 γλεύκους,
1214 878 1406 962 ὁμοιομεροῦς
1427 876 1508 946 όντος

256 981 400 1062 σώματος,
424 980 443 1061 ἡ
466 979 548 1063 ὀλίγη
570 979 656 1063 πέψις
678 982 882 1064 προσελθοῦσα
903 981 933 1050 ἐξ
955 980 1081 1049 ἅπαντος
1102 978 1192 1042 αὑτοῦ
1214 983 1299 1064 γεννᾷ
1322 1003 1353 1042 τε
1376 981 1424 1043 καὶ
1446 982 1506 1043 δια-

256 1083 345 1166 κρίνει
367 1083 481 1164 πνεῦμά
504 1105 535 1144 τε
558 1082 607 1145 καί
630 1082 706 1145 οἶνον
728 1083 787 1166 (ότι
802 1083 857 1166 γάρ
877 1083 919 1167 μὴ
941 1084 1079 1166 πρότερον
1102 1080 1139 1166 ἦν
1161 1082 1191 1145 ἐν
1214 1083 1296 1168 αύτῷ
1320 1087 1411 1147 ταῦτα
1433 1083 1508 1167 ἐνερ-

255 1185 328 1267 γείᾳ,
363 1185 450 1266 δῆλον
485 1183 518 1247 ἐκ
552 1189 603 1247 τοῦ
637 1186 678 1268 μ“η
702 1186 844 1249 δύνασθαι
866 1186 918 1269 μὲν
952 1186 1043 1254 οὑτως
1077 1186 1157 1269 ὑγριβ
1182 1185 1360 1270 κατέχεσθαι
1380 1186 1549 1270 ἐνεργείᾳα

255 1290 378 1368 πνεῦμα,
402 1290 442 1355 ιὺς
465 1284 646 1370 εἴρηταικαὶ
670 1288 726 1372 πρδ
749 1288 858 1370 ὀλίγου,
881 1288 957 1350 ἀλλά
980 1289 1012 1350 τδ
1034 1286 1187 1370 γενόμενον
1214 1286 1397 1371 ἐκκρίνεσθαι
1419 1310 1508 1372 παρα-

208 1412 238 1458 ιο
256 1394 359 1476 χρῆμα
381 1393 438 1451 πᾶν
461 1389 508 1451 ἐπὶ
531 1394 584 1473 τῆς
606 1389 746 1474 πέψεως),
781 1391 874 1459 οὑτως
895 1389 1077 1474 ὑποληπτέον
1109 1391 1158 1454 καὶ
1190 1390 1226 1453 τὰ
1259 1392 1423 1477 χωρίζοντα
1449 1392 1508 1454 ἀπὸ

255 1497 314 1556 τῶν
337 1490 533 1576 κεκραμένων,
556 1491 586 1561 ἐξ
609 1494 650 1555 ὧν
673 1493 812 1578 κέκραταί
832 1516 903 1569 τινα,
927 1492 980 1556 οὑκ
996 1493 1198 1578 ἐνυπάρχοντα
1213 1493 1341 1577 ἐνεργείᾳ
1361 1494 1508 1580 χωρίζειν,

258 1596 334 1660 ἀλλά
358 1595 575 1679 μεταβάλλοντα
597 1598 717 1679 δυνάμει
739 1598 792 1659 τινὶ
815 1600 863 1660 καὶ
885 1599 1048 1659 τελειοῦντα
1070 1596 1106 1659 τά
1128 1597 1249 1679 δυνάμει
1270 1597 1318 1661 διδ
1338 1599 1390 1682 τὴν
1407 1602 1551 1682 κρᾶσινευ

258 1699 460 1782 ἐνυπάρχοντα
484 1695 486 1781 γ
512 1697 618 1766 αὑτοῖς.
665 1702 705 1767 ὡς
726 1698 779 1782 γάρ
803 1697 850 1761 ἐπ’
878 1698 996 1761 ἐκείνων
1030 1697 1199 1767 ἐπιπόλαιός
1225 1723 1300 1769 τινος
1321 1701 1430 1783 γένεσις
1451 1703 1490 1785 γί·
1513 1707 1563 1764 616

256 1825 334 1865 νεται
348 1801 398 1884 (οὑ
414 1800 467 1885 γάρ
483 1805 533 1865 τοῦ
548 1803 691 1884 γάλακτος
706 1801 746 1870 εἰς
762 1801 891 1870 ἐναντίας
906 1803 993 1880 τινάς,
1016 1801 1061 1870 αίς
1076 1799 1150 1886 ἔχει,
1167 1801 1376 1887 μεταβαλόντος
1392 1802 1510 1887 ποιότη-

208 1927 238 1976 15
258 1928 309 1975 τας
331 1905 364 1967 τδ
388 1905 439 1987 μὲν
465 1904 550 1988 δρρδς
571 1905 605 1966 τδ
627 1906 659 1967 δὲ
682 1905 767 1988 τυρδς
787 1905 901 1987 γίνεται,
926 1903 1001 1967 ἀλλὰ
1023 1907 1082 1966 τῶν
1105 1904 1295 1989 ὑπαρχόντων
1322 1906 1405 1993 αὑτῷ
1428 1907 1511 1969 δυνά·

259 2032 305 2092 μει
328 2007 430 2081 οὑτως,
465 2009 506 2075 ὡς
529 2006 628 2090 όλίγης
650 2008 725 2076 τινδς
750 2008 822 2090 πρδς
843 2008 876 2068 τδ
899 2005 1026 2091 ἐνεργείᾳ
1049 2005 1122 2070 εἶναι
1145 2006 1259 2070 δεῖσθαι
1289 2008 1437 2093 βοηθείας,
1469 2011 1511 2077 είς
1537 2025 1552 2066 ⁸

255 2112 288 2175 τδ
311 2109 440 2193 ἐνεργείᾳ
461 2107 534 2172 εἶναι
555 2108 688 2192 γίνεται),
710 2109 804 2177 οὑτως
826 2109 989 2193 μεταβολὴν
1012 2107 1136 2192 ἡγητέον
1159 2109 1288 2191 γίνεσθαι
1309 2112 1357 2174 καί
1380 2111 1428 2174 ἐπὶ
1450 2117 1511 2175 τῶν

258 2211 452 2296 κεκραμένων.
498 2210 597 2274 ἕπεται
621 2211 654 2273 δὲ
675 2216 714 2294 ιη’,
737 2210 865 2274 ἐπὶτῶν
888 2211 1072 2295 κεκραμένων
1095 2211 1216 2294 τοιαύτη
1239 2213 1388 2297 μεταβολῇ
1404 2210 1450 2300 [ἢ]
1475 2214 1510 2276 τδ

259 2313 455 2399 διακρίνεσθαι
478 2312 618 2377 δύνασθαι
640 2315 734 2376 δοκεῖν
756 2312 841 2389 αύτά,
864 2311 909 2375 ὅτι
932 2315 978 2376 καλ
1002 2316 1055 2396 τὴν
1078 2314 1175 2398 ἀρχὴν
1198 2312 1232 2376 ἐκ
1254 2315 1358 2396 μίξεως
1371 2315 1510 2380 τοιούτων

206 2421 277 2501 poi]
300 2417 409 2499 γένεσις
432 2422 473 2501 τῷ
496 2420 586 2479 ταῦτα
609 2417 751 2500 πάσχοντι
774 2419 897 2499 σώματι.
943 2416 991 2478 καί
1026 2414 1104 2479 ἐστιν
1138 2417 1330 2501 δχωρισμδς
1355 2417 1511 2501 λεγόμενος
1525 2433 1554 2475 ιο

259 2526 316 2585 τῶν
350 2519 535 2604 κεκραμένων
569 2517 635 2582 οὔτε
659 2520 758 2600 ὅμοιος
779 2523 823 2603 τῷ
846 2519 894 2582 ἐπὶ
928 2523 986 2581 τῶν
1020 2519 1159 2603 ἀλλήλοις
1181 2521 1411 2603 παρακειμένων,
1445 2517 1506 2583 οὔτ’

260 2622 297 2687 αὑ
319 2628 362 2708 τῷ
379 2624 464 2684 παλιν
480 2626 538 2684 τῶν
561 2622 635 2684 κατά
657 2621 770 2705 φθορὰν
793 2623 840 2684 καὶ
864 2620 973 2704 γένεσιν
996 2622 1044 2684 καὶ
1066 2624 1118 2706 την
1141 2621 1182 2690 εἰς
1204 2620 1365 2686 τοὸναντίον
1389 2623 1512 2707 μεταβο·

260 2729 313 2811 λην
337 2723 581 2808 ἀποκρινομένων,
616 2727 656 2794 ὡς
678 2723 709 2792 ἐξ
732 2724 834 2793 ῦδατος
857 2724 972 2807 δρῶμεν
1006 2724 1047 2791 εἰς
1069 2723 1142 2807 ἀέρα
1174 2724 1326 2808 γινομένην
1349 2724 1512 2809 ἀπόκρισιν,

260 2826 320 2892 ἀλλ’
349 2825 410 2890 ἔστι
432 2827 465 2890 τὸ
487 2825 636 2910 γινόμενον
659 2826 777 2909 μεταξύΙ
798 2826 916 2889 τούτων.
962 2824 1028 2888 οὔτε
1060 2826 1114 2909 γάρ
1148 2826 1276 2910 ἐνεργείᾳ
1311 2827 1514 2914 ἐνυπάρχοντα
1527 2844 1554 2887 ιε

207 2954 239 3001 25
259 2931 430 3015 διακρίνεται
464 2928 531 2992 οὔτε
554 2929 595 2997 είς
617 2928 778 2993 τούναντίον
801 2934 844 3014 τῷ
869 2929 1052 3011 ὑποκειμένῳ
1075 2930 1293 3014 μεταβάλλοντα
1316 2930 1509 3015 ἀποκρίνεται.

262 3035 310 3098 ἐπὶ
334 3032 463 3117 μὲνγὰρ
486 3033 594 3095 τούτων
627 3031 731 3095 ταύτδν
763 3031 838 3095 κατά
860 3032 893 3094 τδ
916 3030 992 3100 εἶδος
1026 3030 1106 3114 μένει
1134 3032 1206 3115 μετὰ
1228 3033 1281 3116 τὴν
1303 3032 1455 3118 ἀπόκρισιν
1477 3035 1511 3097 τδ

261 3134 404 3219 ὑπομένον
428 3139 469 3219 τῷ
494 3135 549 3218 πρὸ
573 3137 634 3209 τοῦ,
657 3136 743 3219 μόνον
767 3132 840 3197 κατὰ
863 3133 954 3196 ποσδν
977 3132 1196 3215 ἐλαττούμενον,
1219 3133 1267 3197 ἐπὶ
1289 3135 1322 3198 δέ
1336 3140 1395 3198 τῶν
1411 3159 1512 3221 κεκρα-

259 3239 353 3322 μένων
377 3235 434 3321 οὑχ
457 3237 576 3319 δμοίως,
609 3241 652 3320 τῷ
675 3235 796 3299 ἕκαστον
819 3239 877 3297 τῶν
901 3231 991 3297 όντων
1015 3237 1135 3319 δυνάμει
1157 3236 1186 3299 ἐν
1209 3242 1252 3321 τῷ
1275 3237 1309 3300 ἐκ
1331 3242 1382 3300 τοῦ
1405 3241 1556 3322 κράμα-εν

260 3364 308 3410 τος
329 3339 457 3423 γεγονότι
479 3341 594 3420 σώματι
616 3337 811 3422 ἐκκρίνασθαι,
835 3336 1015 3420 μεταβάλλον
1038 3339 1079 3406 εἰς
1102 3340 1153 3422 την
1175 3339 1352 3424 τελειότητα,
1376 3339 1412 3424 ἧς
1435 3341 1513 3424 ἀφη·

207 3467 242 3514 30
260 3444 334 3529 ρέθη
357 3443 405 3507 διά
427 3447 477 3506 τοῦ
500 3439 545 3506 ἐπ’
575 3442 640 3526 ῖσης
662 3440 735 3504 αὑτό
759 3441 926 3504 ἀντιπαθεῖν
960 3438 1009 3502 ὑπ’
1037 3441 1183 3524 ἀλλήλων,
1217 3440 1254 3506 δι’
1293 3443 1309 3506 ὃ
1345 3445 1441 3512 πάθος
1463 3446 1511 3507 καὶ

261 3548 309 3610 ἐπὶ
331 3544 441 3609 τούτων
477 3545 509 3607 τδ
533 3545 712 3629 χωρίζεσθαι
734 3545 943 3626 κατηγορεῖται.
989 3543 1016 3605 εἰ
1038 3541 1087 3606 σύν
1110 3545 1147 3607 τά
1168 3567 1201 3607 τε
1233 3544 1281 3608 διὰ
1303 3550 1355 3629 τῆς
1377 3544 1513 3630 τοιαύτης

262 3649 426 3733 μεταβολῆς
450 3647 635 3731 τελειοὺμενα
657 3645 690 3708 οὑ
714 3644 857 3729 γενέσθαι,
893 3644 966 3707 ἀλλά
988 3646 1170 3730 χωρίζεσθαι
1198 3646 1290 3729 λέγειν
1313 3645 1442 3730 εῦλογον,
1478 3651 1514 3711 τά

261 3774 292 3813 τε
315 3749 391 3813 ἀλλα
412 3750 478 3834 περὶ
500 3753 553 3833 τῖγς
574 3748 716 3831 γενέσεως
738 3751 791 3830 τῆς
812 3749 945 3831 κράσεως
967 3747 1106 3832 εἰρημένα
1128 3747 1279 3812 ἀκόλυυθά
1304 3773 1337 3813 τε
1358 3753 1421 3820 ταῖς
1443 3751 1515 3814 ὑπο-”
1528 3770 1556 3813 σε

261 3853 405 3934 κειμέναις
427 3853 532 3936 ἀρχαῖς
555 3853 603 3915 καὶ
626 3850 743 3936 συνῳδὰ
775 3853 838 3919 ταῖς
860 3851 1034 3935 μεταβολαῖς
1056 3874 1087 3913 τε
1109 3852 1157 3914 καί
1178 3850 1310 3933 γενέσεσι
1331 3856 1389 3915 τῶν
1413 3854 1513 3938 σωμά·

208 4099 224 4152 5
243 4099 413 4170 χωριζόμενον
427 4099 504 4165 Apelt
593 4103 638 4152 τοῦ
651 4096 784 4168 γλεύκους]
803 4098 861 4157 τοὺς
873 4097 978 4157 λευκούς
990 4101 1027 4151 A¹
1110 4098 1261 4172 δμοιομςροῦ
1276 4100 1358 4154 Ιάείετ
1446 4102 1462 4153 6
1481 4101 1568 4173 προελ·

206 4184 287 4239 δοῦσα
305 4190 345 4239 Ra
440 4184 529 4255 αὑτοῦ]
549 4185 633 4238 αὑτῶν
653 4190 692 4239 Ra
793 4187 866 4258 γεννᾷ
884 4204 911 4238 τι
931 4187 1022 4254 Apelt:
1042 4190 1155 4255 γεννᾶται
1174 4188 1233 4240 libri
1331 4188 1477 4242 δίοτίεεεε
1495 4190 1569 4242 κατέ·

207 4271 296 4345 χισθαι
314 4273 424 4340 (σώματι
442 4273 483 4336 τὸ)
572 4273 588 4324 θ
608 4273 714 4344 εἴρηται]
738 4274 841 4339 223,19
950 4274 1009 4344 πρὸς
1029 4277 1067 4327 Ra
1173 4276 1329 4344 γεννώμενον
1348 4275 1426 4344 Apelt

211 4361 242 4412 10
269 4360 331 4428 ἀπὸ]
360 4361 468 4413 sortasse
491 4361 540 4413 ἐπὶ
641 4364 672 4414 14
699 4362 762 4434 ἔχει]
791 4363 844 4436 εἶχε
870 4362 951 4416 [dolor
1040 4361 1239 4431 μεταβάλλοντος
1257 4366 1321 4416 ΒΒε
1429 4363 1462 4416 18
1486 4363 1569 4418 τοιαύ-

207 4466 281 4517 τηςε
370 4447 453 4515 idel.
467 4449 545 4515 Apelt
632 4450 662 4501 19
683 4448 890 4520 διακρίνασθαιε
980 4451 1009 4501 21
1041 4448 1126 4517 ὅμοιος
1145 4450 1237 4503 ideler:
1266 4450 1361 4518 δμοίως
1384 4451 1444 4503 libri

208 4535 318 4587 ἐπὶτῶν
337 4533 455 4605 ἀλληλοις
473 4538 579 4604 scripsi:
608 4538 648 4589 ἐπὶ
665 4544 717 4595 τοῖς
735 4542 792 4608 (της
810 4539 837 4604 ε)
856 4536 975 4608 ἀλληλων
995 4536 1124 4608 (ἀλληλοις
1143 4538 1190 4604 Δί)
1210 4539 1282 4591 libri:
1312 4538 1431 4608 ἐπιπολῆς
1450 4538 1569 4609 ἀλλήλων

207 4622 287 4691 Apelt
367 4623 572 4694 παρακειμένων]
591 4625 770 4696 περικειμένων
780 4629 831 4678 Ra:
850 4623 1001 4696 περιθέσεως
1014 4625 1138 4692 κειμένων
1152 4625 1233 4678 ΙάεΙοι
1313 4625 1346 4678 22
1366 4625 1397 4678 αῦ
1409 4629 1448 4696 τῷ
1461 4628 1568 4695 scripsi:

207 4709 271 4761 αὑτὰ
288 4710 361 4762 libri:
382 4707 395 4760 δ
414 4709 489 4767 αὑτός
502 4711 596 4763 ldeier:
616 4711 648 4763 αὑ
662 4713 739 4780 Apelt
828 4719 879 4765 τῶν
898 4715 1005 4781 scripsi:
1025 4718 1062 4780 τῷ
1082 4712 1141 4764 libri
1231 4712 1264 4765 25
1282 4713 1311 4766 τό
1331 4713 1441 4766 ἐναντίον
1461 4717 1501 4767 Ra

207 4796 241 4849 26
259 4796 362 4862 ταὺτὺν]
382 4796 460 4851 ταὺτά
472 4797 554 4852 ΙάεΙοι
626 4799 657 4851 27
678 4799 841 4870 ὑποκείμενον
860 4804 928 4853 BCP
1010 4798 1067 4868 τοῦ]
1084 4797 1176 4852 τούτου
1195 4799 1278 4852 ΙάεΙετ
1349 4801 1427 4855 πόσον
1451 4800 1536 4855 Ιάε1εε

207 4882 240 4936 29
260 4882 418 4956 ἐκκρίνεσδαι
431 4886 508 4956 Apelt
580 4886 614 4940 30
633 4883 685 4957 ὑπ’]
706 4883 740 4942 δι’
760 4907 776 4942 ιι
794 4888 877 4942 1ι1ε1ει
947 4886 981 4940 32
1000 4887 1108 4940 fortasse
1125 4884 1271 4956 γίνεσθαι
