3540 5610
200 307 264 370 224
643 303 872 362 ΑΛΒΞΑΝΔΡΟΥ
890 302 1118 362 ΑΦΡΟΔΙΣΙΕΩΣ

254 477 306 559 τὴν
329 479 400 561 πρδς
422 483 506 541 τοῦτο
529 478 662 563 εὐφυίαν,
684 484 728 563 τῷ
752 479 894 561 μηδεμίαν
917 479 1063 562 ἀντίβασιν
1087 477 1167 564 ἔχειν
1189 483 1233 564 τῷ
1250 483 1374 543 κινοῦντι
1395 477 1434 542 δι’
1462 474 1507 541 εὐ·

255 580 379 643 ποίθειαν
402 580 553 654 δύνασθαι,
576 582 633 643 ὑπὸ
656 587 708 664 τῆς
730 580 841 665 ἀθρόας
863 583 1005 665 κινήσεως
1029 582 1112 667 ἰσχύν
1135 604 1197 645 τινα
1217 583 1369 666 λαμβάνει,
1392 581 1508 650 ἀπαθὲς

255 681 287 743 δὲ
310 681 341 744 δν
367 685 370 760 l
395 683 468 745 κατὰ
492 684 544 766 τὴν
567 683 674 747 οἰκείαν
698 684 793 766 φύσιν.
839 684 924 768 ὑγρδν
952 682 980 746 δ’
1008 684 1070 748 ἐστί
1091 687 1139 748 καί
1161 683 1348 768 εὐδιαίρετον,
1372 688 1413 753 ὡς
1435 686 1484 748 καί
1507 690 1563 746 bllb

254 785 444 857 τῶνᾶλλων,
478 787 508 848 ἐν
532 787 575 854 οἷς
597 781 674 868 ἅνῇ
701 789 786 848 τοῦτο
810 784 994 868 μεμιγμένον,
1027 786 1101 849 κατὰ
1133 791 1218 850 τοῦτο
1252 788 1379 867 μαλιστα
1407 789 1510 850 τεκαὶ

220 905 235 952 5
254 887 378 969 ἀρεστὴν
401 888 529 968 γίνεσθαι
551 889 603 970 τὴν
626 888 771 971 διαίρεσιν.
809 887 855 950 διὰ
878 892 962 950 τοῦτο
984 893 1052 970 γοῦν
1075 890 1102 951 οί
1126 890 1177 970 μὲν
1199 889 1282 953 κενόν
1304 912 1332 953 τι
1354 889 1426 953 αὐτδ
1449 886 1510 973 ᾠή-

255 990 350 1072 θησαν
373 988 445 1052 εἶναι
468 991 515 1052 καὶ
539 991 622 1072 φύσιν
646 990 707 1052 τινὰ
730 991 839 1074 ἀναφῆ,
862 992 888 1052 ol
912 992 944 1053 δὲ
966 991 1061 1054 πολλὰ
1083 989 1164 1076 ἔχειν
1186 993 1216 1056 ἐν
1238 992 1320 1076 αὐτῷ
1340 994 1420 1055 κενοί.
1458 992 1507 1054 καί

254 1092 308 1174 γὰρ
331 1094 358 1153 εί
379 1097 430 1154 τοῦ
453 1094 495 1175 μὴ
518 1093 687 1165 διαπίπτειν,
711 1091 785 1153 ἀλλὰ
809 1092 965 1173 συμμένειν
994 1092 1029 1155 τὰ
1053 1095 1185 1175 σώματα,
1217 1092 1307 1157 αἴτιον
1331 1095 1363 1156 τδ
1385 1092 1511 1178 συνέχον

256 1193 329 1255 αὐτὰ
364 1198 488 1277 πνεῦμα,
523 1194 557 1257 τὰ
580 1195 767 1257 διαπίπτοντα
799 1198 857 1256 τῶν
892 1195 1037 1277 σωμάτων
1071 1197 1160 1278 δῆλον
1187 1199 1228 1265 ὡς
1256 1194 1310 1260 οὐκ
1332 1194 1366 1259 ἂν
1389 1194 1455 1280 ἔχοι
1479 1197 1511 1256 τδ

257 1300 371 1378 πνεῦμα
387 1299 419 1359 τδ
436 1297 563 1360 συνδέον.
599 1303 661 1366 πῶς
677 1293 701 1359 δ’
725 1295 758 1359 ἂν
773 1298 826 1380 τὴν
842 1297 939 1381 ἀρχὴν
954 1298 973 1379 ἡ
989 1298 1124 1381 διαίρεσις
1140 1299 1264 1370 σώζοιτο
1279 1303 1337 1361 τῶν
1353 1299 1510 1381 σωμάτων,

205 1418 236 1464 ro
255 1398 285 1461 εἴ
302 1422 335 1479 γε
357 1400 376 1481 ί,
399 1399 450 1480 μὲν
468 1401 611 1482 διαίρεσις
633 1397 783 1483 χωρισμός
798 1398 857 1461 ἐστι
880 1403 938 1462 τῶν
961 1397 1130 1482 ἡνωμίνων,
1154 1399 1233 1480 μένει
1254 1401 1288 1463 δὲ
1309 1399 1373 1463 κατ’
1393 1399 1510 1476 αὐτούς,
1526 1413 1554 1455 1⁰

256 1504 371 1563 ποίντων
383 1501 542 1585 ἡνωμένων
555 1501 664 1582 ὁμοίως
676 1501 822 1583 ἀλλήλοις,
833 1502 936 1575 πάντα,
948 1500 1001 1563 κᾶν
1017 1502 1163 1585 διαιρεθῇς
1180 1506 1244 1570 πῶς
1259 1500 1285 1564 δ’
1302 1501 1355 1565 οὐκ
1366 1500 1402 1565 ἂν
1417 1503 1512 1564 ποίντα

257 1603 385 1686 φαίνοιτο
408 1603 444 1665 τὰ
467 1604 664 1686 παρακείμενα
686 1603 823 1684 ἀλλήλοις
856 1603 904 1665 καὶ
932 1603 1039 1685 ῥᾳδίως
1061 1604 1197 1687 ἀλλήλοιν
1227 1604 1408 1688 χωρίζεσθαι
1430 1605 1512 1667 δυνά-

256 1728 328 1787 μενα
340 1705 389 1767 ὑπ’
406 1705 496 1767 αὐτοῦ
510 1707 558 1768 καί
574 1707 683 1785 δμοίως
694 1705 831 1786 ἀλλήλοις
842 1705 975 1786 ἡνῶσθαι
990 1704 1093 1786 λέγειν,
1110 1709 1169 1774 τοῖς
1184 1705 1321 1790 συνεχέσι
1336 1728 1367 1769 τε
1382 1703 1447 1769 οὖσι
1462 1707 1509 1768 καί

257 1808 350 1891 χωρίς
373 1807 541 1890 διαιρέσεως
565 1810 605 1891 μὴ
626 1807 793 1891 δυναμένοις
815 1809 891 1875 τινδς
913 1807 1049 1890 ἀλλήλων
1065 1808 1253 1893 χωρισθῆναί
1272 1831 1357 1889 ποτε;
1382 1808 1454 1893 πρδς
1476 1808 1509 1869 δέ

206 1929 235 1975 15
256 1910 379 1985 τούτοις,
413 1911 439 1972 εί
461 1911 494 1971 τδ
517 1913 631 1991 πνεῦμα
653 1910 769 1991 γεγονδς
791 1908 825 1971 ἐκ
847 1908 939 1992 πυρός
960 1932 992 1971 τε
1015 1911 1063 1972 καὶ
1097 1910 1182 1993 ἀέρος
1204 1910 1251 1974 διὰ
1273 1912 1389 1973 πάντων
1412 1908 1511 1993 πεφοί·
1526 1924 1554 1966 ¹⁶

255 2035 326 2095 τηκε
359 2016 418 2074 τῶν
452 2014 598 2095 σωμάτων
632 2012 701 2096 (τῷ)
723 2016 810 2074 πᾶσιν
832 2011 931 2079 αὐτοῖς
954 2013 1114 2096 κεκρᾶσθαι
1147 2015 1195 2077 καί
1217 2013 1334 2096 ἑκάστῳ
1356 2010 1455 2075 αὐτῶν
1477 2012 1511 2075 ἐκ

256 2115 360 2177 τούτου
383 2115 529 2198 ἠρτῆσθαι
550 2115 583 2177 τδ
606 2114 689 2189 εἶναι,
723 2118 788 2182 πῶς
810 2113 844 2177 ἂν
867 2111 909 2176 ἔτι
931 2115 1042 2177 ἁπλοῦν
1065 2138 1091 2177 τι
1115 2113 1161 2197 είτγ
1184 2120 1289 2198 σῶμα;
1323 2119 1387 2184 πῶς
1409 2114 1437 2178 δ’
1464 2114 1509 2187 ἄν,

255 2216 282 2278 εί
305 2217 423 2301 ὕστερον
446 2218 478 2280 τδ
501 2216 535 2280 ἐκ
557 2240 641 2279 τινων
665 2218 851 2298 συγκείμενον
874 2220 932 2278 τῶν
955 2218 1067 2290 ἁπλῶν,
1089 2218 1123 2279 τδ
1145 2221 1202 2300 πῦρ
1225 2215 1323 2281 ἄνκαὶ
1346 2217 1437 2303 δάὴρ
1453 2216 1511 2299 εἴη,

256 2317 286 2387 ἐξ
308 2319 349 2380 ὧν
373 2319 556 2402 μιγνυμένων
579 2319 612 2381 τδ
634 2323 748 2401 πνεῦμα
771 2319 886 2401 γίνεται,
909 2317 944 2380 οὖ
967 2320 1058 2403 χωρίς
1091 2320 1232 2383 ἀδύνατον
1263 2319 1342 2385 είναί
1359 2344 1385 2383 τι
1409 2322 1510 2402 σώμα;
1525 2335 1554 2377 ει

203 2440 237 2486 20
256 2419 282 2483 εί
304 2421 359 2505 γὰρ
383 2420 413 2490 ἐξ
435 2421 553 2484 ἐκείνων
577 2422 629 2503 μὲν
654 2423 673 2504 ἡ
697 2420 808 2503 γένεσις
830 2427 872 2505 τῷ
896 2421 1046 2503 πνεύματι,
1080 2422 1220 2486 ἀδύνατον
1242 2423 1275 2485 δὲ
1298 2422 1416 2486 ἐκείνων
1439 2421 1516 2485 είναί

257 2547 282 2585 τι
304 2525 396 2607 χωρίς
418 2524 590 2606 πνεύματος,
613 2521 675 2586 οὔτ’
704 2522 738 2585 ἂν
760 2523 877 2585 ἐκείνων
900 2546 926 2585 τι
949 2521 996 2607 εἴη
1018 2525 1074 2608 πρδ
1097 2528 1150 2607 τῆς
1170 2529 1223 2587 τοῦ
1250 2525 1413 2606 πνεύματος
1434 2524 1512 2607 γενέ·

256 2646 345 2704 μεως,
368 2623 429 2687 οὐτ’
460 2624 494 2688 ἂν
517 2627 549 2688 τδ
571 2630 686 2706 πνεῦμα
706 2626 821 2707 γίνοιτο,
845 2623 898 2687 οὐκ
921 2624 1022 2705 ὄντων,
1045 2624 1075 2694 ἐξ
1097 2626 1138 2688 ὧν
1161 2626 1306 2710 ἠγίνεσις
1321 2610 1413 2712 αὐτῷ.
1448 2630 1512 2694 πῶς

256 2727 282 2790 δ’
310 2727 345 2790 ἄν
367 2752 408 2797 τις
431 2728 461 2790 ἐν
485 2733 526 2811 τῷ
553 2733 659 2812 ψυχρῷ
683 2728 811 2812 ἐνεργείᾳ
833 2751 859 2790 τι
882 2728 991 2812 θερμδν
1015 2726 1086 2790 εἶναι
1108 2728 1201 2810 λέγοις
1235 2729 1276 2797 τίς
1303 2729 1405 2792 δὲκαὶ
1429 2730 1449 2812 ἡ
1472 2730 1553 2797 slus

256 2830 289 2891 τδ
312 2827 437 2891 ἐναντίον
462 2829 523 2911 ἅμα
546 2831 655 2912 κίνησις
677 2829 776 2905 αὐτοῦ,
800 2827 867 2892 καθ’
897 2830 932 2912 ἢν
955 2829 1070 2912 συνέχει
1093 2829 1130 2892 τὰ
1156 2828 1187 2891 ἐν
1209 2832 1252 2900 οἷς
1280 2829 1315 2894 ἂν
1337 2827 1372 2916 ᾖ,
1404 2830 1437 2894 δν
1471 2832 1514 2900 ὥς

203 2952 235 2998 25
255 2953 337 3014 φασι,
360 2936 474 3013 πνεῦμα
497 2932 664 3012 κινούμενον
692 2931 754 3014 ἅμα
777 2930 807 3000 ἐξ
829 2930 919 2994 αὐτοῦ
941 2955 973 2994 τε
996 2931 1043 2993 καὶ
1066 2932 1107 3000 είς
1129 2931 1214 3013 αὐτός
1237 2936 1286 2996 καί
1307 2933 1381 2997 κατὰ
1394 2933 1424 2996 τί
1437 2932 1514 3001 εἶδος

241 3034 398 3117 »κινήσεως
420 3033 541 3114 γίνεται;
564 3032 627 3096 κατ’
654 3033 738 3096 οὐδὲν
760 3032 815 3117 γδρ
837 3032 898 3096 οίδν
921 3032 946 3094 τ’
974 3032 1035 3096 ἐστὶ
1058 3034 1163 3116 νοῆσαί
1182 3041 1208 3096 τι
1230 3035 1292 3119 ἅμα
1311 3037 1356 3105 ἐίς
1378 3036 1412 3099 τὰ
1436 3035 1514 3098 ἐναν-

203 3147 242 3199 XI
256 3138 301 3199 τία
323 3134 488 3217 κινούμενον
514 3135 581 3199 καθ’
609 3135 690 3199 αὑτό.
722 3134 816 3198 Ἀλλὰ
837 3135 892 3219 γὰρ
915 3136 1052 3211 ἐοίκασιν,
1076 3139 1116 3204 bc
1138 3136 1230 3216 είπον,
1265 3139 1292 3200 οἱ
1315 3139 1393 3202 οὕτω
1415 3139 1553 3221 λέγον-ιν

255 3263 301 3308 τες
322 3244 366 3323 τῷ
390 3239 431 3320 μὴ
461 3238 619 3321 δυνηθῆναι
647 3238 792 3319 διαλαβεῖν
822 3243 865 3323 τῷ
889 3238 968 3320 λόγῳ
990 3242 1044 3320 τῆς
1066 3238 1137 3323 δλης
1158 3241 1191 3301 τδ
1222 3239 1308 3316 εἶδος,
1337 3241 1413 3304 καθδ
1437 3241 1513 3309 είδυς

258 3340 380 3405 ἕκαστόν
407 3340 432 3403 τ’
461 3340 521 3404 ἐστί
544 3345 602 3403 τῶν
627 3339 718 3403 ὄντων
753 3339 770 3401 δ
793 3342 864 3411 ἐστι,
892 3342 940 3402 καὶ
963 3341 1034 3425 πρδς
1057 3339 1148 3405 τᾶλλα
1176 3343 1317 3426 διαφορὰν
1340 3341 1415 3427 ἔχει,
1438 3343 1513 3407 κατὰ

205 3468 239 3515 30
256 3450 308 3530 τὴν
344 3446 414 3527 ὕλην
437 3444 521 3507 οὐδὲν
545 3444 681 3527 ἀλλήλων
705 3442 709 3527 Ι
733 3443 916 3528 διαφέροντα,
951 3444 1026 3506 καθδ
1049 3443 1126 3512 εἶδος
1149 3442 1221 3528 ἔχει,
1257 3446 1372 3530 καὶτῷ
1396 3449 1486 3532 σώζε-
1510 3452 1567 3509 bob

258 3549 327 3611 σθαί
350 3570 380 3610 τε
403 3547 452 3609 καί
475 3547 569 3628 μένειν
591 3551 692 3624 ταῦτα,
715 3547 737 3609 ἅ
756 3546 827 3621 ἐστι,
862 3546 1002 3628 πνεύματι
1025 3548 1065 3615 ὡς
1087 3546 1136 3609 διὰ
1158 3547 1274 3610 πάντων
1296 3550 1424 3632 διήκοντι
1446 3550 1514 3611 ἀνά·

258 3673 336 3713 πτειν
361 3649 392 3712 τό
415 3672 446 3711 τε
469 3647 542 3711 εἶναι
565 3649 687 3712 ἑκάστου
721 3650 770 3712 καί
792 3649 825 3710 τδ
849 3648 1000 3720 σώζεσθαί
1020 3671 1051 3711 τε
1074 3649 1122 3712 καί
1149 3649 1315 3732 συμμένειν.
1353 3651 1515 3715 αίτιοίσαιτο

256 3752 281 3815 δ’
309 3752 344 3815 οίν
367 3774 408 3820 τις
431 3751 560 3834 εὐλόγως
581 3751 677 3815 αὐτῶν
701 3751 827 3814 ἐνταῦθα
849 3754 900 3813 τοῦ
923 3751 1010 3834 λόγου
1032 3751 1186 3835 γενόμενος
1209 3755 1257 3816 καὶ
1285 3753 1318 3816 τδ
1345 3753 1399 3817 δύο
1415 3754 1513 3838 ἀρχὰς

259 3861 317 3918 τῶν
341 3857 454 3916 ποίντων
478 3853 612 3936 λέγοντας
634 3854 707 3918 εἶναι
731 3855 801 3938 ὕλην
824 3876 855 3917 τε
877 3855 925 3917 καὶ
949 3854 1029 3930 θεόν,
1054 3855 1095 3916 ὧν
1118 3856 1167 3917 τδν
1190 3856 1242 3936 μὲν
1274 3859 1411 3919 ποιοῦντα
1436 3857 1510 3920 εἶναι
1537 3873 1552 3914 τ

205 4083 216 4132 l
241 4081 282 4134 δι’
305 4084 411 4149 scripsi:
439 4079 464 4134 δ’
490 4083 550 4136 libri
657 4080 789 4140 θάπαθίς
812 4080 851 4150 δὲ]
879 4080 987 4139 εὐπαθὲς
1004 4081 1133 4135 Schwartz
1223 4081 1284 4136 36‘
1303 4100 1353 4137 om.
1372 4087 1460 4140 BCPS

203 4168 419 4236 4μοίλλιστοιΑΒ
500 4169 653 4238 5ἀρτστὴν]
674 4169 775 4238 ἀρίστην
795 4170 865 4222 Diels
948 4170 994 4238 τὴν
1014 4184 1034 4220 s.
1048 4186 1072 4219 r.
1087 4174 1111 4220 A
1194 4168 1318 4240 δίχοιτσ
1340 4174 1381 4224 Rs
1454 4175 1484 4225 ll
1507 4176 1571 4226 πάν·

202 4274 254 4307 των
273 4257 379 4322 scripsi:
399 4262 450 4308 τῶν
465 4256 524 4307 libri
599 4256 639 4306 ll.
656 4255 686 4306 12
706 4257 787 4308 πάντα
800 4254 925 4326 φαίνοιτο]
945 4256 1054 4308 fortasse
1072 4256 1267 4326 ἀπεμφαίνοι
1286 4258 1320 4311 τὸ
1395 4258 1426 4311 12
1448 4259 1571 4331 ἀλλήλων

202 4358 252 4394 om.
270 4345 322 4394 lla:
350 4342 467 4412 ἀλλήλοις
486 4346 529 4396 BS
615 4342 645 4395 13
664 4342 743 4412 λέγειν
762 4345 811 4396 del.
831 4344 912 4397 ldeler
998 4345 1028 4396 ll
1047 4343 1165 4415 ἀλλήλοις
1184 4345 1265 4397 ldeler
1352 4347 1383 4397 1ss
1411 4351 1472 4416 (τῷ)
1495 4352 1570 4399 πᾶσιν

203 4430 283 4482 ldeler
393 4431 424 4482 21
454 4436 499 4483 τοῦ
523 4446 572 4482 om.
600 4433 639 4482 Ra
763 4431 796 4483 2⁸2
826 4431 855 4483 ἂν
878 4430 919 4498 τὸ]
944 4430 1045 4484 αὐτὸς
1152 4431 1185 4483 23
1208 4432 1225 4502 ἡ
1248 4447 1299 4484 om.
1319 4436 1359 4485 Ra
1465 4433 1499 4486 24
1526 4434 1570 4503 τὸ]

202 4517 245 4568 τὸν
263 4536 279 4569 ε
358 4517 437 4569 αὐτοῦ
451 4518 541 4584 Apelt:
561 4517 658 4585 αὐτοῖς
682 4517 711 4568 οὐ
730 4519 790 4571 libri
875 4518 973 4587 συνίχει
992 4518 1085 4572 Ιύείυιι
1104 4519 1214 4590 συνέχειν
1233 4520 1292 4572 libri
1370 4517 1570 4592 lemur

203 4608 249 4655 AB
322 4603 350 4655 δν
369 4605 457 4671 Apelt:
477 4604 515 4655 ὧν
534 4604 591 4656 libri
665 4605 698 4656 25
718 4606 859 4674 πνεύματος
878 4605 960 4657 ίύείετ
1031 4605 1179 4675 κινούμτνον
1194 4607 1282 4673 Apelt:
1301 4608 1452 4676 κινουμίνου
1470 4609 1531 4660 libri

202 4693 225 4743 τί
244 4692 334 4759 Apelt:
353 4711 377 4743 rr
397 4692 455 4743 libri
562 4691 596 4742 ⁴26
624 4691 728 4759 γίνεται]
752 4691 849 4762 λέγεται
873 4693 967 4745 Ιύείετι
995 4694 1105 4745 fortasse
1128 4701 1263 4746 κινεῖται
1379 4693 1414 4748 θδ
1441 4695 1569 4749 διαλαλεῖν

203 4780 241 4830 Ra
312 4779 345 4831 29
365 4777 429 4848 ἔχει]
448 4779 514 4850 ίχιιν
528 4778 609 4830 ldeler
680 4777 713 4830 32
732 4780 776 4832 ab.
789 4799 815 4833 τε
834 4795 884 4832 om.
898 4798 915 4831 ε
986 4779 1135 4847 αἰτιάσαιτο]
1154 4782 1261 4836 αίτιᾶσαι
1274 4800 1304 4833 ιιι
1326 4781 1533 4835 αίτιάσαιΙύεΙετ

201 4865 235 4918 33
258 4866 368 4934 εὐλόγως
386 4880 435 4917 om.
456 4866 538 4918 ldeler
627 4864 747 4934 ἐνταῦθα]
773 4865 860 4919 ἐνθάδε
884 4870 924 4920 Ra
1008 4867 1041 4918 34
1068 4871 1185 4920 ποιοῦντα
1212 4871 1318 4939 scripsi:
1343 4873 1431 4922 ποιοῦν
1452 4870 1513 4924 libri
