3540 5610
653 341 709 412 [υτ
734 344 840 397 κκιιιι
865 345 966 397 LIBER
991 345 1116 414 κιτυιι]
1490 346 1565 410 ’149

264 515 387 598 δύναμις
409 517 482 600 αύτῆ
506 517 535 579 ἐν
559 517 663 581 ἅπασιν
687 519 739 601 μὲν
762 524 820 586 τοῖς
841 521 983 601 σώμασιν,
1007 519 1081 581 ἀλλὰ
1104 525 1163 587 τοῖς
1187 521 1237 601 μὲν
1259 523 1377 602 μᾶλλον,
1400 520 1458 585 τοῖς
1482 517 1513 577 δὲ

261 617 360 701 ῆττον.
405 615 451 702 ἐφ’
480 618 549 681 ὅσον
577 621 609 682 δὲ
630 620 760 697 ἕκαστον,
775 620 870 683 αὐτῶν
898 620 1030 704 μετέχει,
1057 621 1105 683 ἐπὶ
1132 626 1267 684 τοσοῦτον
1294 601 1341 683 καὶ
1363 626 1414 683 τοῦ
1437 622 1513 704 χρῶ-

262 718 355 802 ματός
378 721 438 786 ἐστι
460 719 598 785 δεκτικόν.
632 720 707 785 ἔστιν
731 720 756 786 δ’
777 723 890 785 ἐναντία
910 722 1007 792 αὐτοῖς
1029 722 1062 785 οὐ
1086 725 1159 786 κατὰ
1180 725 1231 792 τάς
1254 723 1346 791 άπτὰς
1368 723 1511 804 δυνάμεις.
1525 737 1552 778 ⁴5

264 823 298 884 τὸ
322 823 377 908 γὰρ
399 826 476 908 ὕδωρ
500 827 609 907 μᾶλλον
632 825 708 887 ούτω
729 849 763 908 γε
785 826 832 889 καὶ
855 825 928 888 κατὰ
950 826 1055 894 ταύτας
1077 826 1200 889 ἐναντίον
1223 831 1266 910 τῷ
1290 826 1366 908 πυρί.
1405 826 1437 887 τό
1460 825 1512 907 μὲν

230 924 317 1007 σγὰρ
340 925 449 1010 θερμόν
471 950 503 989 τε
525 927 572 990 καὶ
589 925 683 1011 ξηρόν,
706 928 739 991 τὸ
762 928 794 991 δὲ
815 929 892 1011 ύδωρ
916 927 1026 1013 ψυχρόν
1049 929 1143 991 τεκαὶ
1167 928 1261 1012 ύγρύν.
1294 927 1354 990 ἀλλ’
1383 927 1417 990 οῦ
1440 928 1513 991 κατὰ

262 1032 348 1090 τοῦτο
372 1030 404 1091 τδ
428 1030 560 1112 φωτίζειν
582 1034 626 1114 τῷ
650 1031 727 1112 πυρί.
765 1032 812 1092 καὶ
835 1030 888 1114 γὰρ
911 1029 986 1093 ἄλλα
1009 1030 1049 1113 μὴ
1071 1031 1204 1114 τοιαύτης
1227 1028 1294 1093 όντα
1317 1031 1433 1114 φύσεως
1454 1053 1513 1113 φω-

264 1132 345 1203 τίζει.
392 1128 451 1194 ἀλλ’
480 1136 521 1200 ῶς
543 1132 656 1194 ἐναντία
678 1133 697 1215 ῆ
721 1138 758 1216 γῆ
782 1136 825 1217 τιγῦ
849 1134 919 1216 πυρὶ
944 1133 993 1195 καὶ
1015 1132 1087 1195 κατὰ
1109 1134 1162 1217 τὴν
1186 1133 1276 1219 ῥοπὴν
1299 1133 1347 1196 καὶ
1369 1132 1442 1195 κατὰ
1464 1133 1513 1193 τδν

259 1232 370 1297 οἰκεῖόν
398 1258 429 1296 τε
456 1237 503 1298 καί
531 1235 604 1297 κατὰ
631 1235 714 1318 φύσιν
743 1234 829 1297 τόπον
857 1237 905 1298 καὶ
933 1235 1006 1298 κατὰ
1032 1236 1065 1297 τδ
1093 1237 1181 1318 μανὸν
1210 1237 1258 1299 καὶ
1281 1235 1402 1313 πυκνόν,
1433 1257 1513 1297 τουτ-

262 1335 342 1399 έστιν
365 1339 469 1400 λεπτὸν
497 1339 544 1400 καὶ
567 1338 662 1422 παχύ,
690 1338 767 1401 ούτω
790 1339 838 1401 καὶ
859 1338 945 1401 κατόιΙ
959 1338 1011 1420 τὴν
1038 1342 1090 1400 τοῦ
1116 1339 1212 1423 φωτὸς
1235 1338 1353 1422 δύναμιν
1384 1338 1432 1400 καὶ
1455 1339 1512 1400 δια-

220 1441 382 1523 ιοφάνειάν
409 1463 440 1502 τε
462 1442 510 1503 καὶ
532 1446 596 1525 φῶς
619 1440 732 1504 ἐναντία
757 1442 777 1523 ῆ
805 1446 842 1524 γῆ
871 1445 913 1526 τῷ
942 1441 1018 1524 πυρί.
1063 1441 1185 1525 καὶγὰρ
1212 1441 1247 1523 δὴ
1276 1442 1292 1503 6
1316 1440 1367 1523 μὲν
1395 1440 1452 1523 άῆρ
1474 1440 1512 1500 οί-
1526 1455 1554 1496 σο

263 1547 344 1626 κεῖρε
366 1547 408 1626 τῷ
433 1545 502 1627 πυρί
524 1543 655 1627 (διὸκαὶ
682 1545 758 1628 ταχύ
782 1542 1004 1627 ἐκπίμπρατάι),
1031 1544 1063 1606 τδ
1086 1545 1118 1607 δὲ
1145 1545 1222 1627 ὕδωρ
1249 1544 1297 1605 καὶ
1319 1543 1412 1626 τροφὴ
1435 1544 1517 1605 δοκεῖ

262 1649 308 1728 τιγῖ
332 1647 401 1729 πυρὶ
424 1645 506 1709 εἶναι.
540 1648 662 1731 καὶγὰρ
686 1648 716 1710 ἐν
739 1651 798 1715 τοῖς
820 1645 981 1729 καιομένοις
1004 1645 1097 1716 ξύλοις
1119 1644 1275 1729 ῆύγρότῆς
1296 1645 1372 1708 ἐστὶν
1395 1647 1415 1728 ῆ
1437 1668 1512 1707 καιο-

263 1747 338 1831 μένῆ
362 1749 392 1810 ἑν
415 1747 522 1818 αὐτοῖς.
568 1750 583 1812 6
606 1750 660 1835 γάρ
682 1750 789 1819 καπνὸς
812 1753 952 1812 τοιοῦτον.
992 1750 1012 1832 ῆ
1035 1749 1067 1811 δὲ
1088 1754 1125 1832 γῆ
1150 1751 1327 1832 πορρωτάτω
1350 1748 1512 1832 ἀφέστηκεν

261 1847 366 1913 αὐτοῦ.
411 1851 458 1915 διὰ
479 1855 563 1914 τοῦτο
586 1854 621 1935 δὴ
646 1854 770 1935 μάλιστα
800 1852 851 1935 μέν
879 1852 939 1914 ἐστι
960 1852 1088 1914 δεκτικόν
1116 1852 1213 1935 φωτδς
1239 1853 1272 1914 τό
1299 1851 1419 1934 δυνάμει
1445 1853 1510 1931 πῦρ.

219 1955 347 2015 ιστοῦτο
371 1953 403 2016 δέ
428 1952 431 2039 Ι
456 1953 517 2017 ἐστι
538 1956 570 2017 τὸ
594 1953 780 2036 ὑπέκκαυμα,
802 1953 945 2038 δευτέρως
967 1954 999 2016 δὲ
1021 1954 1078 2036 οἱῆρ
1101 1954 1149 2015 καὶ
1171 1953 1262 2037 τρίτον
1285 1955 1318 2015 τδ
1342 1953 1429 2036 ύδωρ.
1475 1952 1565 2033 ῆιυιι

262 2055 297 2118 δὲ
319 2060 357 2139 γῆ
380 2059 514 2120 πλεῖστον
537 2058 695 2141 ἀφεστῶσα
717 2062 767 2120 τοῦ
789 2058 879 2141 πυρὸς
905 2057 953 2119 καὶ
975 2061 1027 2140 τῆς
1053 2059 1183 2139 δεκτικῆς
1205 2055 1320 2140 φύσεως
1342 2058 1392 2117 τοῦ
1416 2056 1512 2139 φωτός

261 2150 555 2244 ἐλάχισταμετέχει.
600 2159 674 2243 αύτη
697 2161 728 2223 δέ
751 2161 826 2223 ἐστιν
853 2161 872 2242 ῆ
896 2160 1057 2243 διαφάνεια.
1101 2158 1209 2241 τὸγὰρ
1232 2159 1328 2242 ἕτερον
1355 2163 1411 2220 τῶν
1435 2158 1511 2220 ἐναν-

261 2261 329 2323 τίων
354 2260 497 2344 στέρησις.
540 2262 665 2326 ἐναντίον
688 2263 720 2326 δὲ
743 2263 775 2325 τὸ
798 2266 932 2325 πλεῖστον
955 2260 1090 2346 αἰφεστός.
1129 2264 1261 2324 πλεῖστον
1284 2261 1317 2324 δὲ
1339 2260 1511 2345 ἀφέστηκεν,

261 2362 332 2446 μεθ’
360 2363 375 2425 δ
398 2365 440 2433 είς
463 2363 534 2428 ἀλλο
558 2366 714 2450 μετάβασις
737 2366 790 2429 οῦκ
812 2363 902 2429 ἔστιν·
926 2369 1053 2427 τοιοῦτον
1077 2365 1109 2426 δὲ
1132 2366 1150 2447 ί,
1173 2368 1220 2446 ,ῆ
1260 2361 1384 2447 ἔσχατόν
1405 2385 1436 2425 τε
1457 2361 1511 2445 γὰρ

216 2480 246 2525 κο
259 2473 318 2529 τῶν
341 2466 543 2551 ὑφισταμένων
571 2468 619 2531 καί
641 2472 802 2531 τελευταῖον
831 2474 883 2551 τῆς
909 2469 956 2531 ἐπὶ
982 2467 1051 2530 τάδε
1078 2467 1274 2552 μεταβάσεως.
1320 2464 1440 2533 εἰκότως
1461 2463 1511 2528 οῦν
1536 2478 1550 2519 5·

259 2570 314 2652 τὴν
335 2574 389 2653 τῆς
404 2571 569 2654 στερήσεως
591 2575 641 2634 τοῦ
664 2572 762 2656 φωτδς
776 2574 877 2656 χῶραν
901 2568 964 2654 ἔχει
985 2568 1051 2632 οὔτε
1074 2568 1147 2652 αὐτῆ
1171 2569 1315 2654 δεχομένη
1339 2569 1371 2630 τὸ
1394 2572 1458 2652 φῶς
1480 2567 1510 2630 ἐν
1561 2560 1567 2573 ’

258 2672 348 2752 αύτῆ.
370 2674 430 2757 ότῳ
453 2670 479 2734 τ’
504 2671 537 2735 ἂν
561 2671 641 2756 ἄλλῳ
666 2673 761 2756 μιχθῆ
787 2674 1015 2757 ἀντιφράττουσα
1036 2673 1084 2735 καὶ
1106 2672 1261 2735 κωλύουσα
1283 2671 1354 2734 αὐτὸ
1376 2669 1413 2733 δι’
1442 2669 1510 2732 ύλου

258 2775 452 2858 φωτίζεσθαι.
497 2777 582 2859 δηλοῖ
602 2777 635 2838 δὲ
658 2775 673 2837 6
696 2775 753 2859 άῆρ
777 2775 793 2837 6
816 2776 968 2843 ἀνάπλεως
990 2779 1113 2837 καπνοῦ·
1147 2775 1232 2858 ῆττον
1261 2772 1315 2858 γὰρ
1337 2772 1455 2857 δέχεται
1476 2772 1509 2834 τδ

258 2883 325 2961 φῶς
346 2877 395 2941 διὰ
418 2878 469 2960 τῆν
494 2877 566 2961 μῖξιν
589 2881 639 2940 τοῦ
661 2880 801 2961 γεώδους·
837 2881 964 2945 τοιοῦτος
986 2879 1018 2940 δὲ
1041 2879 1056 2940 6
1080 2876 1232 2960 κονιορτός.
1276 2876 1323 2938 διὰ
1345 2876 1396 2958 τῆν
1419 2873 1509 2956 αὐτὴν

219 2995 248 3040 εσ
262 2982 296 3044 δὲ
318 2981 411 3044 αἰτίαν
439 2979 507 3043 οὐδὲ
534 2981 554 3063 ῆ
581 2980 653 3066 φλὸξ
680 2980 794 3048 δίοπτός
819 2981 911 3056 ἐστιν,
939 2979 1011 3042 διότι
1032 2981 1140 3062 γεῶδες
1162 2978 1238 3062 αὐτῆ
1262 2978 1410 3061 μέμικται,
1441 2976 1508 3058 εἰη

259 3082 333 3168 φλόξ
355 3083 417 3147 ἐστι
438 3074 588 3167 καιόμενος
610 3081 727 3152 καπνός.
768 3085 786 3166 ῆ
810 3083 842 3145 δὲ
865 3083 952 3152 ύαλος
975 3083 1022 3146 καί
1045 3082 1080 3144 τὰ
1102 3084 1237 3166 διαφανῆ,
1260 3081 1303 3150 οἷς
1324 3080 1389 3149 τοὺς
1412 3078 1509 3147 οἴκους

257 3189 442 3272 φράττουσιν,
466 3183 569 3254 ύδατός
590 3185 676 3263 ἐστιν,
703 3188 743 3255 ῶς
765 3187 853 3269 δῆλον
876 3185 909 3248 ἐκ
931 3189 982 3268 τῆς
1004 3183 1144 3265 γενέσεως
1165 3183 1270 3248 αὐτῶν.
1315 3184 1359 3247 διὸ
1381 3184 1429 3247 καὶ
1451 3184 1509 3247 δια·
1522 3197 1549 3239 ¹⁰
1569 3216 1578 3229 =

256 3294 347 3374 φακῆ.
382 3290 431 3352 καὶ
453 3287 538 3374 κέρας
560 3288 593 3352 δὲ
614 3289 662 3352 καὶ
685 3288 717 3351 τδ
740 3289 881 3372 χελύνιον
903 3287 935 3348 τὸ
959 3290 1056 3350 πλεῖον
1080 3289 1182 3356 ῦδατος
1204 3285 1276 3372 ἔχει.
1315 3285 1361 3349 διό
1381 3309 1443 3355 πως
1465 3286 1508 3368 ἐρ·

254 3392 403 3474 γασθέντα
425 3397 529 3474 γίνεται
551 3391 690 3475 διαφανῆ·
725 3391 768 3454 ότι
790 3391 844 3475 γὰρ
867 3391 979 3464 ύδατος,
1007 3391 1094 3473 δῆλον
1117 3395 1159 3475 τῷ
1183 3389 1315 3473 μαλακτὰ
1337 3387 1419 3452 εἶναι.
1464 3388 1508 3452 ὅτι

214 3511 242 3554 κο
255 3497 290 3559 δὲ
312 3493 349 3558 τὰ
370 3498 426 3578 γῆς
449 3495 547 3555 πλεῖον
569 3489 675 3577 ἔχοντα
697 3498 755 3555 τῶν
778 3494 926 3577 διαφανῶν
953 3491 1039 3575 ῆττόν
1067 3493 1127 3555 ἐστι
1150 3494 1274 3576 διαφανῆ
1297 3493 1382 3574 δηλοῖ
1403 3491 1450 3554 καὶ
1473 3492 1506 3553 τδ

255 3601 388 3680 γλεῦκος.
438 3595 630 3678 γεωδέστερον
657 3594 710 3678 γὰρ
738 3600 788 3659 τοῦ
815 3596 998 3663 καθεστῶτος
1032 3594 1118 3658 οἴνου.
1169 3597 1245 3659 ὥστε
1271 3596 1290 3678 ῆ
1318 3595 1369 3676 μὲν
1397 3599 1433 3677 γῆ
1460 3594 1507 3657 διὰ

257 3705 349 3764 ταῦτα
376 3697 444 3762 οὔτε
466 3698 539 3781 αὐτῆ
568 3698 709 3781 διαφανὴς
730 3695 797 3761 οὔτε
823 3698 859 3760 τὰ
885 3699 914 3760 ἐν
941 3698 984 3767 οίς
1007 3697 1150 3782 μέμικται.
1197 3696 1307 3778 τὰμὲν
1334 3694 1383 3759 ούν
1405 3697 1507 3759 δίοπτα

256 3804 304 3866 καί
329 3805 455 3886 διαφανῆ
479 3802 511 3864 τὸ
528 3801 653 3883 μάλιστα
675 3800 778 3884 ὁρατὸν
801 3799 864 3886 ἔχει
886 3824 917 3864 τε
937 3803 984 3864 καὶ
1007 3801 1124 3886 δέχεται
1146 3805 1263 3886 χρῶμα,
1286 3803 1370 3862 τοῦτο
1393 3799 1425 3863 δέ
1447 3798 1506 3862 ἐστι

256 3906 290 3968 τδ
318 3909 384 3990 φῶς
410 3903 459 3966 καὶ
486 3902 557 3986 πρὸς
584 3901 678 3985 τούτῳ
706 3903 834 3973 καὶτοῖς
862 3902 959 3973 ἄλλοις
981 3907 1132 3988 χρώμασιν
1160 3907 1210 3965 τοῦ
1237 3902 1362 3986 ὁρᾶσθαι
1384 3902 1507 3987 παρέχει
1521 3919 1547 3960 ιτ»

213 4025 241 4068 κε
255 4010 308 4094 τῆν
332 4008 435 4072 αἰτίαν.
473 4006 505 4068 τό
526 4005 580 4088 γὰρ
604 4004 673 4088 όράν
696 4009 748 4092 τοῦ
771 4005 833 4069 κατ’
862 4006 1004 4091 ἐνέργειαν
1028 4009 1192 4091 διαφανοῦς.
1231 4005 1331 4068 τούτου
1353 4003 1406 4089 γὰρ
1429 4030 1506 4090 κινγ-

255 4111 324 4175 τικὰ
345 4109 382 4173 τὰ
403 4111 556 4194 χρώματα.
600 4108 636 4170 τὰ
658 4108 691 4170 δὲ
713 4108 816 4193 στερεὰ
838 4109 886 4173 καὶ
908 4108 1082 4193 διωρισμένα
1105 4114 1161 4170 τῶν
1184 4109 1328 4190 σωμάτων
1351 4109 1399 4170 καὶ
1420 4109 1506 4191 γήϊνα

203 4421 332 4493 ἳροπῆν]
351 4427 413 4475 ante
432 4439 450 4474 π
468 4437 521 4473 una
538 4421 578 4473 lit.
596 4436 661 4473 eras.
680 4421 703 4473 V
811 4422 844 4473 10
861 4417 1054 4490 ἐναντία-πυρί
1071 4421 1218 4486 suspectum
1332 4417 1434 4470 10-14
1452 4418 1495 4468 καὶ
1513 4417 1558 4488 γὰρ

201 4509 421 4579 δῆ-ἀφέσττγκεν
445 4507 533 4577 αὐτοῦ]
562 4508 594 4561 cf.
614 4509 655 4561 ΑΙ.
675 4508 706 4561 de
725 4523 793 4561 sens.
812 4505 995 4572 96‚1·2-97‚3
1121 4505 1152 4556 15
1177 4503 1329 4572 ὑπέκκαυμα
1347 4504 1407 4556 VK:
1432 4502 1559 4555 ὑπέκκαυ-

203 4600 264 4667 μίνφ
283 4613 301 4649 a
427 4597 459 4648 18
485 4594 601 4665 ἀφεστώς
618 4596 659 4648 Κα
784 4593 896 4647 ‘zo—29
924 4591 1193 4660 είκύτως-μαλακτὰ
1216 4591 1286 4660 εἶναι]
1315 4591 1346 4643 εί,
1371 4591 1411 4642 ΑΙ.
1435 4591 1466 4643 de
1490 4608 1572 4663 sens..

203 4684 333 4750 973-12
453 4683 485 4735 22
508 4681 572 4753 αύτῆ
591 4684 632 4753 Ka
755 4681 788 4733 23
813 4681 861 4751 ἀὴρ
880 4680 1010 4738 ἀνάπλεως
1028 4682 1069 4733 Ka
1183 4680 1216 4731 24
1238 4677 1347 4749 γεώδους
1366 4680 1418 4731 Ka:
1437 4679 1558 4747 γαίῶδους

205 4773 235 4838 θ’,
252 4780 282 4824 ut
302 4788 402 4840 semper
499 4769 908 4838 26-‘2706-622662601116
1006 4764 1041 4819 ἳθ
1057 4766 1133 4836 δῆλον
1152 4768 1257 4834 scripsi:
1276 4765 1348 4836 δηλοῖ
1366 4766 1429 4818 VKa
1455 4766 1498 4818 ϊί.
1517 4767 1558 4818 ΑΙ.

206 4859 234 4910 de
251 4875 323 4912 sens.
341 4857 419 4922 9210
456 4859 531 4928 κίρας
549 4856 575 4909 δὲ
594 4857 684 4910 καὶτὸ
702 4856 824 4930 χτλῶνιον
848 4855 955 4927 διαφανῆ
975 4853 1125 4925 ἐργασθέντα
1143 4873 1198 4913 πως
1216 4854 1318 4923 γίνεται,
1341 4849 1380 4904 ότι
1396 4852 1425 4903 τὸ
1444 4851 1557 4905 πλεῖστον

208 4943 293 5006 ὓδατος
312 4947 336 5000 ἐν
349 4945 444 5003 αὐτοῖς·
464 4943 540 5014 δῆλον
559 4943 584 4996 δὲ
603 4948 641 5016 τιγῖ
661 4943 778 5009 μαλακτᾶ
797 4944 857 4996 εἶναι
964 4944 993 4995 31
1017 4941 1055 4997 διὰ
1074 4943 1101 4994 in
1120 4943 1158 4996 ίίί.
1171 4943 1193 4994 V
1301 4939 1334 4993 3⁶2
1352 4938 1455 5014 δίοπτρα
1473 4940 1515 4993 Ka
