3540 5610
649 313 706 382 [DE
729 315 840 368 Ακιιιι
862 315 964 367 ιιιιρκ
987 314 1114 383 ALTER]
1300 367 1305 374 .
1499 316 1559 380 109

251 490 323 556 λοῦς
347 491 475 550 καλεῖται
497 492 572 554 νοῦς.
606 492 672 556 νοῦς
694 489 746 570 μὲν
769 487 823 569 γὰρ
846 489 974 551 καὶτῶν
997 487 1093 551 σίλλων
1117 487 1237 551 ἕκαστον
1260 493 1318 548 τῶν
1340 486 1505 569 νοουμένων

251 590 341 652 εἰῦῶν
364 589 431 651 όταν
455 595 565 672 νοηται.
588 590 647 653 ἀλλ’
676 591 710 653 οῦ
735 591 862 673 θῦραθεν
886 590 946 652 οὐδ’
976 589 1084 660 ἔξωθεν
1107 596 1172 659 νοῦς
1195 592 1250 665 ῶν,
1278 587 1336 652 ἀλλ’
1366 589 1414 652 ότε
1436 596 1506 651 νοεῖ·

249 715 300 754 ται
326 691 483 773 γινόμενος.
532 691 616 761 οὗτος
642 694 674 756 ῦέ
700 697 780 765 νοῦς.
815 693 855 753 ῶν
883 693 929 755 καὶ
957 693 1012 776 πρὸ
1040 696 1089 755 τοῦ
1117 694 1260 768 νοεῖσθαι,
1291 691 1411 761 εἰκότως
1438 691 1547 754 όταννο

249 796 369 878 νοηθή,
397 794 525 877 θόραθέν
548 795 579 856 τέ
601 795 661 858 ἐστι
688 797 736 858 καὶ
759 796 880 875 λέγεται,
924 801 999 858 νοεῖν
1022 796 1054 857 δὲ
1076 795 1163 858 αὑτὸν
1191 797 1207 858 6
1230 795 1260 858 ἐν
1287 795 1342 862 ἔξει
1364 800 1430 862 νοῦς
1459 797 1507 857 καὶ

218 896 378 979 οὲνεργῶν
401 898 531 960 ῦόναται·
566 897 600 960 οὐ
622 898 698 960 καθὸ
720 903 787 966 νοῦς
808 898 894 971 ἐστιν,
918 898 979 980 ἅμα
1001 898 1054 981 γὰρ
1077 899 1126 960 καὶ
1149 898 1222 960 κατὰ
1244 898 1345 960 ταῦτὸν
1368 897 1448 982 αὐτῷ
1473 899 1505 959 τὸ

249 1004 330 1062 νοεῖν
353 998 433 1063 ἔσται
461 1001 509 1062 καῖ
536 1002 680 1073 νοεῖσθαι,
711 1001 856 1063 ἀλλὰκαὶ
884 999 975 1082 ταῦτη
1000 1001 1066 1082 μέν,
1093 997 1113 1083 ή
1141 1003 1157 1063 6
1184 998 1247 1063 κατ’
1276 1000 1418 1082 ἐνέργειαν
1441 984 1506 1069 νοῦς

250 1104 269 1163 ό
303 1103 393 1170 αὐτός
427 1103 487 1165 ἐστι
521 1106 581 1170 τοῖς
613 1099 676 1165 κατ’
708 1103 850 1185 ἐνέργειαν
884 1102 1059 1184 νοουμένοις.
1111 1104 1206 1166 ἐκεῖνα
1241 1106 1277 1186 66
1311 1109 1384 1165 νοῶν
1418 1104 1505 1165 αὑτὸν

250 1209 324 1273 νοεῖ,
346 1203 427 1286 εἴγε
450 1208 538 1267 ταῦτα
562 1205 581 1266 ἃ
602 1210 665 1267 νοεῖ
685 1205 714 1266 ἐν
735 1210 778 1288 τῷ
802 1205 930 1267 νοεῖσθαι
953 1209 1018 1273 νοῦς
1039 1205 1154 1287 γίνεται.
1193 1207 1218 1268 εἰ
1233 1206 1287 1289 γὰρ
1310 1206 1345 1268 τὰ
1366 1205 1508 1286 νοούμενα

251 1307 332 1369 ἐστιν
362 1309 378 1370 6
406 1305 468 1370 κατ’
496 1307 640 1390 ἐνέργειαν
667 1311 745 1381 νοῦς,
776 1312 865 1369 ταῦτα
892 1308 924 1369 ’ῦέ
950 1311 1025 1380 νοεῖ,
1055 1309 1141 1370 αὑτὸν
1170 1312 1245 1370 νοῶν
1273 1308 1387 1389 γίνεται.
1432 1314 1505 1370 νοῶν

207 1424 237 1468 1⁰
252 1410 307 1491 μὲν
329 1409 383 1493 γὰρ
406 1410 423 1472 6
446 1409 532 1478 αῦτὸς
554 1409 658 1490 γίνεται
685 1415 745 1478 τοῖς
767 1409 946 1492 νοουμένοις,
974 1411 1014 1493 μή
1038 1416 1112 1472 νοῶν
1139 1411 1171 1473 ὸὲ
1193 1409 1281 1479 ἄλλος
1303 1411 1378 1474 ἐστὶν
1400 1411 1505 1474 αὐτῶν.
1520 1428 1547 1469 ατ

251 1513 347 1580 οῦτως
375 1512 408 1574 ῦέ
430 1513 476 1573 καὶ
498 1512 518 1593 6
541 1510 676 1594 αἴσθησις
701 1514 792 1596 αὑτῆς
821 1513 1013 1576 αἰσθάνεσθαι
1036 1511 1139 1594 λέγοιτ’
1169 1511 1202 1574 ἂν
1225 1512 1421 1596 αἰσθανομένη
1444 1514 1506 1576 τοῦ·

252 1639 326 1688 των,
353 1612 537 1705 όιένεργείᾳ
551 1613 627 1695 αὐτή
657 1613 747 1676 ταῦτὰ
769 1615 884 1695 γίνεται.
929 1618 969 1683 ὡς
992 1614 1045 1697 γὰρ
1073 1611 1198 1698 ἔφαμεν,
1226 1614 1273 1676 καὶ
1300 1616 1319 1697 6
1343 1612 1405 1677 κατ’
1432 1614 1506 1699 ἐνέρ·

253 1741 335 1798 γειαν
357 1714 495 1799 αἴσθησις
517 1717 550 1778 τὸ
572 1715 712 1798 αἰσθητόν
734 1717 804 1779 ἐστι.
845 1718 892 1780 καὶ
916 1718 969 1801 γὰρ
993 1720 1011 1799 6
1034 1717 1170 1800 αἴσθησις
1191 1719 1238 1779 καὶ
1261 1718 1276 1778 6
1299 1723 1365 1785 νοῦς
1387 1722 1424 1799 τῇ
1449 1723 1505 1780 τῶν

256 1822 344 1882 εῖῦῶν
360 1821 447 1903 λήψει
462 1820 554 1903 χωρὶς
571 1818 639 1900 ῦλης
655 1824 713 1881 τῶν
732 1819 845 1882 οἰκείων
867 1820 964 1888 αὐτοῖς
980 1820 1244 1904 ἀντιλαμβάνονται.
1279 1818 1320 1882 ἔτι
1344 1821 1376 1882 ῦέ
1397 1818 1500 1902 λέγοιτ’

212 1939 241 1983 15
256 1922 292 1984 ἂν
315 1924 401 1985 αὑτὸν
425 1926 499 1984 νοεῖν
526 1922 542 1983 6
565 1927 631 1991 νοῦς
654 1923 710 2008 οὐχ
738 1917 758 2006 ή
785 1927 850 1991 νοῦς
877 1924 967 1993 ἐστιν,
995 1922 1055 1985 ἀλλ’
1083 1919 1103 2006 ή
1128 1924 1175 1985 καὶ
1203 1921 1288 1990 αὐτὸς
1311 1913 1427 2006 νοητός.Ι
1468 1927 1507 1991 ῶς

255 2026 312 2110 γὰρ
334 2029 437 2107 νοητοῦ
461 2026 656 2109 ἀντιλήψεται,
681 2028 780 2109 ὥσπερ
802 2026 849 2087 καὶ
873 2032 929 2087 τῶν
952 2024 1048 2088 ἄλλων
1071 2025 1194 2087 ἑκάστου
1217 2030 1274 2087 τῶν
1296 2031 1422 2108 νοητῶν,
1450 2025 1506 2110 οὐχ

259 2133 301 2197 ῶς
323 2132 384 2190 νοῦ.
430 2127 599 2212 συμβέβηκε
619 2129 674 2212 γὰρ
697 2135 738 2213 τῷ
763 2132 804 2212 νᾳῖ
829 2127 902 2190 εἶναι
924 2129 971 2190 καὶ
994 2132 1091 2212 νοητῷ
1099 2151 1106 2166 ·
1138 2128 1201 2190 ἐπεὶ
1223 2128 1277 2211 γοίρ
1300 2129 1360 2191 ἐστι
1383 2134 1440 2191 τῶν
1464 2127 1507 2191 όν·

255 2255 315 2295 τιον
338 2254 364 2292 τι
390 2231 438 2293 καὶ
450 2219 562 2303 αὐτός,
590 2231 638 2292 καὶ
664 2230 717 2293 οῦκ
745 2229 820 2293 ἔστιν
843 2228 997 2312 αἰσθητός,
1026 2230 1153 2293 λείπεται
1179 2231 1280 2314 νοητὸν
1310 2229 1397 2293 αὐτὸν
1424 2231 1505 2295 εῖναι.
1520 2249 1548 2290 ον

255 2335 282 2397 εἰ
304 2333 359 2416 γὰρ
382 2336 423 2400 ῶς
444 2337 511 2401 νοῦς
532 2335 581 2395 καί
603 2333 678 2396 καθὸ
701 2337 767 2401 νοῦς
789 2334 864 2396 ἐστιν
888 2334 995 2395 ἐνοεῖτο
1019 2330 1067 2416 ὑφ’
1094 2333 1198 2404 αὑτοῦ,
1221 2333 1305 2396 οῦὸέν
1329 2333 1362 2396 ἂν
1386 2333 1466 2407 ἄλλο,
1490 2335 1506 2397 ὃ

209 2454 241 2498 σι)
255 2438 300 2520 μὴ
323 2441 389 2504 νοῦς
411 2435 458 2518 ἧν,
481 2434 566 2507 ἐνόει,
588 2437 665 2499 ὥστε
687 2436 773 2499 αὑτὸν
796 2434 830 2497 ἂν
853 2433 928 2497 ἐνόει
951 2433 1046 2514 μόνον.
1091 2441 1165 2498 νοῶν
1188 2436 1220 2498 ὸὲ
1243 2436 1278 2497 τὸ
1300 2439 1399 2517 νοηταί,
1422 2437 1441 2499 ἃ
1465 2441 1505 2521 μή

254 2543 334 2604 ἐστιν
350 2542 417 2605 νοῦς
438 2537 494 2621 πρὸ
516 2542 567 2601 τοῦ
583 2539 721 2613 νοεῖσθαι,
744 2541 791 2602 καὶ
811 2539 898 2601 αὑτὸν
920 2540 961 2605 ὡς
981 2541 1108 2599 τοιοῦτον
1131 2542 1193 2599 νοεῖ
1207 2541 1247 2606 ῶς
1269 2537 1300 2600 ἕν
1316 2562 1341 2601 τι
1363 2546 1420 2602 τῶν
1443 2564 1506 2623 νοη-

255 2649 326 2705 τῶν.
360 2640 466 2721 γίνεται
488 2638 537 2703 οῦν
560 2639 634 2704 κατὰ
656 2642 838 2725 συμβεβηκὸς
860 2641 947 2703 αὑτὸν
970 2645 1045 2714 νοῶν
1069 2641 1084 2701 6
1104 2644 1169 2708 νοῦς
1192 2638 1274 2709 οὗτος
1297 2642 1355 2704 ἀπὸ
1378 2647 1428 2706 τοῦ
1452 2644 1507 2705 ὸλι-

253 2749 309 2807 κοῦ
332 2747 382 2806 νοῦ
406 2746 525 2826 προϊών.
559 2746 607 2805 καὶ
630 2745 775 2827 ὸπρῶτος
797 2744 828 2806 ῦὲ
843 2748 909 2812 νοῦς
931 2745 979 2805 καὶ
995 2743 1122 2825 ἐνεργείᾳ
1144 2747 1210 2810 νοῦς
1225 2743 1311 2806 αὑτὸν
1334 2749 1396 2807 νοεῖ
1417 2768 1506 2828 παρα-

252 2848 387 2929 πλησίως
410 2847 458 2908 καὶ
473 2848 521 2908 διὸ
542 2846 593 2928 τήν
615 2845 706 2928 αῦτήν
722 2846 821 2909 αἰτίαν.
856 2843 915 2907 ἀλλ’
936 2846 1044 2913 ἐκεῖνος
1060 2844 1145 2907 πλέον
1160 2866 1186 2906 τι
1209 2845 1286 2928 παρὰ
1309 2850 1408 2910 τοῦτον
1432 2845 1506 2933 ἔχει.

210 2967 240 3010 25
255 2950 342 3013 οῦῦέν
364 2950 420 3032 γὰρ
442 2947 514 3010 ἄλλο
536 2948 555 3030 ή
579 2950 665 3011 αὑτὸν
687 2953 756 3012 νοεῖ.
801 2954 842 3032 τῷ
868 2949 920 3030 μὲν
941 2948 996 3032 γὰρ
1020 2947 1091 3010 εἶναι
1114 2949 1216 3031 νοητὸς
1238 2954 1344 3011 νοεῖται
1366 2950 1436 3032 πρὸς
1459 2951 1507 3013 αῦ·
1521 2969 1547 3010 κν

253 3058 318 3119 τοῦ.
342 3053 391 3114 καί
412 3057 454 3135 τῷ
473 3051 598 3134 ἐνεργείᾳ
620 3053 668 3114 καὶ
690 3052 775 3136 ρ’όσει
798 3052 939 3133 τήαῦτοῦ
963 3051 1065 3132 νοητὸς
1087 3049 1159 3112 εῖναι
1182 3051 1226 3112 αἐὶ
1241 3051 1394 3134 νοοῦμενος
1416 3051 1506 3131 ἔσται,

256 3154 395 3237 ῦηλονότι
417 3154 474 3216 ῦττὸ
495 3158 546 3216 τοῦ
568 3151 639 3238 (ἀεὶ)
661 3154 788 3237 ἐνεργείᾳ
810 3158 951 3222 νοοῦντος.
989 3153 1035 3215 ἀεὶ
1058 3153 1090 3214 ὸέ
1111 3152 1238 3236 ἐνεργείᾳ
1261 3158 1334 3215 νοῶν
1358 3154 1418 3217 ἐστι
1440 3162 1505 3226 νοῦς

252 3259 344 3326 αὐτὸς
366 3257 466 3338 μόνος·
497 3258 542 3319 ἀεὶ
564 3257 620 3338 ἄρα
643 3258 729 3320 αὑτὸν
752 3258 859 3339 νοήσει.
905 3255 990 3339 μόνον
1014 3255 1055 3321 δέ.
1078 3252 1205 3317 καθόσον
1228 3256 1304 3318 ἐστὶν
1326 3257 1445 3326 ἁπλοῦς.
1490 3261 1505 3322 6

254 3361 313 3444 γὰρ
337 3361 446 3428 ἁπλοῦς
469 3363 534 3427 νοῦς
556 3360 666 3421 ἁπλοῦν
686 3383 712 3422 τι
733 3363 807 3431 νοεῖ,
834 3359 917 3422 οῦὸέν
940 3360 972 3421 ῦέ
994 3357 1066 3420 ἄλλο
1089 3358 1199 3420 ἁπλοῦν
1222 3358 1281 3421 ἐστι
1304 3361 1406 3442 νοητὸν
1430 3363 1504 3444 πλὴν

210 3481 239 3525 :n
253 3461 355 3531 αῦτός.
405 3464 510 3545 ἀμιγὴς
536 3463 588 3546 γὰρ
615 3462 699 3531 οὗτος
725 3463 772 3525 καὶ
799 3461 887 3530 ἅῦλος
914 3463 961 3524 καὶ
992 3462 1075 3524 οῦῦὲν
1102 3458 1181 3546 ἔχων
1208 3462 1237 3523 ἐν
1268 3463 1348 3548 αὐτῷ
1377 3465 1506 3546 ῦυναίμει.

253 3568 346 3631 αὑτὸν
369 3564 425 3648 ἄρα
443 3563 529 3648 μόνον
544 3567 652 3649 νοήσει.
690 3566 766 3629 καθὸ
790 3565 841 3648 ρέν
857 3563 913 3649 ἄρα
928 3569 992 3633 νοῦς
1008 3564 1095 3639 ἐστιν,
1119 3565 1205 3627 αὑτὸν
1226 3569 1266 3634 ῶς
1281 3567 1382 3649 νοητὸν
1399 3567 1507 3649 νοήσει,

202 3784 365 3793 -—---—-——
375 3782 500 3790 ———-
510 3784 605 3790 ——.

202 3930 295 3984 Ινοῦς
313 3943 364 3978 om.
383 3928 408 3979 M
514 3926 556 3977 καλ
574 3925 638 3994 τῶν]
658 3924 783 3978 αῦτῶνθῖ
890 3924 982 3978 θοῦὸέ
1000 3927 1024 3977 Μ
1130 3925 1258 3995 νοήταιλ]
1365 3926 1428 3977 4τέ
1447 3928 1539 3978 ormi

200 4016 254 4067 ἐστι
272 4016 317 4067 καὶ
335 4013 443 4083 λέγεται]
468 4013 500 4064 uf.
519 4013 657 4082 εῦρῖσκεται
676 4015 719 4066 καί
737 4013 788 4066 ἐστι
810 4014 913 4066 λῦθτλθ
950 4013 1124 4066 καλεῖται’καὶ
1142 4012 1193 4064 ἐστι
1213 4013 1319 4065 λῖνθνθθ
1430 4013 1506 4066 αῦτὸν
1527 4016 1560 4067 V:

200 4104 279 4155 αῦτον
298 4104 336 4155 M:
355 4102 444 4154 ἑαυτὸν
463 4102 503 4153 Ka
584 4100 735 4153 θαῦτὸνὸί
815 4102 842 4153 ll
864 4100 890 4152 ὸέ
910 4102 985 4152 Vlia:
1005 4099 1079 4152 ὸνλλ
1154 4100 1355 4170 αὐτῆςσοιῖρσὶι
1375 4100 1562 4171 αῦτήςλίλῙΚα

203 4193 235 4243 λ’.)
260 4191 339 4243 ταῦτὰ
357 4192 380 4242 λλ
400 4206 441 4240 ex.
457 4190 534 4241 Victa
554 4191 632 4240 ταῦτα
652 4188 715 4239 λ’Κιι
825 4188 861 4246 ῶς
878 4192 924 4260 γὰρ
943 4186 1049 4256 ἔφαμεν]
1072 4187 1164 4252 λθθ,λθ
1273 4190 1302 4239 14
1326 4187 1410 4246 αὺτοῖς
1428 4190 1464 4240 M:
1485 4188 1562 4258 αὐτῆς

204 4280 268 4331 VK&
365 4277 395 4329 15
415 4275 491 4328 αῦτὸν
510 4276 544 4326 V:
563 4274 639 4327 αὑτὸν
657 4277 722 4328 λλΚσ
820 4276 895 4334 αὐτὸς
914 4277 998 4328 VKM:
1018 4275 1126 4333 αῦτὸςιι
1223 4277 1252 4327 16
1270 4277 1379 4329 fortasse
1398 4281 1489 4346 νοητοῦ
1507 4275 1561 4339 (αῦ-

202 4372 259 4431 τοῦ)
277 4366 439 4435 ἀντιλήψεται
528 4364 560 4416 Ιθ
578 4364 669 4415 ἐνοεῖτο
689 4366 723 4416 V:
742 4365 848 4416 ἐννοεῖτο
866 4366 903 4417 M:
922 4364 1000 4416 ἐννοεῖ
1016 4364 1044 4415 τὸ
1064 4364 1104 4415 Ka
1192 4364 1226 4415 20
1243 4363 1362 4415 ἐννόειθῐ
1445 4363 1475 4415 21
1496 4364 1561 4416 ἐστιν

202 4455 312 4522 scripsi:
330 4453 390 4505 εἰσιν
410 4452 498 4505 vmza
590 4451 623 4503 *2⁴2
642 4450 717 4504 αὑτὸν
735 4454 828 4505 ομιῖθ
925 4450 958 4503 ‘23
977 4449 1051 4503 αὸςὸν
1069 4457 1136 4502 ννοεῐ
1152 4452 1229 4504 sicV
1324 4450 1471 4515 ’λδ-1103
1490 4449 1561 4503 οῦδὲν

182 4540 460 4613 'mmo-6616]
479 4541 512 4593 οῖ.
530 4541 573 4593 Ριι.
592 4540 634 4593 ΑΙ.
652 4541 679 4592 in
700 4546 759 4593 met.
779 4538 942 4605 fimo-27
1041 4538 1073 4591 25
1093 4539 1168 4591 α’ντὸν
1186 4541 1221 4592 λι
1239 4538 1315 4592 αῦτὸν
1332 4539 1399 4590 mia
1490 4538 1519 4590 τὸ
1537 4540 1562 4591 Μ

202 4612 293 4697 πρὸθλ
389 4629 466 4681 αῦτοῦ
485 4627 575 4680 θλλΚιι
668 4627 701 4679 26
721 4627 798 4680 αὐτοῦ
817 4628 851 4678 V:
871 4627 960 4679 ἑαυτοῦ
978 4628 1015 4679 M:
1034 4626 1112 4679 αὑτοῦ
1131 4628 1171 4679 Κιι
1260 4626 1291 4678 θῖ
1310 4626 1370 4690 (del)
1387 4626 1561 4679 Freudonthal

202 4716 537 4770 additcf.1‘s.Al.v.21
623 4715 742 4769 ὸέθΚατ
761 4713 839 4768 δι’θλ
923 4713 957 4766 28
975 4713 1065 4784 μόνον]
1086 4714 1180 4784 μᾶλλον
1198 4716 1241 4768 Ps.
1259 4716 1301 4768 Αλ.
1320 4715 1353 4767 θθ
1437 4712 1472 4765 30
1490 4712 1563 4771 οὗτος

202 4806 277 4859 ml
297 4824 338 4859 ex.
360 4808 440 4859 Victa
459 4804 488 4859 οῦ
507 4822 577 4863 τιςο
665 4806 734 4877 αὐτῷ
755 4806 790 4858 V:
810 4804 881 4876 αὐτῷ
900 4803 966 4857 mia
1050 4794 1087 4857 '31
1107 4804 1153 4874 γὰρ
1172 4804 1220 4876 ἄρα
1237 4803 1312 4873 μόνον
1330 4805 1355 4857 M
1438 4808 1484 4872 μιν
1502 4800 1561 4876 ἄρα]

201 4895 488 4967 μὸνγὰρΡε.ΑΙ.θ5
