3540 5610
643 336 700 410 [υτ
722 340 833 397 ιιιιιιι
853 339 956 396 LIBER
979 336 1105 412 Αιτειι]
1489 338 1548 407 131

251 513 339 598 ἁφῆς,
362 513 431 579 καθ’
457 515 492 599 ἣν
515 514 669 599 ἁπτόμεθα
690 520 747 579 τῶν
768 516 874 599 ἑτέρων
897 518 1056 599 σωμάτων·
1079 515 1147 580 οὐδὲ
1167 515 1221 599 γὰρ
1244 515 1291 579 ἐπὶ
1313 514 1419 599 ταύτης
1440 516 1497 578 δια·
1510 530 1537 573 ιτ

250 617 358 701 λείψεις
380 623 433 702 τῆς
453 618 632 703 ἀντιλήψεως
652 619 785 702 γίνονται,
808 616 867 682 ἔδει
888 619 921 682 δέ
938 642 984 702 γε·
1012 619 1128 703 τοιαύτη
1148 619 1203 704 γὰρ
1226 619 1245 703 ἡ
1269 618 1365 702 πονικὴ
1389 617 1498 701 κίνησις

248 715 315 782 κατ’
343 719 457 790 αδτοός.
501 719 528 783 εἰ
549 721 581 784 δὲ
602 721 635 784 τδ
657 724 771 804 πνεῦμα
793 726 877 785 τοῦτο
899 723 947 806 δή,
970 720 986 785 ὃ
1008 725 1143 805 καλοῦσιν
1165 720 1244 806 όψιν,
1271 718 1357 805 μόνον
1380 726 1496 784 κινεῖται

252 821 305 905 τήν
327 822 538 907 προειρημένην
554 823 673 909 κίνησιν,
696 824 731 908 ἣν
746 822 864 907 λέγουσι
885 826 1010 909 τονικήν,
1033 823 1137 908 άλογυν
1157 825 1191 888 τδ
1211 824 1259 888 ἐπὶ
1282 822 1370 908 μόνου
1392 823 1495 887 τούτου

221 921 344 1006 σλέγειν
367 925 455 1002 οὕτω,
477 926 567 990 καίτοι
588 948 622 1009 γε
643 924 678 990 οὔ
700 947 796 1010 φασιν.
833 926 867 990 τδ
889 927 921 990 δὲ
943 926 1010 991 όλον
1033 927 1153 1011 ἀπορίας
1175 924 1370 1011 ἔχει’πολλάς
1391 928 1411 1010 ή
1431 928 1496 1011 περὶ

250 1031 303 1111 τής
325 1032 440 1110 τονικῆς
465 1029 607 1112 κινήσεως
632 1027 709 1098 δόξα
754 1033 868 1114 πρῶτον
892 1029 1018 1114 μὲνγὰρ
1046 1028 1176 1111 όμοειδές
1203 1052 1229 1091 τι
1257 1027 1288 1091 δν
1314 1027 1385 1091 αὐτό
1409 1029 1495 1092 έαυτδ

251 1131 377 1214 κινήσει,
412 1129 428 1192 δ
455 1130 594 1195 ἀδύνατον
621 1131 763 1196 δείκνυται
795 1132 1059 1217 προχειριζομένοις
1091 1131 1140 1201 τὰς
1167 1131 1334 1194 καθέκαστα
1361 1132 1496 1216 κινήσεις.

250 1230 360 1308 ἔπειτα,
383 1231 464 1317 εἴπερ
487 1233 517 1296 έν
540 1257 565 1297 τι
588 1232 704 1319 συνέχει
725 1231 773 1297 τόν
793 1257 825 1297 τε
847 1234 966 1298 σόνολον
988 1233 1097 1317 κόσμον
1120 1233 1181 1317 ἅμα
1202 1239 1261 1303 τοῖς
1283 1233 1313 1296 ἐν
1335 1233 1428 1318 αὐτῷ,
1449 1234 1497 1298 καὶ
1510 1250 1538 1294 τι)

251 1333 320 1397 καθ’
347 1335 468 1399 ἕκαστον
490 1339 548 1398 τῶν
571 1336 619 1399 ἐπὶ
642 1335 748 1422 μέρους
769 1338 914 1420 σωμάτων
937 1336 1001 1400 ἐστι’
1019 1361 1046 1400 τι
1068 1335 1084 1398 δ
1106 1336 1232 1421 συνέχει,
1254 1342 1318 1405 πῶς
1339 1335 1392 1399 οὐκ
1415 1339 1497 1421 ἀναγ-

207 1451 236 1497 ιυ
250 1441 332 1500 καῖον
347 1437 452 1502 ταύτὸν
474 1437 536 1522 ἅμα
551 1437 602 1507 τὰς
617 1439 744 1509 ἐναντίας
767 1439 908 1503 κινεῖσθαι
922 1440 1060 1523 κινήσεις;
1085 1439 1173 1503 όπότε
1187 1439 1240 1523 γὰρ
1263 1440 1321 1503 ἀπδ
1337 1444 1389 1502 τοό
1405 1439 1496 1525 μέσου

249 1545 303 1604 τοῦ
325 1540 438 1625 κόσμου
460 1542 532 1625 πρὸς
554 1540 589 1604 τὰ
604 1539 714 1624 πέρατα
735 1542 879 1625 ήκίνησις
900 1547 943 1627 τῷ
966 1543 1092 1625 διήκοντι
1110 1541 1249 1626 πνεόματι
1263 1542 1394 1625 γίγνοιτο,
1415 1528 1474 1606 τότ’
1497 1560 1550 1605 149v

252 1644 364 1726 ἀνάγκη
387 1643 435 1708 καὶ
457 1643 572 1727 ἑκάστῳ
594 1647 652 1704 τῶν
674 1642 722 1705 ἐπὶ
745 1643 849 1728 μέρους
871 1646 1014 1728 σωμάτων
1037 1643 1101 1729 ἤτοι
1116 1644 1174 1706 ἀπὸ
1195 1648 1246 1707 τοῦ
1270 1645 1361 1728 μέσου
1384 1646 1403 1729 ἢ
1427 1648 1498 1731 πρὸς

250 1746 285 1808 τδ
309 1745 397 1830 μέσον
418 1746 471 1829 τὴν
494 1745 601 1830 κίνησιν
623 1749 667 1830 τῷ
691 1749 742 1809 τοῦ
764 1747 869 1817 παντὸς
890 1746 1052 1831 πνεύματος
1075 1747 1181 1830 μορίῳ,
1204 1746 1220 1809 δ
1243 1744 1278 1810 δι’
1306 1748 1430 1812 ἑκάστου
1454 1773 1497 1812 κε-

255 1850 403 1933 χώρηκεν,
425 1849 563 1932 γίνεσθαι.
607 1846 736 1933 διαφέρει
758 1850 791 1912 δὲ
813 1848 897 1913 υδδέν
920 1849 1154 1935 όποτερωθενυῦν
1177 1849 1269 1933 λέγειν
1291 1851 1429 1933 γίνεσθαι.
1472 1853 1497 1915 εἰ

206 1966 237 2010 1⁵
251 1950 305 2034 μέν
328 1952 365 2034 δὴ
388 1952 436 2015 καί
458 1956 542 2015 τοῦτο
564 1951 621 2013 ἀπὸ
644 1955 695 2014 τοῦ
717 1950 807 2035 μέσου
829 1957 946 2029 κινοῖτο,
968 1952 1045 2035 λέγω
1067 1952 1099 2014 δέ
1118 1953 1150 2015 τδ
1173 1949 1203 2016 ἔν
1226 1976 1277 2016 τινι
1299 1959 1356 2017 τῶν
1379 1954 1427 2017 ἐπὶ
1450 1953 1497 2038 μέ-

250 2077 320 2139 ρους
342 2055 501 2139 σωμάτων,
530 2054 592 2136 ἅμα
618 2054 698 2116 κάτω
725 2055 772 2118 καὶ
795 2053 855 2118 άνω
882 2038 1028 2139 κινήσεται
1055 2055 1087 2117 τδ
1110 2054 1158 2118 διὰ
1184 2059 1240 2119 τῶν
1263 2055 1418 2139 κατωτέρω
1447 2062 1498 2121 τοῦ

253 2156 349 2237 μέσου
371 2162 468 2241 μερῶν
490 2161 542 2240 τῆς
564 2155 652 2225 έὶεως
673 2155 762 2220 αὐτοῦ
784 2159 892 2241 διῆκον.
936 2157 1011 2222 καθδ
1035 2158 1086 2242 μὲν
1109 2158 1142 2220 τδ
1165 2161 1221 2221 πᾶν
1243 2159 1284 2228 εἰς
1306 2160 1338 2222 τδ
1362 2158 1439 2234 ἀνω,
1466 2157 1500 2222 οὖ
1527 2174 1541 2216 ο

251 2258 342 2343 μέρος
362 2263 458 2336 τοῦτο,
480 2258 552 2334 ἀνω,
574 2260 649 2323 καθὸ
672 2260 705 2324 δέ
723 2259 781 2323 ἀπὸ
804 2264 855 2322 τοῦ
878 2260 968 2345 μέσου
990 2264 1041 2323 τοῦ
1064 2260 1093 2323 ἐν
1116 2258 1142 2344 ᾧ
1166 2261 1241 2324 ἐστιν
1264 2261 1312 2324 ἐπὶ
1333 2261 1368 2324 τὰ
1391 2260 1501 2344 πέρατα

250 2365 370 2424 κινεῖται
393 2361 429 2425 τά
450 2361 604 2446 κατωτέρω
633 2366 685 2426 τοῦ
708 2361 814 2446 μέσου,
842 2364 884 2432 εἰς
905 2364 937 2426 τδ
963 2364 1043 2427 κάτω
1070 2366 1216 2448 κινήσεται
1238 2361 1380 2447 δηλονότι.
1425 2365 1501 2428 ὥστε

206 2479 238 2524 2⁰
251 2462 316 2546 ἅμα
338 2463 399 2527 ἀνω
421 2451 476 2527 καί
491 2466 570 2527 κάτω
593 2466 626 2529 τδ
648 2463 729 2529 αὐτό.
773 2465 800 2528 εί
822 2465 854 2529 δὲ
876 2465 934 2528 ἀπὸ
957 2468 1014 2528 τῶν
1037 2467 1168 2549 περάτων
1190 2467 1237 2530 ἐπὶ
1259 2467 1292 2529 τδ
1315 2466 1413 2549 μέσον,
1435 2465 1500 2530 ταῦ-

251 2568 303 2631 τδν
326 2567 504 2652 συμβήσεται
525 2567 590 2651 περὶ
612 2567 648 2630 τά
669 2572 727 2631 τῶν
749 2567 886 2652 ἀνωτέρω
915 2571 964 2631 τοῦ
988 2567 1079 2651 μέσου
1104 2573 1199 2653 μερῶν
1222 2568 1312 2632 αὐτοῦ
1335 2569 1500 2653 διεληλυθό-

252 2694 302 2740 τος
324 2672 375 2733 τοῦ
401 2669 571 2753 πνεύματος.
616 2669 692 2734 ἀλλὰ
713 2670 740 2733 εἰ
766 2671 815 2734 καί
838 2671 938 2754 δοθείη
968 2671 1018 2747 διά
1041 2676 1094 2755 τῆς
1122 2675 1174 2734 τοῦ
1197 2670 1301 2754 μεταίδ
1329 2669 1415 2755 ἀέρος
1437 2670 1501 2733 ἐπε-

253 2774 375 2859 ρείσεως
400 2772 434 2834 τδ
460 2772 530 2856 δρᾶν
556 2773 699 2855 γίνεσθαι,
733 2771 813 2843 όπως
839 2775 944 2856 δηλοῦν
972 2773 1063 2858 ἐχρῆν
1091 2776 1199 2857 μᾶλλον
1230 2771 1424 2858 σκληρότητος
1452 2774 1500 2836 καὶ

254 2873 456 2960 μαλακότητος
482 2875 531 2938 καὶ
557 2875 734 2960 τραχύτητος
761 2877 809 2940 καὶ
839 2874 985 2960 λειότητος
1015 2875 1064 2939 καὶ
1093 2874 1248 2960 ὑγρότητος
1274 2878 1322 2940 καὶ
1345 2875 1500 2961 ξηρότητος
1514 2892 1540 2934 ιι

212 2996 241 3041 να
254 2978 405 3062 ἀντίληψιν
428 2977 521 3045 οὕτως
546 2977 566 3061 ἢ
589 2979 746 3062 χρώματος
766 2979 904 3062 γίνεσθαι.
948 2978 1057 3043 τούτων
1078 2980 1132 3062 γάρ
1159 3002 1185 3041 τι
1207 2979 1256 3043 καί
1278 2979 1325 3043 διὰ
1347 2979 1502 3065 βακτηρίας

252 3082 403 3164 δυνάμεθα
424 3082 589 3162 γινώσκειν,
616 3079 675 3143 ἀλλ’
703 3081 771 3167 οὐχὶ
793 3083 936 3166 χρώματα
962 3081 1030 3145 οὐδὲ
1052 3084 1191 3166 σχήματα
1213 3082 1232 3166 ἢ
1255 3082 1345 3145 ποσὸν
1367 3080 1388 3166 ἤ
1409 3106 1435 3145 τι
1457 3086 1500 3166 τῷ

255 3183 389 3269 μεγέθει,
418 3183 492 3267 άπερ
519 3183 579 3246 ἐστὶ
606 3183 643 3246 τά
668 3185 812 3269 δρώμενα.
857 3183 892 3246 τὰ
914 3183 967 3268 γὰρ
990 3186 1134 3268 χρώματα
1160 3185 1208 3247 καὶ
1234 3182 1270 3247 τά
1292 3184 1431 3269 σχήματα
1452 3185 1518 3247 καὶ.

255 3287 293 3351 τά
315 3286 427 3371 μεγέθη
449 3285 535 3360 ἐστίν,
558 3286 599 3348 ὧν
621 3287 641 3370 ή
664 3288 812 3371 ἀντίληψις
834 3286 881 3349 διά
902 3291 955 3369 τῆς
978 3284 1081 3370 ὄψεως.
1120 3286 1196 3355 όλως
1218 3287 1250 3349 δέ
1272 3284 1352 3350 ἔσται
1374 3287 1436 3371 ἁφή
1459 3309 1500 3354 τις

255 3391 276 3474 η
298 3388 374 3474 ὄψις.
407 3388 472 3473 εφη
494 3388 527 3451 τι
547 3388 583 3451 τι
605 3388 682 3451 τιτι
702 3388 868 3467 bnamma,
892 3386 962 3450 ..τοι
982 3387 1047 3471 γε..
1060 3389 1105 3452 7τι
1127 3392 1259 3472 σώματα,
1281 3388 1356 3452 ..ιω
1378 3371 1501 3470 σώματι

183 3474 187 3479 ¹
213 3510 242 3554 m
255 3493 344 3567 ἐστιν,
366 3491 456 3575 ὁρατά
478 3488 569 3567 ἔσται,
591 3490 663 3574 ἢτά
683 3514 716 3573 γε
737 3493 819 3575 πάθη
841 3490 878 3554 τά
899 3490 972 3553 κατὰ
987 3491 1178 3576 συμβεβηκός.
1213 3489 1254 3554 ἔτι
1276 3490 1323 3554 διὰ
1343 3490 1374 3553 τί
1392 3489 1425 3553 ἐκ
1449 3490 1500 3573 μέν

255 3596 354 3681 φωτὸς
376 3593 412 3657 τὰ
433 3594 464 3656 ἐν
486 3592 582 3677 σκότῳ
605 3591 674 3656 ὄντα
696 3592 753 3679 οὐχ
775 3594 891 3678 δρᾶται,
918 3592 952 3657 ἐκ
973 3594 1006 3656 δέ
1027 3592 1148 3662 σκότους
1170 3593 1206 3656 τὰ
1227 3593 1257 3656 ἐν
1279 3597 1323 3678 τῷ
1346 3593 1433 3677 φωτί;
1468 3593 1500 3654 τὸ
1515 3608 1542 3651 ιτ

254 3699 308 3784 γὰρ
330 3696 423 3780 λέγειν
438 3696 487 3759 τόν
511 3695 561 3780 μὲν
577 3694 794 3780 πεφωτισμένον
817 3695 889 3780 ἀέρα
910 3698 953 3780 τῷ
974 3696 1172 3779 διακεκρίσθαι
1195 3699 1305 3778 μᾶλλον
1320 3693 1399 3780 ἔχειν
1416 3695 1499 3780 ἰσχὺν

255 3803 303 3865 καὶ
326 3799 467 3864 δόνασθαι
489 3821 526 3880 τη
547 3797 689 3882 ἐπερείσει
710 3798 762 3882 τήν
785 3797 919 3882 αἴσθησιν
938 3801 1035 3876 κινεῖν,
1056 3798 1105 3861 τδν
1128 3798 1160 3860 δέ
1183 3798 1345 3882 ἀφώτιστον
1367 3802 1412 3882 τῷ·
1432 3797 1501 3884 (μὴ)

255 3904 440 3989 κεχαλᾶσθαι
464 3900 668 3984 μὴδύνασθαι
688 3900 745 3964 ὑπὸ
768 3905 820 3984 τῆς
840 3899 934 3984 ὄψεως
958 3901 1195 3978 συνεντείνεσθαι,
1218 3900 1310 3964 καίτοι
1328 3900 1500 3985 πυκνότερον

211 4023 241 4068 σο
256 4004 328 4070 ὄντα
349 4009 400 4069 τοῦ
423 4003 654 4088 πεφωτισμένου,
676 4007 739 4072 πῶς
760 4003 895 4086 πιθανόν;
929 4003 1089 4067 τούναντίον
1111 4003 1165 4088 γὰρ
1187 4002 1306 4086 εὔλογον
1327 4003 1376 4066 τὸν
1399 4001 1501 4067 πυκνό-

255 4131 338 4194 τερον
361 4109 430 4193 ῥᾷον
454 4106 704 4184 συνεντείνεσθαι,
721 4105 817 4177 άλλως
841 4131 874 4170 τε
895 4109 943 4171 καὶ
963 4111 1048 4170 τοῦτο
1076 4106 1226 4192 πεφυκότα
1248 4107 1385 4190 πάσχειν,
1413 4105 1501 4170 ὁπότε

254 4212 289 4277 ἐκ
311 4213 459 4276 σκοτεινοῦ
485 4209 521 4272 τὰ
542 4209 572 4272 ἐν
595 4210 670 4294 φωτὶ
697 4210 804 4295 θεῷτο.
848 4210 874 4273 εἰ
896 4210 991 4293 δὲμὴ
1018 4211 1034 4273 ό
1057 4210 1209 4272 συνάπτων
1237 4212 1276 4290 τή
1297 4208 1372 4293 κόρη
1394 4209 1500 4293 ἀφώτι·
1514 4227 1542 4268 ιο

254 4336 324 4384 στος
344 4314 385 4377 ὢν
408 4312 583 4378 ἐντείνεσθαι
605 4311 741 4396 πέφυκεν,
763 4311 838 4376 ἀλλὰ
861 4310 947 4397 μόνον
969 4313 985 4376 ό
1008 4312 1240 4397 πεφωτισμένος,
1262 4311 1291 4374 τί
1310 4311 1437 4396 διαφέρει
1461 4314 1502 4376 ἐν·

204 4591 215 4643 l
236 4587 404 4657 διαλιίψιιιε
504 4590 521 4641 4
541 4587 650 4657 λέγουσι]
669 4602 692 4640 σι
710 4588 748 4640 m²
765 4590 824 4641 add.
843 4590 866 4641 V
966 4588 982 4640 8
1001 4587 1026 4640 ἔν
1047 4588 1080 4640 V:
1100 4587 1126 4640 ἐν
1144 4603 1161 4639 υ
1267 4587 1299 4639 14
1318 4591 1379 4640 ante
1397 4585 1555 4660 ὁποτέρωθεν

202 4678 269 4731 duno
286 4676 327 4729 lit.
345 4690 434 4729 erasae
452 4675 487 4726 V:
507 4673 665 4747 όπωτέροθιν
683 4693 699 4729 κ
793 4677 823 4728 21
845 4675 972 4745 ἀνωτίρυυ
991 4691 1007 4727 ιι
1103 4674 1137 4727 23
1155 4671 1225 4731 ὅπως
1243 4672 1346 4744 δηλοῦν]
1364 4674 1473 4726 fortasse
1491 4693 1555 4739 πως,

202 4762 280 4834 δῆλον
299 4762 335 4822 ὡς
440 4762 474 4815 26
496 4761 604 4817 fortasse
621 4763 638 4835 ή
658 4763 745 4832 [ποσὸν
763 4764 779 4834 ἠ
797 4764 888 4833 τιτῷ]
907 4761 1000 4832 μεγέθη
1019 4763 1074 4815 sivo
1092 4760 1108 4832 ἡ
1127 4761 1203 4814 πόσον
1221 4766 1300 4832 τιτῷ
1319 4781 1345 4830 μ.
1381 4761 1452 4814 Diels

202 4848 389 4919 ἳθμτγέθειυ
494 4850 634 4922 ἀντίληψις]
655 4852 814 4910 ιςίιιΙίιΝ
919 4849 952 4902 ‘29
971 4850 987 4920 η
1007 4848 1273 4919 όψιςωῑίιιιοΗ
1380 4848 1406 4901 δὲ
1425 4863 1509 4901 οιιι.κ

204 4937 315 4992 amaa
419 4937 455 4991 30
472 4935 542 5010 πάθη
560 4940 592 4992 τό
610 4940 717 5008 scripsi:
734 4937 837 5011 παθητὰ
854 4939 894 4992 Va
1000 4938 1034 4990 33
1053 4938 1088 5007 μὴ
1107 4936 1197 4990 addidi

1309 5020 1356 5089 9*
