3540 5610
687 297 891 353 Annxnnnni
913 298 958 352 DE
981 299 1092 353 ANIMA
1345 366 1356 387 υ
1522 298 1563 363 ’ῖθ

264 470 340 554 νίτης
361 471 418 534 iri
440 476 494 556 τῆς
515 470 630 557 τέχνης,
653 471 698 536 ὅτι
719 470 783 557 κατῗ
810 471 916 557 αὐτήν.
938 474 986 537 καὶ
1008 473 1101 542 οὕτως
1123 473 1179 536 ὑπὸ
1201 478 1254 559 τῆς
1275 473 1455 559 κουφότητος
1477 473 1510 534 τὸ

267 572 346 657 πῦρ),
369 574 462 644 ούτως
484 575 596 657 λέγεται
618 576 666 639 καὶ
688 576 721 638 τὸ
746 580 822 661 ζῷον
838 576 894 640 ὑπὸ
916 580 969 660 τῆς
990 581 1089 661 ψυχῆς
1111 576 1262 651 κινεῖσθαι,
1285 575 1328 639 ὅτι
1351 577 1425 641 κατὰ
1446 575 1510 640 ταύ-
1526 592 1552 633 10

265 699 324 758 την.
368 677 442 740 κατὰ
463 677 518 761 γὰρ
540 679 573 740 τὸ
596 676 729 763 ἔμψυχον
751 678 823 743 εἶναι
845 680 865 762 ἡ
888 680 984 742 midde
1006 677 1089 763 αύτηῖ
1113 679 1222 764 κίνησις
1244 680 1358 762 γίνεται,
1381 679 1415 743 οῦ
1438 680 1511 743 κατὰ

265 778 296 839 τὸ
318 779 391 864 βαρὺ
414 780 433 863 ἢ
455 785 564 863 κοῦρον
585 781 605 863 ἢ
628 783 729 845 λευκὸν
753 781 772 865 ἢ
796 781 927 863 μέλανῇ
953 782 1061 865 θερμὸν
1083 781 1103 865 ἢ
1126 782 1248 866 ψυχρόν.
1285 782 1395 867 οὐγὰρ
1418 786 1511 847 ποίντα

241 879 300 942 οτὰ
321 886 408 944 κινεῖν
431 881 572 965 λεηύμενα
595 884 704 967 ὁμοίως
725 888 806 947 κινεῖ.
849 883 885 946 τὰ
909 884 960 964 μὲν
982 883 1036 968 γὰρ
1059 884 1150 953 οῦτως
1176 888 1250 947 κινεῖ
1272 888 1313 954 ὡς
1334 885 1456 968 λέγομεν
1478 886 1511 947 τῦ

267 982 382 1067 ὖρεκτύν
403 1008 436 1048 τε
458 988 506 1049 καὶ
528 985 630 1068 ἐφετὸν
652 991 753 1048 κινεῖν·
780 991 854 1049 κινεῖ
872 985 927 1070 γὰρ
951 989 1008 1049 πᾶν
1030 986 1063 1048 τῦ
1087 987 1231 1070 ἐρώμενον
1254 988 1302 1050 τὸν
1325 988 1448 1071 ἐραστὴν
1471 992 1510 1071 τῇ

266 1086 361 1170 ἐφέσει
383 1085 474 1151 αὐτοῦ
496 1087 580 1157 ἐκτός
606 1112 637 1151 τε
665 1087 696 1150 ὃν
724 1087 814 1151 αὐτοῦ
839 1089 888 1152 καὶ
915 1089 955 1172 μὴ
978 1088 1154 1171 κινούμενον.
1198 1091 1242 1152 διὸ
1270 1088 1353 1153 οὐδὲν
1383 1090 1439 1153 ὑπὸ
1461 1095 1512 1153 τοῦ
1582 1116 1588 1128 ·

267 1188 356 1257 οῦτως
379 1195 527 1274 κινητικοῦ
548 1196 606 1254 τῶν
622 1190 746 1275 ἀψύχων
769 1195 895 1254 κινεῖται.
929 1193 949 1274 ἡ
973 1191 1006 1254 δὲ
1020 1191 1104 1275 ψυχὴ
1127 1195 1201 1254 κινεῖ
1221 1194 1254 1255 τὸ
1275 1196 1352 1276 ζῷον
1373 1197 1417 1277 τηῖ
1439 1193 1513 1256 κατὰ

267 1292 315 1374 τὴν
338 1290 429 1374 ὄρεξίν
450 1316 482 1356 τε
505 1294 553 1357 καὶ
572 1294 676 1377 ὁρμὴν·
687 1293 739 1377 τὴν
762 1293 811 1356 ed·
831 1294 936 1378 ταύτην
959 1290 1048 1358 οὖσαν
1070 1294 1100 1355 ἐν
1121 1292 1202 1378 αὐτῷ
1226 1296 1274 1358 θιοί
1295 1320 1321 1358 τι
1338 1297 1378 1358 ὧν
1399 1292 1513 1380 ᾔσθετο
1528 1312 1554 1354 ιο

236 1395 285 1477 νοῇ
306 1394 425 1479 ἐνόησεν
447 1397 589 1460 κινεῖσθαι
611 1395 682 1459 αὐτὸ
702 1396 721 1480 ἡ
738 1398 856 1480 λήψεως
877 1398 962 1481 χάριν
984 1396 1125 1479 ἦφοηῆς.
1160 1397 1196 1459 τὰ
1218 1396 1250 1459 δέ
1271 1388 1305 1479 χε
1320 1395 1420 1484 ἄψυχα
1441 1403 1516 1462 κινεῖ

268 1498 428 1581 ἐμπεσόντα
452 1499 577 1575 τούτοις,
605 1499 624 1562 d
646 1504 732 1565 κινεῖ.
760 1500 806 1562 καὶ
834 1498 881 1583 βία
909 1498 1136 1583 κεχωρισμένοις
1162 1496 1241 1562 οὖσιν
1267 1499 1372 1564 αὐτῶν.
1417 1503 1436 1586 ἡ
1461 1503 1513 1587 μὲν

171 1600 175 1611 “
234 1642 237 1647 -
266 1600 313 1664 οὖν
335 1602 455 1684 τοιαύτη
477 1603 587 1686 κίνησις
610 1602 667 1665 ὑπὸ
689 1601 866 1685 κινουμένων
887 1601 935 1664 καὶ
957 1601 1052 1665 αὐτῶν
1075 1606 1133 1663 τιῦν
1155 1602 1308 1665 κινούντων
1330 1604 1444 1686 γίνεται.
1482 1605 1512 1667 αἱ

266 1695 373 1789 δὲ’πρὸ
395 1705 502 1789 ταύτης
523 1703 673 1789 εἰρημέναι
694 1704 729 1767 ού
752 1709 851 1767 τοῦτον
874 1705 922 1767 τὸν
945 1702 1059 1788 τρόπον.
1094 1703 1237 1790 οὔτεγὰρ
1260 1706 1292 1769 τὸ
1315 1711 1358 1792 τῷ
1382 1706 1512 1770 νοεῖσθαι

267 1812 357 1871 κινοῦν
380 1808 547 1891 κινούμενον
570 1814 655 1883 κινεῖ,
682 1806 748 1871 οὐθ’
776 1808 859 1892 ύτῷ
882 1812 958 1870 νοεῖν
985 1830 1010 1869 τι
1032 1808 1080 1871 καὶ
1102 1806 1255 1891 ὀρέγεσθαι
1283 1807 1372 1872 αὐτοῦ
1398 1811 1446 1872 καὶ
1469 1811 1514 1894 ὁρ-

237 1924 256 1968 15
268 1915 321 1993 μᾶν
343 1909 391 1973 ἐπ’
416 1910 487 1973 αὐτὸ
510 1910 675 1992 κινούμενος
698 1914 741 1996 τῷ
766 1910 907 1973 κινεῖσθαι
928 1910 961 1972 τὸ
983 1913 1066 1973 νοοῦν
1089 1910 1181 1980 ούτως
1204 1910 1253 1975 ὑπ’
1275 1910 1362 1974 αύτοῦ
1385 1917 1512 1975 κινεῖται.

267 2014 433 2076 αἰσθάνεται
456 2013 584 2098 μὲνγὰρ
606 2015 639 2077 τὸ
657 2017 733 2097 ζῷον
756 2014 803 2076 καὶ
825 2019 889 2076 ’νοεῖ
907 2014 954 2076 καὶ
976 2012 1084 2099 βαδίζει
1106 2014 1179 2076 κατὰ
1202 2015 1253 2097 τἠν
1269 2015 1377 2098 ψυχήν,
1400 2013 1434 2077 ού
1455 2016 1513 2099 μὴν
1526 2032 1556 2074 ιιι

268 2122 316 2200 τῆς
339 2121 437 2202 ψυχῆς
459 2115 550 2200 αὐτῆς
572 2114 641 2179 καθ’
668 2117 774 2199 αὑτήν.
805 2115 852 2178 ἵνα
873 2116 995 2199 κινήση,
1021 2115 1200 2199 κινουμένης.
1244 2114 1315 2179 odei
1335 2116 1388 2201 γὰρ
1411 2118 1475 2181 ἐπεὶ
1497 2120 1532 2182 θ’

268 2220 416 2303 ὀρχηστὴς
437 2218 511 2281 κατὰ
532 2219 584 2306 τὴν
609 2218 786 2303 ὀρχηστικὴν
809 2223 941 2289 κινεῖται,
967 2219 1014 2280 διὰ
1036 2222 1120 2281 τοῦτο
1143 2219 1254 2302 ἀνάγκη
1277 2220 1418 2283 κινεῖσθαι
1440 2220 1508 2282 καθ’

265 2324 353 2405 αὑτὴν
380 2324 429 2386 καὶ
455 2325 507 2406 τὴν
531 2323 718 2407 ύρχηστικήν.
763 2320 798 2384 οῦ
820 2322 874 2404 ηοίρ
901 2320 976 2383 ἐστιν
1005 2321 1097 2390 ούτως
1125 2320 1155 2383 ἐν
1183 2322 1254 2405 ἡμῖν
1280 2323 1300 2406 ἡ
1324 2323 1405 2407 ψυχὴ
1435 2324 1514 2393 ὡςύ

230 2425 365 2509 νοέρέτης
386 2425 417 2487 ἐν
439 2429 478 2509 τη]
501 2424 558 2508 νηί,
582 2423 642 2487 ἀλλ’
665 2427 707 2493 ὡς
728 2422 804 2491 elide
825 2432 852 2486 τι
873 2426 921 2487 καὶ
943 2422 1097 2507 τελειότης,
1121 2427 1162 2492 ὡς
1184 2424 1315 2509 ἐδείχθη.
1353 2424 1428 2488 ἀλλὰ
1450 2428 1514 2510 περὶ

266 2531 317 2614 μὲν
337 2529 442 2591 τούτου
465 2528 513 2591 καὶ
527 2526 566 2589 ἐν
589 2528 794 2611 τοῖςπροίτοις
816 2526 982 2610 εἰρήκαμεν.
1017 2525 1075 2611 οὐχ
1096 2525 1140 2588 ὅτι
1162 2526 1194 2590 δὲ
1217 2527 1378 2610 προηίνεται
1401 2532 1453 2612 τῆς
1475 2553 1516 2593 κιο

264 2635 376 2716 νήσεως
402 2633 421 2715 ἡ
445 2630 542 2714 νύησις
569 2630 768 2713 ἢραντασία,
795 2629 842 2692 διὰ
865 2633 949 2693 τοῦτο
971 2628 1108 2712 ἠχεῖσθαι
1133 2627 1191 2713 χρὴ
1214 2626 1294 2691 ταῦτ’
1322 2627 1395 2693 εἶναι
1417 2629 1453 2693 τὰ
1474 2656 1514 2694 κι-

264 2741 376 2809 νοῦντα,
399 2730 460 2797 ἀλλ’
481 2733 525 2795 ὅτι
547 2734 639 2817 χωρὶς
661 2732 756 2816 ὁρμῆς
776 2731 875 2795 τεκαὶ
898 2730 1021 2813 ὀρέξεως
1042 2730 1192 2814 οὐθέτερον
1209 2730 1325 2794 ἐκείνων
1348 2738 1430 2809 κινεῖ,
1452 2734 1515 2798 τού·

263 2862 322 2907 τοις
344 2838 396 2921 τὴν
420 2837 529 2920 κίνησιν
545 2834 711 2898 ἀνατιθέναι
734 2836 803 2918 χρή.
838 2833 872 2896 οὐ
894 2834 948 2917 γὰρ
971 2833 1035 2896 ἐπεὶ
1057 2831 1183 2917 ηύρεξις
1199 2834 1315 2897 ἐκείνων
1336 2835 1412 2903 τινὸς
1426 2858 1513 2919 προη-
1527 2853 1554 2895 νο

223 2941 442 3025 νσηησαμένοο,
466 2938 524 3022 ἤδη
547 2939 595 3000 καὶ
617 2938 650 3000 τὸ
670 2942 766 3002 κινοῦν
789 2937 906 2999 ἐκείνων
928 2960 966 3008 τι,
989 2934 1049 2999 ἀλλ’
1071 2934 1115 2998 ὅτι
1139 2938 1229 3019 μηδὲν
1252 2936 1358 3021 ὄφελος
1379 2939 1451 3022 πρὸς
1472 2941 1512 3002 κί·

264 3068 346 3130 νησιν
369 3044 498 3115 ἐκείνων,
521 3041 547 3103 εἰ
570 3041 610 3124 μὴ
634 3041 682 3103 καὶ
705 3040 783 3125 ὁρμή
805 3063 847 3109 τις
868 3038 915 3122 εἴη
938 3039 986 3103 καὶ
1009 3037 1100 3122 ὄρεξις
1122 3039 1284 3122 ἐπιγένοιτο,
1310 3039 1416 3125 ταύτην
1438 3043 1515 3126 ἠχεῖ·

264 3150 336 3212 σθαι
357 3148 416 3234 χρὴ
439 3146 492 3228 τἠν
508 3148 641 3208 κινοῦσαν
663 3141 746 3206 εἶναι.
783 3145 829 3207 δεῖ
848 3143 913 3228 γάρ,
936 3144 962 3207 εἰ
978 3142 1166 3225 κινηθήσεται
1187 3143 1220 3205 τὸ
1237 3146 1323 3228 ζῷον,
1346 3144 1407 3208 οἷον
1430 3169 1514 3209 κατα·

209 3318 611 3331 ———-.-.-—-—-.

211 3425 224 3478 l
243 3422 295 3477 ὑπὸ
310 3415 487 3492 τῆς-αὐτην]
505 3434 556 3471 ven
574 3420 659 3472 seiner
677 3420 778 3483 Arbeii,
796 3419 853 3472 weil
872 3435 900 3472 er
917 3419 972 3472 sich
991 3417 1071 3470 durch
1091 3419 1129 3470 sie
1148 3419 1247 3487 bewegt
1353 3420 1369 3472 ⁴2
1388 3422 1431 3474 καὶ
1449 3436 1499 3474 om.

207 3512 226 3565 5
246 3512 343 3579 τὰμὲν
361 3509 420 3580 γὰρ]
437 3509 513 3561 Denn
532 3508 649 3575 Einiges‚
667 3522 759 3560 wovon
777 3507 823 3559 wir
840 3521 930 3575 engen,
948 3507 1008 3559 dass
1027 3522 1054 3558 es
1073 3507 1175 3574 bewege
1276 3505 1344 3559 5—6
1363 3506 1567 3576 οὔτως-κινεῖν]

206 3602 319 3668 θενερι,
338 3597 396 3649 weil
415 3613 443 3649 es
461 3596 558 3664 geliebt
575 3596 629 3647 und
647 3595 752 3648 ersehnt
769 3593 833 3646 wird
938 3593 1016 3645 Ἱκαὶ
1034 3608 1085 3645 om.
1184 3592 1334 3660 θκινεῖται]
1352 3595 1441 3650 finden
1460 3598 1505 3649 wir
1523 3599 1567 3650 be-

205 3694 273 3755 wegt
382 3682 453 3736 9ὧν
470 3681 575 3754 ᾔσθετο]
593 3683 679 3735 addit:
697 3682 795 3734 durch
815 3682 861 3733 eie
881 3678 934 3748 [die
953 3680 1037 3750 Seele]
1148 3680 1179 3733 10
1196 3679 1213 3751 ἡ
1232 3680 1331 3751 ἐνόησεν
1351 3698 1401 3737 orn.
1507 3686 1567 3755 (τῷ)

204 3772 331 3827 κινεῖσθαι
350 3770 423 3837 οῦτύ]
442 3772 511 3824 denn
530 3788 558 3823 es
577 3771 680 3823 scheint
697 3770 752 3822 sich
771 3786 804 3821 zu
822 3770 943 3836 bewegen
1056 3771 1085 3821 ll
1114 3768 1265 3838 ἐμπέσόντα]
1285 3770 1371 3823 indem
1390 3786 1418 3823 es
1437 3772 1493 3824 sich
1512 3788 1568 3824 ver-

204 3868 296 3929 rnengt
425 3859 609 3924 καὶ-αὑτῶν]
632 3856 686 3910 und
705 3856 761 3910 dies
780 3856 913 3924 geschieht
931 3857 979 3908 mit
998 3856 1108 3924 Zweng,
1131 3858 1187 3909 weil
1205 3873 1232 3909 es
1251 3858 1325 3909 nieht
1342 3860 1516 3925 abgesonderi
1534 3861 1568 3911 ist

203 3967 256 4002 ron
276 3949 344 4011 dem,
364 3964 416 4000 was
435 3964 463 4000 es
482 3948 581 4015 bewegt
690 3945 790 3997 12-13
818 3943 1025 4014 αἰ-εἰρηρέναι]
1044 3944 1086 3996 die
1105 3943 1198 3997 beiden
1217 3945 1407 4014 Bewegungen‚
1425 3946 1504 3999 deren
1523 3948 1569 3999 wir

202 4038 293 4089 irirher
311 4035 423 4104 gedacht
442 4036 527 4088 haben
636 4033 665 4085 17
690 4032 742 4097 iva]
762 4033 810 4084 wie
877 4029 949 4082 '19
973 4030 999 4082 ἐν
1017 4031 1088 4100 ἡμῖν]
1108 4033 1136 4084 in
1154 4033 1207 4084 ihm
1314 4031 1349 4084 ‘20
1366 4032 1463 4104 ἐρέτης]
1482 4032 1568 4085 Ruder

202 4125 232 4177 21
265 4128 313 4194 τῆς
331 4123 466 4192 κινήσεως]
486 4122 572 4175 addit:
592 4122 630 4173 im
649 4104 764 4172 'l'Viere
870 4119 904 4171 23
922 4117 978 4170 ἀλλ’
997 4134 1046 4171 om.
1152 4118 1261 4184 τούτοις]
1280 4119 1368 4172 diesen
1388 4120 1479 4173 beiden

202 4212 237 4264 24
256 4209 402 4265 ἀνατιθέναι
419 4210 469 4284 χρὴ
488 4209 585 4277 pendet
602 4224 635 4261 ex
653 4204 766 4277 ἡγεῖσθαι

202 4448 286 4506 idn
305 4454 343 4507 V:
361 4454 444 4525 ἅραιι
559 4451 670 4504 ἐκατᾶ
687 4448 836 4521 ταύτηνθτ
855 4449 916 4502 κατ’
937 4449 1050 4519 αύτὴνα
1166 4451 1196 4502 13
1223 4448 1271 4522 πρὸ
1282 4444 1381 4521 Ιταύτης
1398 4451 1502 4519 scripsi:
1521 4452 1569 4524 πρὸ

200 4541 308 4599 ταύταις
327 4542 349 4593 V
368 4543 409 4609 (in
428 4540 545 4609 margine
565 4541 600 4592 m¹
618 4542 651 4609 ην
669 4532 785 4607 s'eripsit,
803 4539 873 4606 qnod
891 4554 942 4606 quo
962 4538 1086 4592 referatur
1105 4539 1213 4592 dubium
1233 4538 1295 4604 est):
1314 4537 1376 4610 πρὸς
1392 4536 1495 4595 ταύταις
1512 4555 1528 4590 n

201 4682 367 4771 νοεισθαι·(η
387 4702 424 4753 m¹
442 4716 523 4769 supra
540 4672 641 4765 lin.)V
707 4683 710 4690 ¹
759 4698 791 4750 14
809 4692 873 4751 κὶνιῖ
888 4696 924 4748 V:
940 4702 1052 4749 κινεῖνιι
1162 4697 1193 4749 Ιύ
1211 4696 1253 4749 ἐπ’
1271 4643 1451 4764 αύτοκινούμεον
1471 4697 1505 4749 V:
1523 4695 1567 4748 ὑπ’

200 4788 266 4840 αὐτὸ
284 4787 430 4856 κινούμενος
447 4804 463 4839 a
569 4785 607 4851 τὸ,
626 4791 698 4839 νοοῦν
716 4786 753 4840 V:
772 4784 801 4837 τὸ
820 4789 878 4838 νοῦν
896 4802 924 4837 a:
943 4785 1052 4836 fortasse
1069 4783 1113 4835 τὸν
1130 4788 1187 4836 νοῦν
1295 4783 1330 4835 ⁶20
1348 4784 1435 4853 ἐρετΐης
1452 4800 1467 4835 ιι

201 4878 235 4929 21
257 4877 353 4934 ἐντοῖς
372 4876 493 4945 πρώτοις]
512 4875 748 4943 ρ.1-·26,ρτιαο.
768 4873 919 4940 cf.1.'›‚9sq.
938 4876 963 4923 ei
983 4873 1069 4936 ilsin.
