3540 5610
201 320 261 384 198
643 315 871 371 ΑΛΕΞΑΝΔΡΟΥ
891 313 1117 372 ΑΦΡΟΔΙΣΙΕΩΣ

252 486 399 575 τελειότης
423 493 474 573 μὲν
497 492 551 575 γάρ
574 493 593 574 ἡ
617 493 706 575 ἀρετὴ
730 493 778 555 καὶ
802 490 849 575 [ἡ]
874 491 1000 576 ἀκρότης
1021 497 1073 575 τῆς
1100 491 1207 560 οἰκείας
1234 492 1351 575 φύσεως
1373 492 1508 564 ἑκάστου,

253 594 393 657 ἀδύνατον
416 595 449 656 δὲ
470 594 572 663 ἀτελές
593 619 620 657 τι
644 594 676 657 δν
699 595 728 657 ἐν
752 593 910 676 τελειότητι
932 593 1014 673 εἶναι,
1038 594 1138 662 ἀτελὲς
1161 595 1193 657 δέ
1216 596 1249 657 τὸ
1264 593 1417 677 γενόμενον
1433 593 1507 657 eiii

253 702 295 780 τῷ
319 697 481 779 γενέσθαι),
504 697 573 760 οὐδὲ
594 699 646 781 τὴν
670 698 775 782 ἀρετὴν
798 696 858 760 οῖόν
881 720 912 759 τε
935 698 984 759 τδν
1008 696 1162 780 ἄνθρωπον
1184 694 1317 781 (ἔχοντα)
1339 701 1436 778 φῦναι.
1473 696 1507 759 οὐ
1522 713 1549 755 ιο

255 800 312 883 μὴν
337 801 502 885 ἀσύμβολος
524 803 543 884 ἡ
567 801 652 883 ψόσις
674 800 754 884 αὐτῷ
778 801 850 883 πρὸς
872 800 926 881 τὴν
949 805 1049 883 κτῆσιν
1072 797 1172 882 αὐτῆς,
1196 796 1256 862 ἀλλ’
1279 796 1342 882 ἔχει
1364 797 1431 881 παρ’
1460 797 1509 861 αὐ·

218 908 306 984 στῆς
328 904 448 986 δόναμίν
470 928 503 967 τε
525 905 573 967 καὶ
595 903 813 987 ἐπιτηδειότητα
846 903 979 985 δεκτικὴν
1006 901 1107 986 αὐτῆς,
1141 903 1177 984 ἣν
1205 900 1287 963 οὐδὲν
1322 904 1379 961 τῶν
1410 899 1508 963 ἀλλων

254 1003 340 1089 ζιίων
366 1004 440 1090 ἔχει.
486 1007 533 1069 καὶ
562 1007 608 1068 διά
638 1005 724 1087 τήνδε
746 1005 798 1088 τἠν
830 1005 949 1086 δόναμιν
977 1002 1172 1088 δάνθρωπος
1204 1008 1263 1065 τῶν
1290 1001 1386 1095 ἀλλων
1421 999 1508 1086 ζῴων
1523 1018 1548 1061 ιι

254 1109 338 1190 φύσει
354 1108 494 1193 διαφέρει,
512 1109 603 1171 καίτοι
619 1110 735 1170 πολλῶν
751 1106 837 1192 ζῴων
854 1105 1082 1188 ἀπολειπόμενος
1097 1107 1127 1169 ἐν
1142 1111 1202 1175 τοῖς
1225 1110 1400 1187 σωματικοῖς
1423 1107 1508 1168 πλεο-

253 1212 436 1293 νεκτήμασιν.
459 1213 486 1273 εί
497 1211 549 1293 μὲν
562 1208 611 1273 οὖν
627 1211 720 1278 οότως
731 1209 851 1294 εἴχομεν
867 1207 933 1291 παρ’
951 1208 1041 1292 αὐτῆς
1056 1209 1107 1291 τὴν
1123 1209 1241 1292 δύναμιν
1256 1209 1308 1292 τὴν
1324 1210 1381 1269 τῶν
1396 1207 1508 1288 ἀρετῶν

253 1314 395 1394 δεκτικήν,
413 1317 452 1382 ὡς
469 1311 615 1396 προιόντες
631 1314 678 1375 καὶ
694 1313 888 1396 τελειοόμενοι
903 1312 951 1375 καλ
970 1311 1075 1394 ταότην
1091 1312 1258 1395 λαμβάνειν,
1280 1313 1321 1378 ὥς
1337 1309 1370 1371 τό
1388 1331 1509 1392 περιπα-

203 1437 235 1483 10
253 1419 322 1490 τείν,
347 1419 387 1484 ὡς
409 1416 442 1477 τδ
465 1415 593 1489 όδόντας,
622 1418 662 1482 ως
676 1416 709 1477 τδ
725 1415 820 1497 γένεια
843 1415 935 1498 φόειν,
959 1417 1001 1483 ὡς
1015 1413 1087 1477 ἀλλο
1103 1437 1129 1475 τι
1144 1419 1202 1476 τῶν
1218 1412 1422 1497 ἐπιγινομένων
1437 1414 1508 1494 ᾓμίν
1522 1429 1550 1471 τυ

255 1518 329 1581 κατὰ
344 1518 440 1600 φόσιν,
456 1516 518 1580 οὐδ’
539 1518 632 1585 οότως
648 1516 681 1579 ἀν
699 1515 746 1601 ἐφ’
767 1519 837 1600 ἡμῖν
853 1516 928 1601 ἦσαν
944 1516 974 1578 αί
990 1514 1089 1599 ἀρεταὶ
1105 1517 1204 1599 ὥσπερ
1219 1515 1288 1578 οὐδὲ
1301 1520 1360 1576 τῶν
1375 1536 1509 1598 προειρη-

257 1621 350 1702 μένων
366 1644 403 1693 τι,
420 1619 483 1681 ἐπεὶ
500 1620 531 1681 δέ
548 1619 588 1701 μὴ
604 1624 705 1682 τοῦτον
723 1621 771 1682 τὸν
787 1621 893 1702 τρόπον
908 1618 997 1687 αάτάς
1012 1618 1153 1699 κτώμεθα
1174 1618 1215 1700 (εί
1229 1617 1283 1701 γάρ
1299 1616 1335 1701 ἧν
1357 1617 1458 1700 ὥσπερ
1473 1617 1509 1678 τά

253 1722 338 1797 ἀλλα,
354 1723 446 1790 οότως
462 1721 494 1783 δέ
509 1724 558 1783 καὶ
572 1721 710 1805 φρόνησίς
726 1746 757 1784 τε
772 1723 819 1784 καὶ
836 1722 925 1805 ἀρετὴ
941 1724 1002 1788 τοῖς
1016 1720 1182 1802 ἀνθρώποις
1197 1723 1332 1803 συγγενῆ,
1353 1722 1457 1788 πάντες
1472 1719 1508 1781 ἀν
1522 1737 1550 1779 υτ

253 1825 272 1908 ἦ
296 1825 328 1887 οἵ
338 1846 370 1906 γε
394 1827 534 1899 πλεῖστοι,
556 1825 657 1907 ὥσπερ
679 1829 737 1887 τῶν
760 1823 857 1886 ἀλλων
880 1823 953 1886 κατά
975 1822 1060 1907 φόσιν
1082 1821 1180 1890 αὐτοῖς
1195 1824 1395 1907 τυγχάνουσιν,
1418 1822 1512 1889 οὕτως

203 1949 232 1995 15
252 1926 286 1989 οὐ
309 1928 361 2009 τὴν
384 1927 502 2009 δύναμιν
535 1929 669 2010 τὴντῶν
697 1927 808 2010 ἀρετῶν
843 1926 975 2007 δεκτικὴν
1005 1922 1105 2006 μόνην,
1139 1926 1214 1987 ἀλλά
1247 1926 1295 1988 καὶ
1322 1925 1372 1994 τάς
1403 1925 1509 2008 ἀρετάς

252 2029 341 2097 αὐτάς
364 2028 432 2112 παρ’
460 2028 573 2112 ἐκείνης
595 2028 629 2091 ἀν
652 2028 772 2112 εἴχομεν
795 2029 844 2091 καὶ
867 2027 950 2090 οὐδὲν
984 2025 1046 2089 οὐδ’
1075 2026 1168 2095 οὕτως
1195 2025 1230 2088 ἀν
1258 2024 1317 2089 ἔδει
1338 2027 1464 2090 ἐπαίνων
1487 2027 1549 2111 ἧι)

253 2131 350 2216 ψόγων
374 2131 485 2214 ἧτινος
501 2136 558 2193 τῶν
575 2129 711 2193 τοιοότων
734 2130 781 2192 ἐπὶ
806 2128 866 2213 [δέ]
890 2134 952 2197 ταῖς
974 2128 1088 2210 ἀρεταῖς
1106 2130 1200 2192 τεκαὶ
1223 2129 1335 2198 κακίαις
1359 2128 1509 2213 θειοτέραν

253 2233 396 2317 πρόφασίν
430 2256 461 2295 τε
488 2233 536 2295 καὶ
559 2233 658 2296 οὐσίαν
681 2236 733 2314 τῆς
756 2232 914 2315 παρουσίας
936 2230 1032 2293 αάτῶν
1055 2228 1198 2316 ἔχουσιν),
1233 2230 1297 2293 ἐπεὶ
1320 2233 1356 2314 δὴ
1380 2231 1438 2317 οὐχ
1460 2233 1509 2295 υό-

256 2361 314 2405 τως
337 2334 401 2419 ἔχει
434 2334 560 2417 (οὐγὰρ
594 2333 661 2402 τοδς
682 2335 792 2402 πάντας
814 2333 882 2396 οδδέ
915 2333 982 2401 τοδς
1004 2333 1155 2400 πλείστους
1182 2335 1297 2417 δρῶμεν
1332 2335 1383 2402 τὰς
1405 2333 1511 2418 ἀρετάς

200 2461 234 2507 20
252 2437 384 2523 ἔχοντας,
407 2437 423 2499 δ
445 2441 503 2498 τῶν
531 2435 603 2498 κατά
626 2437 709 2520 φύσιν
732 2435 889 2517 γινομένων
913 2432 1040 2518 σηλμεῖόν
1064 2434 1150 2508 ἐστιν,
1184 2434 1244 2497 ἀλλ’
1273 2436 1421 2520 ἀγαπητὸν
1455 2437 1506 2499 ἕνα
1527 2446 1562 2500 88

253 2565 308 2603 που
343 2541 441 2624 λαβεῖν
475 2542 616 2614 τοιοῦτον,
650 2538 682 2607 ὃς
704 2535 741 2600 δι’
770 2539 924 2620 ἀσκήσεώς
946 2561 978 2598 τε
1001 2538 1050 2599 καὶ
1072 2539 1257 2607 διδασκαλίας
1285 2540 1425 2602 δείκνυσιν
1457 2540 1510 2622 τὴν

253 2649 311 2705 τῶν
335 2643 501 2724 ἀνθρώπων
524 2641 595 2724 πρός
618 2639 653 2702 τά
675 2637 750 2702 ἀλλα
778 2643 843 2724 ζῷα
865 2641 989 2723 φυσικὴν
1012 2640 1185 2715 πλεονεξίαν,
1220 2640 1256 2704 δι’
1283 2643 1375 2704 αὑτοῦ
1397 2663 1510 2725 προστι-

256 2747 317 2812 θεὶς
340 2745 372 2805 τό
396 2744 549 2824 ἀναγκαῖον
572 2742 669 2805 ἐνδέον
692 2745 777 2824 ἡμῶν
800 2747 837 2825 τῇ
862 2742 972 2826 φύσει),
1006 2743 1053 2806 διά
1088 2747 1173 2805 τοῦτο
1200 2741 1248 2828 ἐφ’
1277 2745 1347 2826 ἡμῖν
1375 2744 1407 2807 τέ
1435 2745 1512 2809 ἐστιν
1538 2764 1553 2804 τ

204 2972 236 3018 25
257 2953 285 3013 οί
309 2948 393 3034 ψόγοι
416 2947 483 3011 οὔτε
506 2947 563 3030 (αἱ)
586 2949 655 3032 πρὸς
680 2948 784 3032 βελτίω
807 2950 967 3032 προτροπαὶ
990 2948 1056 3012 οὔθ’
1084 2953 1103 3033 ἡ
1127 2950 1174 3012 διά
1189 2956 1247 3012 τῶν
1263 2950 1417 3034 βελτιόνων
1433 2950 1513 3012 ἐθῶν

256 3052 329 3116 κατὰ
351 3052 418 3120 τοὺς
441 3050 547 3134 νόμους
569 3051 682 3134 ἀγωγή.
726 3055 783 3113 τῶν
819 3052 870 3134 μὲν
905 3052 959 3134 γάρ
989 3052 1075 3136 φόσει
1102 3053 1174 3115 τισὶν
1209 3052 1400 3137 ὑπαρχόντων
1427 3053 1512 3116 οὐδὲν
1527 3073 1553 3114 ιο

256 3155 317 3218 οἷόν
341 3178 373 3217 τε
396 3153 452 3216 ὑπό
474 3176 548 3221 τινος
570 3152 657 3222 ἔθους
689 3154 805 3215 ἀλλοῖον
827 3154 963 3235 γενέσθαι
994 3155 1068 3239 (οὐχ
1090 3155 1183 3224 οὕτως
1205 3156 1343 3224 πολλάκις
1370 3154 1401 3217 τὸ
1426 3156 1514 3240 βάρος

258 3257 327 3343 ἔχον
351 3258 609 3341 ἀναρριφθήσεται,
633 3261 673 3324 ὡς
695 3256 850 3340 ἐθισθῆναι
871 3257 946 3320 κατά
968 3260 1020 3340 τὴν
1043 3258 1132 3320 αὑτοῦ
1154 3256 1240 3341 φόσιν
1263 3257 1324 3321 ἀνω
1345 3250 1514 3342 φέρεσθαι),

256 3360 292 3423 τά
314 3361 346 3422 δέ
369 3359 430 3442 ἤθη
452 3364 510 3421 τῶν
534 3360 698 3441 ἀνθρώπων
722 3363 785 3421 τοῖα
808 3361 858 3422 καὶ
879 3364 943 3423 τοῖα
967 3359 1015 3423 διὰ
1037 3365 1095 3421 τῶν
1118 3360 1313 3444 διαφερόντων
1335 3360 1415 3423 ἐθῶν
1442 3361 1512 3442 γίνε-

205 3598 215 3648 l
243 3596 328 3665 ἠάελ.
349 3597 478 3648 Schwartz
603 3596 618 3647 2
646 3594 734 3648 εόθυσ
759 3597 840 3649 sicH
965 3598 981 3650 3
1005 3598 1043 3667 τιγῖ
1067 3596 1195 3667 ἀνθρώπῳ
1220 3597 1302 3650 Lond.
1327 3602 1350 3652 Ο
1476 3600 1565 3672 ἔχοντα

201 3683 260 3736 add.
274 3685 309 3736 B²
398 3686 521 3753 συμφῦναι
536 3682 656 3736 Lond.O
746 3684 842 3753 4μὴν]
862 3685 946 3752 μέντοι
965 3684 1082 3739 Lond.0
1174 3689 1290 3754 αυτῖγςθ
1381 3686 1531 3754 δαυτῖγςῖί

203 3770 217 3820 7
241 3770 354 3838 πολλῶν]
382 3777 434 3822 τῶν
458 3769 543 3822 ἀλλων
566 3774 587 3822 0
678 3771 694 3822 8
719 3770 819 3842 εἴχομεν
843 3771 900 3823 Cas.
921 3777 957 3825 0:
987 3773 1077 3844 ἔχομεν
1102 3773 1162 3825 libri
1271 3772 1287 3823 θ
1307 3790 1333 3824 τε
1352 3773 1396 3824 καὶ
1414 3771 1466 3824 τελ.
1485 3773 1513 3824 ιι2

205 3858 236 3909 12
255 3858 280 3909 δὲ
300 3858 334 3927 μὴ
354 3858 403 3924 (sic
422 3858 480 3910 roii.
501 3859 535 3908 rn¹
556 3857 624 3924 quod
643 3859 782 3925 scripserat
801 3858 835 3927 μὴ
855 3857 892 3920 δὲ)
912 3863 944 3910 V:
968 3858 1031 3928 μηδὲ
1050 3859 1089 3911 12¹²
1183 3860 1204 3910 ri
1230 3860 1276 3929 γάρ
1305 3858 1336 3928 ην
1362 3858 1446 3911 hond,
1471 3863 1507 3913 0:
1536 3860 1564 3912 οὐ

202 3947 248 4016 γάρ
266 3945 297 4015 ην
318 3946 380 3995 Va¹t
410 3942 478 3996 οὕτω
506 3943 537 4013 ην
561 3944 600 3995 si:
624 3944 641 4013 ίγ
661 3946 706 4014 γὰρ
725 3944 754 3996 ἀν
773 3945 804 4013 ἦν
823 3945 870 3997 B²z
895 3947 916 3998 εί
936 3947 980 4013 μὲν
1000 3949 1045 4016 γὰρ
1064 3946 1097 4016 ἠν
1116 3946 1173 3999 Cas.
1266 3945 1297 3998 13
1322 3946 1365 3998 καὶ
1387 3948 1479 4004 πάντες
1498 3948 1532 4000 13²

207 4033 236 4083 14
256 4031 285 4083 ἀν
304 4031 388 4083 αὺτιῑνν
406 4029 542 4102 ἐτόγχανον
561 4033 604 4082 καὶ
622 4033 671 4083 132¹:
700 4031 785 4083 αὐτῶν
804 4031 949 4101 τόγχανοιεν
969 4033 1051 4085 Lond.
1071 4038 1106 4087 0:
1126 4031 1211 4090 αότως
1229 4035 1392 4105 τυγχάνουσιν
1412 4035 1512 4087 Gsrcks

207 4121 244 4170 14.
263 4119 293 4171 15
313 4117 394 4175 οὕτως
408 4117 437 4168 οδ
455 4119 501 4187 τὴν
511 4118 580 4169 δ’·Ἐι
600 4117 682 4175 οὕτως
696 4119 739 4171 οὖν
752 4119 798 4188 τὴν
809 4120 885 4172 Va¹²:
905 4118 987 4177 οὕτως
1003 4120 1047 4174 οὖν
1060 4123 1103 4174 καὶ
1116 4122 1162 4191 τὴν
1174 4125 1211 4173 K:
1231 4119 1313 4179 οὕτως
1331 4119 1376 4173 οὖν
1390 4121 1419 4172 οὐ
1432 4123 1479 4191 τὴν
1494 4123 1565 4176 Cas:

204 4205 286 4263 οότως
304 4205 347 4257 οὖν
368 4205 424 4257 οὐδὲ
438 4205 483 4274 τὴν
503 4205 618 4257 ΙτοιιιλΟ
712 4207 741 4257 16
762 4206 791 4257 ἀν
811 4207 910 4279 εἴχομεν
928 4207 962 4272 (τί
979 4214 1004 4259 st
1024 4210 1079 4260 oin
1097 4208 1149 4274 lit.)
1164 4212 1185 4260 B
1199 4210 1270 4262 Cas:
1290 4208 1320 4260 ἀν
1339 4209 1442 4282 ἔχωμεν
1452 4211 1518 4263 Va¹:
1537 4210 1565 4262 ἀν

204 4293 296 4361 ἔχομεν
317 4297 350 4342 Ει
371 4294 493 4364 ἀνέγομεν
512 4294 539 4343 ιι’·’
648 4294 678 4345 17
708 4293 733 4345 δέ
757 4295 838 4347 delevi
965 4294 1062 4348 ἔπαινοί
1086 4315 1113 4348 τε
1139 4297 1182 4347 καί
1207 4295 1280 4365 ψόγοι
1303 4297 1412 4366 γίνονται
1436 4305 1496 4364 post
1519 4316 1563 4349 κα-

205 4382 269 4437 κίαις
296 4382 346 4431 ins.
370 4383 404 4432 B²
514 4382 544 4432 18
567 4379 664 4446 οὐσίαν]
684 4380 752 4433 δσίαν
772 4384 847 4448 Gasp.
868 4386 904 4435 O:
933 4384 1012 4434 αἰτίαν
1032 4383 1131 4436 Gereke
1240 4384 1341 4453 εἴχομεν
1361 4384 1462 4437 Caso

205 4466 235 4536 δὴ
261 4465 308 4537 οὺχ
332 4468 438 4533 scripsi:
466 4463 492 4517 δ’
513 4467 560 4534 οδγ
584 4468 656 4519 libri:
685 4467 728 4519 σόν
756 4468 804 4540 οὺχ
826 4470 854 4520 in
879 4469 916 4520 lit.
936 4471 971 4521 Bi
1072 4472 1106 4524 20
1135 4469 1274 4542 ἀγαπητὸν]
1299 4490 1312 4521 ν
1336 4473 1364 4523 in
1388 4471 1427 4523 lit.
1447 4475 1471 4521 V

205 4554 236 4604 ‘21
258 4552 296 4620 ὃς]
317 4572 328 4610 ς
347 4570 367 4604 s.
381 4555 451 4604 v.V¹
558 4554 590 4604 22
614 4559 687 4605 ταλί
777 4554 855 4606 αὑτοῦ
874 4560 897 4605 V
1005 4557 1038 4608 ‘23
1064 4559 1088 4608 τί
1107 4559 1171 4609 ἐστιν
1190 4557 1317 4611 Lond.0
1443 4559 1477 4610 24
1500 4558 1567 4622 οὐδὲ]

205 4639 304 4692 οότεΟ
412 4657 449 4706 pr.
468 4639 537 4704 οὔτε]
556 4639 586 4692 ότ
605 4642 632 4692 ῖιι
651 4642 725 4693 iit.v
835 4643 868 4694 25
888 4642 946 4694 οὔτε
964 4644 990 4694 αί
1008 4644 1070 4715 πρὸς
1090 4644 1180 4714 βελτίω
1198 4645 1246 4697 B2:
1265 4644 1294 4697 οὺ
1314 4646 1376 4712 πρός
1395 4645 1501 4715 βελτίων
1520 4646 1567 4697 V¹:

205 4727 262 4778 οὔτε
280 4726 342 4798 πρὸς
360 4727 465 4795 βελτίων
485 4744 507 4778 ν.
521 4744 543 4778 c.
557 4728 633 4779 Van:
658 4727 715 4786 οὔτε
738 4730 763 4780 οί
782 4729 843 4797 πρὸς
857 4729 954 4799 βέλτιον
974 4736 1062 4785 HEO:
1082 4730 1138 4784 οὔτε
1159 4731 1219 4803 πρὸς
1239 4732 1329 4801 βελτίω
1342 4734 1412 4787 Cas:
1432 4733 1490 4786 οὔτε
1509 4734 1569 4805 πρὸς

206 4813 301 4882 βέλτιον
322 4815 403 4866 Lond.
511 4815 542 4865 ⁴27
563 4814 622 4886 οὐχ]
642 4811 700 4867 οὐδ’
720 4816 759 4868 rel
778 4817 807 4868 οδ
826 4820 872 4887 γὰρ
892 4817 991 4871 Gerrks
1103 4820 1136 4874 28
1154 4817 1351 4891 ἀναριφθήσιται
1371 4825 1394 4872 V
1502 4822 1569 4890 παρὰ

205 4901 305 4954 Gercks
394 4901 427 4954 29
446 4903 648 4956 torri-rossiV
