3540 5610
217 324 277 388 148
535 316 738 378 ALEXANDRI
763 324 806 377 DE
831 324 940 378 ANIMA
964 317 1054 378 LIBRI
1078 325 1251 379 MANTISSA

268 495 321 577 ύλη
345 498 377 559 τό
401 498 545 583 διαφανέι.
590 496 670 581 είπερ
694 496 743 561 οὖν
767 503 822 562 πᾶν
846 505 932 582 σῶμα
954 498 1112 584 χρώματός
1134 499 1195 562 ἐστι
1218 496 1360 573 δεκτικόν,
1388 503 1445 562 πᾶν
1467 499 1516 562 καί

267 600 403 683 διαφανές
425 600 510 663 ἐστιν.
555 599 689 683 ἔστιγὰρ
711 602 744 663 τό
770 605 830 670 τοῖς
853 604 1004 686 χρώμασιν
1032 601 1219 684 ὑποκείμενον
1243 606 1340 679 τοῦτο,
1368 598 1514 664 καὶέστιν

268 701 297 762 ὲν
320 705 365 786 τῷ
381 702 481 786 πέρατι
505 706 555 764 τοῦ
576 703 737 785 ὡρισμένου
760 705 915 788 διαφανοῦς
931 704 1093 785 κατάδηλος
1115 702 1208 784 ἡτῶν
1231 704 1397 787 χρωμάτων
1420 702 1515 787 φύσις.

267 809 323 865 τῶν
346 805 400 888 γὰρ
423 804 566 868 ἀδιόπτων
594 808 754 888 σωμάτων,
782 806 854 889 άπερ
878 805 954 868 ἐστὶν
983 805 1128 888 ὡρισμένα
1155 807 1202 868 καὶ
1226 806 1343 887 στερεοί.
1372 805 1458 887 μόνον
1482 805 1514 868 τδ

239 905 354 988 ὑπέρας
377 908 499 992 φανερόν
523 909 593 980 ἐστι,
616 907 686 990 ὅπερ
710 909 770 971 ἐστὶ
794 910 825 971 τδ
848 912 966 992 χρῶμα.
1004 912 1062 968 τῶν
1085 907 1117 968 δὲ
1140 909 1286 991 διαφανῶν
1309 905 1515 991 ἐναργέστατόν

266 1009 326 1071 ἐστι
352 1015 451 1085 τοῦτο,
486 1009 651 1093 κρινόμενον
677 1015 716 1093 τῇ
744 1012 815 1093 πρὸς
843 1011 875 1073 εδ
904 1010 1037 1093 περιέχον
1072 1007 1217 1093 ἑτερότητι
1243 1011 1292 1072 καὶ
1318 1007 1513 1093 άνυμοιότητι.

267 1113 391 1196 διαφανῆ
415 1114 448 1175 δὲ
470 1117 598 1176 καλεῖται
621 1113 695 1193 μόνα
716 1117 774 1175 τῶν
797 1114 941 1195 σωμάτων
965 1114 999 1175 τὰ
1022 1112 1137 1183 δίοπτα,
1160 1098 1224 1175 ἒπελ
1248 1110 1311 1193 όψει
1334 1113 1442 1195 ληπτὸν
1465 1113 1514 1176 αὐ·
1527 1128 1556 1170 ετ

265 1217 322 1276 τῶν
345 1215 405 1279 ἐστι
427 1217 460 1279 τδ
484 1221 600 1301 χρῶμα.
645 1214 681 1277 δι’
710 1213 744 1277 ού
767 1216 799 1277 δὲ
821 1220 905 1278 τοῦτο
933 1214 1088 1299 φαίνεσθαι
1114 1215 1242 1298 πέφυκεν
1270 1214 1407 1283 δέξασθαι
1429 1217 1514 1278 δυνα-

267 1317 355 1400 μένου
385 1320 416 1380 τό
444 1319 520 1388 εἶδος
542 1319 647 1395 αὐτοῦ,
670 1323 759 1397 Ιτοῦτο
787 1319 922 1402 διαφανὲς
951 1319 1028 1386 ίδίιυς
1056 1321 1185 1380 καλεῖται
1212 1318 1259 1380 καί
1282 1315 1352 1381 ἔστι.
1396 1318 1425 1381 τί
1445 1317 1509 1380 ποτ’

224 1436 249 1478 10
263 1417 324 1491 οὖν,
347 1423 373 1483 εί
395 1423 425 1484 ἐν
442 1423 547 1484 ἅπασιν
570 1427 629 1490 τοῖς
652 1421 782 1503 σώμασίν
805 1421 880 1483 ἐστιν
904 1422 1101 1503 ᾓδιαφάνεια,
1124 1419 1158 1482 ού
1175 1423 1267 1482 πάντα
1289 1420 1349 1482 ἐστὶ
1373 1422 1513 1505 διαφανῆς

263 1524 282 1606 ἢ
306 1524 434 1609 διαφέρει
461 1524 497 1586 τολ
524 1527 646 1606 στόματα
672 1529 715 1609 τῷ
741 1522 850 1605 μᾶλλόν
878 1546 908 1585 τε
937 1525 983 1585 καὶ
1011 1523 1096 1606 ἦττον
1123 1521 1201 1607 ἔχειν
1227 1523 1313 1604 τήνδε
1339 1524 1391 1606 τὴν
1418 1522 1513 1606 φύσιν.

263 1627 294 1687 τδ
328 1627 360 1688 δὲ
395 1626 504 1709 μᾶλλόν
536 1652 565 1689 τε
599 1627 648 1689 καί
680 1627 765 1710 ἧττον
797 1625 868 1708 μίξει
904 1629 954 1687 τοῦ
991 1624 1186 1707 ἀντικειμένου
1219 1625 1333 1707 γίνεται.
1387 1625 1513 1688 ἐναντίον

263 1730 295 1792 δὲ
322 1730 354 1791 τό
382 1729 535 1813 ἐλάχιστον
563 1728 707 1813 διαφανές.
757 1732 840 1791 τοῦτο
868 1728 899 1791 δέ
926 1728 1002 1792 ἐστιν
1029 1730 1048 1810 η
1076 1732 1124 1811 γῆ.
1176 1728 1208 1790 τὸ
1234 1727 1288 1811 γὰρ
1315 1728 1440 1790 ἐναντίον
1470 1732 1512 1812 τῷ

262 1831 385 1912 μάλιστα
412 1833 546 1915 διαφανεῖ
569 1837 616 1914 γῆ.
662 1834 750 1914 δῆλον
772 1831 805 1893 δὲ
831 1834 916 1892 τοῦτο
943 1831 1091 1892 ἐντεῦθεν·
1125 1830 1221 1914 φαμὲν
1248 1831 1302 1914 γὰρ
1330 1831 1363 1893 τδ
1390 1832 1553 1913 δυνάμεινυ

224 1949 249 1992 15
264 1935 399 2017 διαφανὲς
421 1933 573 2016 λεγόμενον
602 1934 728 2018 ἐνεργείᾳ
751 1933 879 2015 ηίνεσίίαι
901 1938 1029 1995 τοιοῦτον
1056 1933 1103 1995 διὰ
1130 1934 1219 2016 πυρός
1242 1932 1261 2015 ἥ
1283 1956 1358 2001 τινος
1380 1934 1512 1997 τοιούτου

262 2037 429 2119 παρουσίαν.
473 2035 546 2097 κατὰ
570 2034 652 2117 λόγον
681 2033 730 2098 οὖν
752 2037 883 2120 ληψομεν
913 2036 996 2117 ἐγγύς
1023 2038 1072 2097 τοῦ
1102 2036 1191 2118 πυρδς
1217 2038 1269 2120 τήν
1295 2059 1327 2098 τε
1353 2036 1438 2120 φύσιν
1465 2039 1511 2099 καὶ

261 2140 313 2221 τἠν
335 2138 432 2211 ίλέσιν,
465 2140 480 2202 δ
504 2140 627 2218 μάλιστα
656 2140 703 2200 καὶ
730 2141 852 2222 τάχιστα
879 2139 1093 2220 ἀναπίμπλαται
1117 2136 1213 2221 φωτός
1239 2138 1301 2219 (κοιλ
1329 2136 1406 2200 τοῦτ’
1434 2136 1510 2201 ἔστιν

262 2242 294 2303 τό
319 2242 443 2324 μάλιστα
459 2241 617 2324 διαφανὲς),
640 2242 672 2302 τδ
696 2242 727 2303 δὲ
748 2242 927 2323 πορρωτάτω
950 2243 1064 2323 ἥκιστα,
1088 2246 1145 2302 τῶν
1168 2241 1201 2303 δὲ
1215 2239 1311 2304 ἄλλων
1333 2239 1405 2303 ἄλλο
1421 2240 1512 2304 ἄλλου

262 2346 381 2424 μᾶλλον,
410 2347 451 2412 όίς
472 2342 506 2405 ἄν
531 2342 852 2427 έχωσινοίποστάσεως
875 2346 945 2428 πρὸς
968 2345 1000 2404 εδ
1024 2348 1081 2426 πῦρ
1104 2345 1152 2406 καλ
1174 2348 1231 2405 πᾶν
1252 2344 1285 2405 τδ
1308 2345 1442 2429 φωτίζειν
1464 2369 1512 2407 πε·

220 2443 360 2529 νυφυκός.
397 2447 541 2528 ἐγγυτάτω
565 2446 616 2526 μὲν
640 2444 689 2507 οὖν
712 2446 787 2508 ἐστιν
809 2451 860 2508 τοῦ
884 2446 974 2528 πυρός
997 2446 1097 2508 τεκαὶ
1121 2450 1171 2508 τοῦ
1194 2446 1329 2529 φωτίζειν
1350 2446 1511 2530 πεφυκότος

261 2555 347 2632 σῶμα
370 2555 427 2610 τῶν
458 2548 618 2630 ἐνηενέσει
644 2548 676 2610 τδ
700 2549 756 2610 ὑπὸ
780 2551 917 2631 σελήνην,
945 2548 960 2610 ὃ
987 2550 1034 2611 καί
1058 2548 1229 2632 ὑπέκκαυμα
1251 2552 1409 2630 καλοῦμεν,
1438 2550 1553 2633 μετάττ

260 2653 291 2714 δὲ
314 2656 397 2714 τοῦτο
421 2652 488 2735 ἀήρ.
511 2652 558 2713 καί
581 2651 673 2734 τρίτον
695 2651 728 2713 τό
752 2651 840 2734 ὕδωρ,
863 2653 1040 2733 πορρωτάτω
1064 2653 1095 2713 δὲ
1119 2654 1136 2733 ἡ
1158 2657 1205 2734 γῆ.
1251 2652 1295 2714 διδ
1318 2653 1437 2715 κάκεῖνα
1459 2656 1512 2738 μὲν

259 2760 309 2817 τοῦ
334 2755 459 2837 μάλιστα
481 2754 600 2836 όρατοδ,
629 2753 704 2835 λε’·ρω
727 2755 759 2815 δὲ
781 2758 832 2816 τοῦ
855 2752 951 2837 φωτός
974 2754 1035 2815 ἐστι
1057 2754 1174 2816 δεκτικὰ
1197 2755 1335 2837 μάλιστα,
1364 2752 1432 2818 ὄντα
1454 2758 1511 2819 δια-

259 2860 353 2940 φανῆ,
380 2856 399 2938 ἡ
423 2856 455 2919 δὲ
477 2861 513 2939 φη
542 2855 598 2939 ούχ
622 2855 738 2937 ὁμοίως.
784 2855 896 2918 ἐναντία
918 2856 971 2938 γὰρ
1001 2857 1073 2939 αὕτη
1101 2862 1143 2940 τῷ
1171 2881 1203 2919 τε
1232 2857 1366 2941 φωτίζειν
1393 2860 1441 2921 καὶ
1466 2864 1509 2943 τῷ

219 2976 246 3019 εν
260 2961 384 3040 μαλιστα
406 2959 584 3042 φωτίζεσθαι
611 2956 780 3041 δυναμένῳ,
806 2959 876 3043 όπερ
899 2959 994 3042 φαμὲν
1022 2959 1105 3040 ὕλην·
1143 2961 1240 3043 ὥσπερ
1263 2960 1317 3042 κὰρ
1341 2964 1427 3024 πᾶσιν
1450 2966 1510 3030 τοῖς

259 3063 288 3123 ἐν
311 3061 393 3145 ἄλλῳ
415 3060 573 3145 πεφυκόσιν
595 3062 726 3141 γίνεσλλαί
747 3061 810 3123 ἐστί
829 3084 855 3123 τι
878 3061 1080 3142 ὑποκείμενον,
1107 3061 1325 3144 ἐπιτηδειότητα
1347 3060 1416 3147 ἔχον
1440 3065 1512 3147 πρὸς

259 3165 291 3226 τό
319 3161 381 3226 κατ’
409 3163 480 3226 αύτδ
508 3164 730 3235 είδοπυιεῖσίλαι,
762 3163 777 3225 ὃ
801 3165 848 3226 καὶ
876 3164 931 3246 ύλη
961 3163 1036 3226 ἐστὶν
1064 3164 1160 3226 αὐτῶν
1186 3165 1254 3247 (καί
1275 3164 1329 3249 γὰρ
1358 3166 1442 3249 βαρεῖ
1462 3168 1509 3229 καὶ

260 3267 362 3351 κούφῳ
384 3267 433 3330 καὶ
456 3267 574 3350 μεγαλῳ
598 3267 645 3328 καὶ
669 3270 763 3350 μικρῷ
787 3266 834 3328 καὶ
858 3268 960 3351 ίλερμῷ
982 3269 1029 3329 καὶ
1046 3272 1151 3351 ψυχρῷ
1177 3269 1223 3330 καὶ
1247 3274 1305 3336 τοῖς
1328 3266 1425 3337 ἄλλοις
1447 3274 1551 3338 τοῖςιυ

259 3371 398 3452 ἀνάλογον
421 3367 531 3436 τούτοις
554 3367 671 3453 ἔχουσιν
695 3367 866 3449 ὑπόκειται),
890 3369 982 3445 οὕτως
1005 3370 1036 3430 δὲ
1058 3371 1105 3431 καὶ
1128 3375 1187 3438 τοῖς
1209 3372 1361 3454 χρώμασιν
1386 3373 1509 3456 καὶτῆς

218 3488 245 3531 κο
259 3472 288 3533 ὲν
316 3471 425 3540 τούτοις
454 3472 650 3539 ἐναντιώσεως
677 3471 740 3533 ἐστί
763 3494 805 3539 τις
833 3471 887 3553 όλη
914 3473 963 3533 καὶ
985 3469 1060 3535 ἔστιν
1088 3472 1160 3555 αὕτη
1190 3472 1222 3534 τὸ
1246 3473 1381 3557 διαφανὲς
1409 3479 1505 3557 σῶμα.

257 3577 290 3639 τό
313 3574 366 3658 γὰρ
388 3578 499 3637 τοιοῦτο
523 3578 579 3636 πᾶν
600 3575 673 3636 κατὰ
695 3573 748 3656 τὴν
771 3573 895 3656 δύναμιν
912 3572 1027 3656 ταύτην.
1051 3573 1119 3635 καθ’
1140 3575 1176 3657 ἣν
1199 3575 1334 3659 διαφανές
1353 3575 1424 3651 ἐστι,
1447 3579 1508 3641 δεκ-

256 3654 334 3741 τικόν
362 3677 422 3739 ἐστι
445 3677 620 3761 χρωμάτων.
665 3673 759 3759 εἴηδ’
787 3674 822 3737 ἂν
853 3677 872 3758 ἡ
900 3676 1018 3758 δύναμις
1044 3677 1118 3759 αὕτη
1142 3678 1301 3761 διαφάνεια.
1347 3675 1408 3740 ἔστι
1434 3680 1508 3764 δὲη

208 3886 217 3936 Ι
243 3882 362 3957 χρώματί
379 3883 420 3935 Ka
524 3884 539 3934 7
568 3882 671 3953 δίυπτροι
691 3882 730 3932 Ka
836 3879 892 3949 ὄψει
911 3883 946 3932 V:
965 3880 1043 3950 όψιιι
1149 3883 1201 3935 ἐπεὶ
1219 3881 1275 3953 ὄψει
1293 3883 1387 3954 ληπτὸν
1406 3883 1492 3938 αὐτῶν
1512 3886 1564 3939 ἐστι
1610 3914 1617 3925 ·

204 3971 233 4022 τό
252 3969 357 4043 χρῶμα]
381 3971 444 4023 haec
463 3986 516 4023 non
535 3972 664 4037 pertinere
686 3969 719 4020 ιιιλ
738 3968 920 4035 praecedentia
943 3969 986 4035 (τὰ
1004 3968 1116 4035 δίοπτα),
1141 3979 1167 4022 ει
1185 3988 1224 4023 res
1243 3974 1302 4039 ipsa
1325 3977 1351 4024 et
1371 3974 1450 4025 verba
1468 3974 1564 4026 docent

204 4075 271 4127 quae
290 4064 434 4127 sequuntur
452 4057 475 4110 δι
494 4055 523 4109 οὖ
542 4057 568 4109 δὲ
586 4062 660 4109 τοῦτο
679 4054 809 4125 φαίνεσθαι
828 4056 937 4125 πέφυκεν
956 4061 981 4109 et
1000 4071 1056 4124 q.s.
1088 4058 1174 4123 agitur
1193 4060 1261 4111 enim
1281 4060 1313 4112 de
1332 4058 1479 4113 differentia
1496 4078 1564 4130 quae

204 4147 312 4198 interest
330 4146 399 4203 inter
418 4142 546 4215 φαίνεσθαι
564 4154 589 4197 et
608 4141 790 4214 διαφαίνεσθαι,
811 4143 843 4195 de
862 4160 913 4211 ιμια
932 4144 963 4195 cf.
984 4145 1025 4196 ,λλ
1044 4143 1075 4195 de
1095 4160 1163 4194 sens.
1183 4144 1239 4205 95»st
1281 4144 1348 4203 ίδίως
1368 4145 1394 4199 δὲ
1412 4146 1564 4219 διαφανῆ,

203 4231 239 4289 ὡς
257 4230 361 4284 είλλισται
379 4229 506 4302 λέγεσθαι,
530 4239 582 4283 τῶν
602 4234 729 4298 σωμάτων
748 4232 812 4298 μόνα
830 4232 861 4283 τὰ
880 4230 980 4293 δίοπτα,
1005 4231 1117 4283 ἀπὸτοῦ
1136 4233 1324 4300 φαινόμενον
1344 4235 1389 4301 μὲν
1409 4233 1477 4292 ἰδίως
1495 4235 1564 4304 λίγε-

203 4322 260 4372 σδαι
283 4319 312 4372 τό
335 4323 368 4389 τῇ
392 4319 618 4389 όψειοίντιληπτόν
640 4321 707 4390 παρὰ
730 4318 759 4371 τδ
780 4324 843 4388 φῶς.
880 4317 921 4369 ὧν
944 4318 979 4388 δὴ
997 4323 1088 4370 τοῦτο
1108 4326 1228 4390 χρῶμα,
1252 4326 1330 4372 ταῦτα
1355 4320 1424 4379 ἰδίως
1445 4322 1563 4392 διαφανῆ.

201 4409 234 4458 τὰ
251 4407 299 4476 γάρ
317 4406 439 4480 δεχόμενα
456 4406 486 4460 τδ
503 4409 565 4477 φάος
584 4407 639 4476 ἤτοι
658 4413 720 4475 φῶς,
732 4392 772 4458 ’δι’
788 4404 818 4458 ού
836 4407 917 4458 πάντα
936 4406 968 4457 τὰ
984 4404 1100 4477 δρώμενα
1119 4405 1214 4473 δρᾶται,
1233 4414 1311 4460 ταῦτα
1330 4408 1427 4477 λέγεται
1445 4410 1564 4478 συνήθως

202 4494 317 4565 διαφανῆ.
359 4511 439 4563 quare
461 4494 569 4547 fortasse
592 4494 729 4563 legendum
758 4499 797 4547 est
820 4495 851 4546 τὰ
874 4493 974 4547 δίοπτα·
1001 4494 1148 4561 (φαινόμενα
1171 4496 1218 4566 γάρ
1241 4497 1283 4547 καὶ
1310 4497 1341 4548 τὰ
1367 4495 1432 4549 ἄλλα
1455 4496 1563 4565 σώματα

140 4638 147 4655 ⁶
202 4582 269 4650 παρὰ
287 4582 319 4634 τὰ
336 4580 444 4653 δίυπτα),
462 4582 515 4634 ἐπεὶ
534 4581 589 4651 όψει
607 4580 703 4652 ληπτὸν
722 4580 777 4633 κτλ.
891 4581 921 4632 12
949 4581 1041 4651 γίνεται
1058 4582 1093 4633 V:
1114 4582 1209 4651 λέγεται
1229 4584 1269 4635 Ka
1376 4585 1408 4637 14
1436 4584 1562 4656 διαφανεῖ]

201 4687 220 4738 φ
240 4670 267 4721 in
286 4669 326 4721 lit.
339 4671 361 4721 V
471 4670 501 4721 16
520 4668 635 4739 λήψομεν
654 4686 677 4720 ν.
691 4686 722 4733 υ,
741 4668 862 4739 λείψυμεν
878 4671 912 4720 ιιι1
926 4670 959 4721 V:
978 4668 1096 4737 λείψομεν
1115 4671 1155 4721 Ka
1261 4669 1295 4721 20
1313 4669 1357 4722 ούν
1376 4688 1426 4724 om.
1446 4674 1487 4725 Κα

200 4775 228 4809 τι
247 4757 290 4809 καλ
308 4758 347 4810 V:
367 4752 411 4815 τός
429 4759 470 4811 Ka
567 4757 597 4808 21
619 4755 782 4826 ὑπέκκαυμα]
803 4758 834 4809 σί.
858 4758 950 4821 ί-λίλ,14
986 4757 1015 4810 τό
1033 4757 1135 4825 δυνάμει
1154 4763 1211 4828 πῦρ,
1228 4763 1303 4810 τοῦτο
1321 4757 1348 4810 δέ
1367 4760 1417 4813 ἐστι
1436 4760 1466 4813 τό
1484 4760 1562 4814 ύπέκ-

201 4863 287 4913 καυμα
310 4850 336 4897 et
361 4846 441 4898 λιίιιί.
460 4850 519 4898 mot.
544 4845 591 4908 1,λ.
615 4843 773 4914 δῖίῑιίῖεη.
898 4845 931 4897 ⁴22
960 4845 1003 4897 καὶ
1023 4861 1072 4897 om.
1092 4846 1132 4897 Κο
1255 4849 1413 4919 πορρωτάτω
1437 4864 1501 4901 corr.
1520 4866 1562 4903 ex.

201 4934 361 5004 ποαρωτάτω
382 4934 401 4985 λ’
509 4928 609 4985 κέκεῑνα
629 4932 689 5000 (sic)
708 4933 731 4986 λ’
