3540 5610
680 321 882 375 rinnxrnonr
905 320 949 373 nn
974 321 1082 374 rnrna
1223 378 1229 393 ,
1519 321 1556 386 27

344 493 394 562 Τίς
417 495 467 577 μὲν
490 492 539 556 ούν
562 495 580 576 ἡ
605 499 657 576 τῆς
678 499 778 578 ψυχῆς
800 494 898 563 ούσία,
927 495 973 556 καὶ
997 494 1058 556 τίνα
1081 495 1115 556 τδι
1138 493 1267 577 ἑπόμενα
1288 495 1379 578 αὐτῇ.
1407 500 1448 563 ώς
1470 492 1505 576 ἦν

258 594 319 658 οίύν
343 621 375 659 τε
397 596 433 659 δι’
462 597 565 679 δλίγων
588 580 717 660 καδύλου
740 596 926 665 συλλέξαντας
949 596 1038 658 εἰπεῖν
1062 597 1126 679 περὶ
1152 596 1258 681 αὐτῆς,
1285 600 1505 682 δεδηλώκαμεν·
1521 613 1547 653 ιο

259 699 423 763 ἀκόλουθον
446 700 478 763 δὲ
501 699 568 782 ἑξῆς
590 701 654 784 περὶ
681 706 739 762 τών
768 703 863 784 μερῶν
885 699 975 782 αὐτῆς
997 698 1101 773 εἰπεῖν,
1128 699 1205 784 πύσα
1227 724 1258 763 τε
1281 702 1328 764 καὶ
1343 702 1425 777 τίνα,
1454 686 1519 764 δείῖ

260 802 361 871 Εαντας
381 808 506 886 πρῶτον,
530 801 573 864 ύτι
595 803 687 864 πλείω
710 802 742 865 τέ
764 803 824 866 ἐστι
847 802 895 864 καὶ
918 803 1130 885 πεπερασμένα.
1154 807 1220 876 -τού
1243 803 1295 887 μὲν
1318 803 1368 867 οὖν
1391 803 1506 871 πλείους

228 907 394 987 ὀδυνάμεις
415 910 467 988 τῆς
488 909 587 989 ψυχῆς
613 904 685 968 εἶναι
712 906 759 968 καὶ
783 896 823 988 μὴ
852 907 903 987 τὴν
926 903 1016 986 αὐτὴν
1043 909 1106 972 ταῖς
1129 907 1301 991 μεταβολαῖς
1327 910 1375 971 καὶ
1401 907 1504 970 ἄλλοτε

259 1009 331 1091 πρὸς
345 1008 421 1071 ἄλλα
442 1031 474 1071 τε
496 1009 544 1071 καὶ
567 1004 601 1070 δι’
623 1007 721 1071 ἄλλων
744 1006 896 1091 ἐνεργείαις
919 1008 1013 1081 δοκεῖν
1029 1008 1143 1075 πλείους
1165 1007 1247 1083 εἶναι,
1271 1014 1311 1079 ώς
1332 1011 1505 1094 Δημοκρίτῳ

259 1135 290 1173 τε
312 1112 361 1173 καὶ
383 1111 480 1180 ἄλλοις
507 1111 577 1174 τισὶν
592 1112 694 1191 δοκεῖ,
723 1111 806 1193 ἱκανὴ
838 1109 926 1178 δεῖξαι
954 1110 1001 1171 καλ
1029 1111 1048 1192 η
1076 1111 1122 1172 ἐπὶ
1150 1117 1208 1174 τῶν
1231 1113 1377 1196 ἐγκρατών
1406 1137 1436 1175 τε
1459 1113 1507 1175 καὶ

249 1215 393 1296 ἀκρατῶν
418 1216 501 1298 μάχη
525 1215 596 1296 πρὸς
610 1213 739 1296 ἀλλήλας
760 1216 817 1274 τῶν
839 1213 999 1295 δυνάμεων.
1036 1215 1227 1298 φανερώτατα
1250 1212 1274 1278 δ’
1297 1213 1331 1278 ἂν
1351 1215 1506 1279 δεικνύοιτο
1523 1229 1548 1271 lo

259 1317 308 1378 καὶ
330 1316 376 1379 διὰ
398 1321 448 1378 τοῦ
473 1317 562 1399 μηδὲν
583 1316 635 1398 τὴν
657 1315 742 1400 φύσιν
765 1316 859 1378 δοκεῖν
883 1316 976 1397 μάτην
999 1319 1105 1389 ποιεῖν,
1128 1314 1199 1378 εἶναι
1223 1317 1255 1380 δέ
1276 1342 1338 1380 τινα
1360 1315 1464 1403 <ζηῖα>.
1487 1317 1506 1380 ἃ

219 1433 247 1476 ro
260 1418 379 1502 δύναμιν
402 1424 499 1504 ψυχῆς
526 1417 632 1502 ἔχοντα
656 1410 757 1503 μηκέτ’
786 1417 909 1502 ἐνεργεῖν
938 1418 1011 1479 κατὰ
1034 1417 1084 1486 τδις
1109 1417 1200 1488 άλλας
1227 1420 1368 1505 ἐνεργείας
1391 1423 1507 1484 δύναται

258 1522 350 1584 καίτοι
372 1528 428 1584 τῶν
456 1523 631 1606 πραγμάτων
654 1518 744 1597 ὄντων
771 1520 836 1604 περὶ
863 1519 882 1582 ἂ
909 1521 938 1582 αἱ
961 1517 1024 1582 κατ’
1053 1520 1163 1590 ἐκείνας
1193 1522 1244 1591 τὰς
1272 1525 1406 1605 δυνάμεις
1432 1524 1507 1607 ἐνέρ-

259 1647 343 1707 γειαι.
387 1625 489 1708 είγὰρ
511 1624 589 1707 λέγοι
618 1621 717 1691 τις.δι’
748 1624 876 1707 δργάνων
904 1623 1025 1705 ἀπορίαν
1054 1623 1083 1685 ἐν
1106 1624 1216 1692 τούτοις
1244 1626 1284 1709 μὴ
1307 1627 1435 1715 γίνεσθαι
1458 1626 1508 1694 τὰς

164 1814 167 1819 Ι
257 1727 417 1811 ἐνεργείας,
449 1728 599 1811 ἀναιρήσει
620 1726 653 1788 τδ
677 1726 767 1809 μηδὲν
791 1712 884 1809 μάτην
907 1729 998 1799 ποιεῖν
1020 1725 1072 1808 τὴν
1095 1725 1189 1817 ιρύσιντ
1236 1729 1327 1812 μάτην
1350 1729 1404 1812 γὰρ
1426 1724 1507 1791 ἔσται

260 1831 377 1897 πλείους
399 1829 541 1913 ἐνεργείας
563 1829 686 1912 ἐνεργεῖν
708 1829 826 1913 ἡψυχὴ
849 1851 868 1910 η
885 1827 915 1889 ἐν
931 1827 1049 1896 ἐκείνοις
1073 1828 1229 1911 δυναμένη,
1251 1830 1282 1893 εί
1299 1855 1332 1913 γε
1348 1831 1396 1894 ὑπ’
1414 1831 1508 1915 ριδτῆς
1521 1846 1548 1888 eo

217 1949 243 1992 ιο
257 1939 310 2016 τῇς
332 1934 450 2017 φύσεως
464 1933 588 2016 ἐνεργεῖν
612 1932 659 1994 καὶ
681 1930 771 1999 αὐτὰς
793 1927 830 1993 δι’
852 1930 972 2019 άπορίαν
996 1930 1124 2013 δργάνων
1140 1932 1291 1996 κωλύεται.
1326 1931 1368 1996 ἔτι
1391 1958 1422 1998 τε
1444 1940 1507 2005 πῶς

257 2036 312 2099 oda
327 2036 434 2099 ἄτοπον
457 2035 490 2097 τὸ
506 2035 554 2097 τδν
570 2033 725 2117 ἄνθρωπον
747 2032 838 2115 λέγειν
861 2038 918 2095 τῶν
939 2034 1092 2118 βατράχων
1116 2035 1164 2097 καὶ
1184 2039 1241 2098 τῶν
1258 2035 1405 2121 τυχόντων
1423 2037 1506 2122 ζῴων

257 2138 403 2223 διαφέρειν
431 2139 471 2221 μὴ
495 2142 532 2220 τῇ
555 2142 608 2220 τῖης
629 2142 727 2222 ψυχῆς
749 2138 884 2219 δυνάμει,
912 2135 987 2197 ἀλλὰ
1014 2137 1157 2221 δργανικιγῖ
1187 2161 1239 2201 τινι
1261 2142 1388 2223 σώματι;
1423 2140 1507 2203 οὐδέν

256 2265 290 2304 τε
313 2242 413 2304 διοίσει
437 2245 489 2324 τῆς
520 2240 576 2303 ύπό
605 2262 689 2302 τινων
719 2239 1161 2329 λεγομένηςμετεμψυχώσεως
1189 2240 1242 2322 ἥδε
1267 2242 1287 2323 ἡ
1311 2240 1394 2318 idio,
1420 2243 1445 2305 εί
1466 2245 1507 2326 μη

257 2345 337 2429 παρὰ
358 2343 408 2414 τὰς
423 2349 475 2426 τῆς
497 2347 597 2428 ψυχῆς
611 2344 755 2427 δυνάμεις,
778 2342 853 2405 ἀλλὰ
875 2343 953 2426 παρὰ
976 2341 1011 2404 τὰ
1032 2339 1139 2425 ὄργανα
1162 2345 1254 2425 ητών
1279 2341 1363 2428 ζῴων
1385 2346 1506 2408 καὶτῶν

216 2465 246 2508 ευ
260 2449 413 2533 ἐνεργειῶν
436 2445 532 2509 αὐτῶν
554 2445 659 2527 γίνεται
679 2447 812 2530 διαφορά.
847 2470 866 2528 η
890 2445 964 2528 αὐτ-ἠ
988 2444 1039 2527 μὲν
1063 2445 1117 2528 γὰρ
1141 2445 1170 2508 ἐν
1191 2450 1262 2510 πᾶσι
1284 2452 1343 2517 τοῖς
1365 2448 1508 2534 ἐμψύχοις

204 2608 274 2616 ——-
286 2607 327 2613 —-·--
347 2606 365 2610 ω

205 2695 216 2746 l
247 2689 415 2762 ααὶ-αύτη]
438 2705 498 2741 von
517 2690 577 2740 den
595 2689 699 2756 bingen
717 2687 812 2739 welche
829 2688 869 2739 ihr
888 2687 1041 2738 zuirornnren
1151 2687 1167 2739 3
1195 2685 1347 2757 ἀκόλουθον]
1367 2689 1449 2742 daran
1465 2691 1561 2760 knipit
1595 2710 1600 2721 ·

201 2782 260 2834 sich
279 2780 333 2832 und
352 2779 434 2830 demit
452 2777 588 2829 verbindet
606 2777 661 2829 sich
775 2776 845 2827 4-8
871 2778 916 2826 τοῦ
935 2773 1169 2843 μὲν-δυνάμεων]
1189 2777 1234 2828 wir
1253 2792 1334 2843 sagen
1352 2792 1380 2829 es
1399 2778 1497 2847 genrigt
1515 2796 1560 2831 zur

201 2868 408 2933 Naohweisnng‚
431 2864 491 2916 τίπτε
509 2865 551 2916 die
569 2863 659 2916 Kraite
678 2863 723 2917 der
741 2862 814 2915 Seele
832 2862 904 2913 mehr
922 2861 960 2914 ais
979 2864 1037 2914 eine
1056 2862 1129 2927 sind,
1152 2861 1206 2914 und
1225 2862 1285 2914 dass
1304 2864 1341 2915 sie
1358 2863 1470 2917 firwahr
1489 2867 1561 2918 nicht

203 2958 264 3010 eine
286 2953 363 3006 Krait
386 2953 459 3017 sind,
487 2953 540 3003 und
566 2949 670 3019 [demit]
695 2951 818 3018 gegiaubt
840 2949 937 3013 werde,
966 2950 1026 3001 dass
1049 2951 1088 3002 sie
1115 2950 1187 3002 mehr
1209 2949 1247 3001 als
1271 2951 1328 3002 eine
1354 2952 1413 3003 sind
1436 2955 1465 3016 in
1487 2954 1561 3006 ihren

203 3041 427 3099 Verindernnaen
453 3038 509 3091 nnd
532 3040 606 3091 ihren
630 3038 794 3106 Wirkungen
823 3054 856 3089 zu
882 3037 1082 3090 verschiedenen
1106 3037 1198 3089 Zeiten
1224 3028 1279 3089 un'd
1308 3038 1336 3089 in
1360 3039 1561 3093 verschiedenen

142 3136 152 3153 ⁸
203 3131 322 3197 Dingen‚
346 3129 394 3179 wie
413 3127 576 3179 Demokritos
600 3126 655 3177 und
674 3126 769 3178 andere
788 3124 869 3178 Leuto
888 3125 1005 3188 meinen,
1029 3125 1080 3176 bei
1100 3125 1160 3191 (sio)
1180 3126 1237 3177 dem
1257 3125 1337 3192 Krieg
1359 3125 1468 3178 weicher
1485 3134 1562 3180 unter·

203 3218 256 3270 den
274 3214 384 3268 Kriioen
402 3214 546 3267 stattiindet
569 3213 699 3265 zwisohen
716 3213 761 3264 der
778 3213 856 3264 einen
879 3211 933 3263 und
952 3212 996 3263 der
1015 3212 1143 3277 anderen,
1167 3213 1255 3265 indem
1274 3213 1318 3265 der
1336 3215 1408 3266 seine
1426 3213 1499 3266 Seele
1517 3216 1561 3267 be·

204 3305 306 3371 waitigt
323 3303 378 3354 und
397 3301 435 3353 sie
452 3300 615 3354 riberwindet
633 3298 694 3368 [ie.
713 3301 768 3353 sich
789 3297 947 3367 boherrseht]
1052 3297 1069 3350 8
1088 3298 1265 3371 φανερώτατα]
1284 3300 1340 3352 irlar
1358 3300 1411 3352 und
1431 3302 1465 3352 im
1484 3301 1561 3352 hoch-

205 3397 264 3444 sten
284 3390 369 3444 Grade
387 3389 504 3441 offenbar
579 3389 679 3441 ,ιλ-10
697 3387 907 3455 εῖναι-δύναται]
927 3387 985 3438 Wir
1002 3386 1090 3457 finden
1109 3389 1233 3440 manohes
1252 3388 1359 3451 Thiar,
1377 3382 1561 3440 welches'eine

204 3480 250 3531 der
268 3478 358 3530 Kriite
376 3477 421 3528 der
436 3476 508 3528 Seele
527 3477 629 3540 herirat,
648 3477 708 3529 aber
726 3476 768 3529 dio
787 3475 900 3528 anderen
913 3474 1080 3542 Wirirungen
1097 3474 1232 3528 derselben
1249 3475 1323 3527 nieht
1341 3475 1485 3543 gleiohialls
1503 3491 1561 3527 aus·

204 3567 275 3619 riben
293 3565 364 3617 kann
472 3564 501 3615 ll
531 3561 786 3634 καίτοι-ἐνέργειαι]
807 3562 906 3615 obwohi
926 3562 968 3613 die
987 3562 1121 3614 Zustinde
1140 3561 1356 3631 (tiegenstr'ande)‚
1378 3563 1456 3614 deren
1475 3578 1503 3615 es
1520 3562 1563 3614 irir

204 3654 247 3706 die
264 3653 429 3719 Wirkungen
449 3651 552 3716 bedorf,
575 3652 617 3702 die
635 3667 695 3702 man
714 3651 793 3702 durch
810 3649 871 3718 jene
890 3649 981 3700 Krafte
999 3648 1107 3714 ausibt,
1130 3649 1281 3702 rorhanden
1299 3648 1358 3701 sind
1468 3650 1498 3701 12
1526 3648 1558 3701 δι’

205 3737 361 3807 -ἀπορίαν]
385 3755 474 3807 wegen
493 3738 538 3790 des
556 3736 673 3803 itarrgels
697 3751 730 3787 an
750 3735 871 3804 Organen
981 3734 1041 3805 μὴ]
1065 3738 1093 3789 in
1112 3737 1326 3804 interpretatione
1350 3737 1454 3790 arabica
1473 3738 1561 3789 deesse

202 3832 278 3880 notat
297 3829 431 3891 Hebraeus
543 3826 575 3877 13
594 3822 687 3893 μάτην]
706 3823 830 3876 zweeidos
849 3824 972 3876 inhaltios
1043 3824 1046 3830 '
1076 3824 1106 3877 15
1125 3825 1231 3895 ἐνεργεῖν
1249 3826 1293 3875 καὶ
1310 3822 1398 3891 αὐτας]
1413 3823 1475 3892 jene
1494 3825 1561 3875 Wir-

204 3916 311 3983 kungen
333 3915 484 3967 auezuriben
601 3911 645 3971 Ιδι’
666 3911 770 3981 ἀπορίαν
794 3910 919 3983 ὀργάνων]
945 3911 1058 3963 dadurc-lr
1082 3912 1142 3963 dass
1164 3912 1202 3964 sie
1226 3911 1341 3964 entzieht
1363 3911 1418 3963 und
1440 3910 1561 3978 mangeln

204 4002 270 4053 lissi
288 4001 330 4053 die
351 4001 453 4070 Organa
577 3997 713 4071 κωλύεται]
735 3998 818 4050 addit:
840 4000 881 4051 bei
901 3999 1007 4066 einigen
1025 4013 1076 4051 von
1094 4000 1174 4052 ihnen
1301 4000 1332 4050 16
1360 4005 1412 4050 τῶν
1430 3998 1561 4070 τυχόντων

204 4088 292 4158 ζῴων]
313 4090 369 4142 dem
389 4089 541 4157 geringsten
559 4089 604 4139 der
623 4088 716 4139 Thiere
790 4085 821 4137 18
840 4085 910 4138 οὐδὲν
929 4085 1013 4138 διοίσει
1027 4085 1109 4155 ..ἥδε
1126 4087 1142 4156 ν]
1162 4084 1232 4154 δόξα]
1252 4086 1322 4138 diese
1341 4086 1453 4138 Ansieht
1471 4085 1561 4137 wider·

205 4178 304 4244 sprieht
323 4177 396 4228 nicht
416 4174 472 4243 [der
491 4173 614 4242 Ansicht]

205 4382 331 4434 ἓοίύνται
349 4383 372 4434 V
479 4381 595 4446 3,,ττύσα
613 4384 657 4434 καὶ
674 4382 729 4434 τίνα
749 4382 812 4452 μέρη
833 4384 879 4451 τῆς
897 4381 1005 4455 *idme-‘⁴
1043 4381 1183 4434 ἀκόλουθον
1201 4382 1227 4459 δὲ
1246 4384 1281 4435 V:
1301 4380 1486 4453 πόσα-ψυχῆς
1504 4383 1563 4447 post

204 4471 362 4539 γεννωμένην
381 4468 482 4536 (rope)
502 4471 640 4522 inserita:
665 4471 727 4522 Post
744 4468 923 4538 δεδηλώκαμεν
947 4471 974 4521 in
994 4470 1208 4537 interpretatione
1225 4471 1347 4523 hebraica
1370 4470 1451 4521 maior
1469 4467 1561 4519 incisio

205 4560 218 4609 r
248 4559 379 4626 ιμριτωι
394 4558 550 4628 ..τεράτων
570 4558 609 4609 ra
720 4556 735 4607 e
763 4558 845 4625 μάτην
862 4541 979 4609 ωπον
1088 4558 1142 4626 τρε
1159 4557 1248 4611 aaran
1267 4558 1300 4610 er.
1319 4558 1366 4608 int.
1385 4556 1456 4609 reor.

207 4646 238 4698 lo
256 4646 334 4710 κατὰ]
353 4646 439 4698 Arabs
457 4646 500 4697 καλ
519 4645 612 4714 legisse
631 4645 733 4698 ridetur
803 4643 924 4713 ἐνεργείας
943 4644 1085 4697 insiticium
1105 4645 1207 4697 videtur
1280 4643 1309 4695 12
1333 4643 1438 4711 ἀπορίαν
1457 4657 1506 4694 om.
1525 4642 1560 4693 m¹

130 4770 136 4783 .
205 4732 423 4807 ανετιτηδειάτητα
441 4731 457 4802 ἠ
472 4732 576 4804 ἀπορίαν
594 4731 632 4785 m²
650 4734 679 4785 in
697 4748 748 4801 mg.
768 4732 907 4798 adscripsit
926 4733 960 4782 V:
979 4747 1029 4783 onr.
1048 4747 1064 4784 a
1083 4731 1116 4784 ci.
1133 4731 1218 4785 Praei.
1294 4732 1325 4784 13
1343 4736 1403 4783 ante
1421 4729 1449 4782 τὸ
1468 4728 1573 4797 paulu·'

205 4821 256 4871 lino
276 4835 378 4897 erasnm
399 4822 420 4873 λ’
514 4822 549 4889 μά
567 4820 653 4890 τὴν]
754 4819 785 4872 15
803 4821 847 4871 aori
865 4818 953 4886 αύτδς]
972 4820 1004 4871 ci.
1023 4819 1136 4886 p.25,i:'›
1154 4825 1180 4871 et
1199 4818 1254 4871 lnd.
1354 4817 1384 4870 17
1403 4816 1561 4886 δργανιιιῶιι

209 4906 470 4976 ffindpffiffl
