3540 5610
654 292 710 365 [ου
733 297 844 350 ιιιιιιι
867 295 969 351 ιιιωιι
992 296 1116 368 sissi]
1501 302 1562 366 173

259 473 309 558 ἐφ’
337 474 447 559 ἑαυτῷ.
492 471 554 535 ἔστι
585 472 638 556 γὰρ
665 471 698 534 τὸ
726 468 773 554 ἐφ’
801 469 880 554 αὑτῷ
908 470 941 533 τὸ
969 471 1039 533 αὐτὸ
1065 468 1133 555 (τῷ)
1162 471 1257 555 ἀρχήν
1284 495 1316 535 τε
1342 473 1389 535 καί
1417 471 1506 535 αἰτιον

258 578 411 659 ποιητικὸν
438 576 511 639 εἷναι
536 575 657 642 τούτων,
684 573 706 635 ἅ
725 596 819 656 φαμεν
847 573 919 636 εἶναι
948 571 995 657 ἐφ’
1023 573 1113 657 αύτῷ.
1158 571 1220 638 ἔστι
1247 575 1279 637 δὲ
1305 574 1338 636 τὸ
1365 573 1412 659 ἐφ’
1440 575 1509 657 ἡμῖν

258 679 290 740 ἐν
313 680 436 752 τούτοις,
465 679 530 763 περὶ
557 677 575 739 ἃ
598 679 645 740 καὶ
673 678 705 739 τὸ
734 676 933 760 βουλεύεσθαι.
978 676 1179 760 βουλευόμεθα
1207 678 1239 740 δὲ
1266 675 1333 740 οὔτε
1359 677 1424 760 περὶ
1450 681 1507 739 τῶν

256 780 419 862 γεγονότων
442 780 509 844 οὔτε
531 781 596 864 περὶ
619 784 677 842 τῶν
700 777 791 841 ὄντων
814 777 883 862 ἤδη,
911 778 985 840 ἀλλὰ
1008 780 1073 861 περὶ
1096 785 1153 842 τῶν
1177 778 1340 863 μελλόντων
1363 779 1410 841 καί
1434 778 1508 841 ἐνδε-

227 885 394 969 εχομένων
416 883 551 966 γενέσθαι
573 884 621 945 καὶ
645 882 684 965 μὴ
707 881 852 964 γενέσθαι,
875 882 922 943 καὶ
946 882 986 942 ὧν
1010 882 1084 944 αἰτία
1107 883 1227 945 διάνοια.
1272 886 1362 945 ταῦτα
1382 881 1436 965 γὰρ
1460 881 1508 944 οἶά

258 1011 291 1050 τε
322 986 371 1071 ὑφ’
400 988 485 1069 ἡμῶν
517 985 687 1070 πραχθῆναί
711 1007 742 1046 τε
769 984 817 1045 καὶ
845 982 895 1064 μή.
940 983 970 1045 ἐν
998 984 1110 1052 τούτοις
1136 983 1192 1068 ἄρα
1218 986 1266 1047 καὶ
1292 985 1325 1046 τὸ
1353 983 1400 1068 ἐφ’
1428 986 1549 1067 imissa

257 1088 408 1152 καὶέστιν
432 1089 510 1173 ἁρχὴ
533 1090 580 1151 καὶ
603 1089 679 1151 αἰτία
707 1092 764 1150 τῶν
788 1084 823 1150 δι’
848 1086 935 1149 αὐτοῦ
963 1088 1167 1171 πραττομένων
1190 1085 1394 1171 ὁᾶνθρωπος,
1424 1091 1508 1150 τοῦτο

260 1192 340 1276 παρὰ
362 1198 416 1275 τῆς
438 1192 555 1274 φύσεως
577 1190 719 1273 ἐξαίρετον
735 1187 814 1274 ἔχων
837 1188 915 1272 παρὰ
937 1189 973 1251 τὰ
995 1187 1069 1253 ἄλλα
1091 1192 1184 1253 πάντα
1206 1190 1241 1252 τὰ
1262 1189 1414 1274 γιγνύμενα
1436 1191 1507 1274 πρὸς

257 1297 359 1379 αὐτῆς,
384 1295 429 1358 ὅτι
452 1295 499 1357 καί
523 1293 609 1376 μόνον
631 1293 745 1376 λογικύν
768 1293 829 1355 ἐστι
845 1291 930 1375 φύσει
952 1294 999 1355 καὶ
1023 1292 1218 1378 βουλευτικόν.
1262 1295 1295 1356 τὸ
1318 1293 1372 1377 γὰρ
1393 1294 1507 1375 λογικὸν

215 1415 242 1458 ιο
256 1399 288 1460 ἐν
312 1399 408 1482 τούτῳ
431 1398 463 1460 τὸ
486 1396 560 1460 εἶναι
582 1394 655 1481 ἔχει.
701 1396 727 1457 εἰ
749 1395 781 1456 δὲ
804 1395 883 1478 ἀρχὴ
908 1395 959 1477 μὲν
982 1395 1001 1476 ἡ
1026 1395 1100 1457 αἰτία
1115 1396 1234 1470 τούτων,
1259 1398 1299 1458 ὧν
1322 1397 1398 1459 ἐστιν
1422 1396 1507 1468 αἰτία,

257 1504 273 1564 i
297 1502 331 1564 δὲ
353 1499 510 1584 ἅνθρωπος
540 1499 619 1584 ἀρχὴ
642 1503 700 1562 τῶν
723 1498 926 1579 πραττομένων
955 1495 1003 1559 ὑπ’
1031 1497 1129 1571 αὐτοῦ,
1156 1500 1204 1561 καὶ
1230 1499 1320 1568 αἴτιος
1341 1499 1450 1561 τούτων
1473 1497 1508 1560 ἂν

257 1602 315 1687 εἴη.
361 1602 444 1687 είπερ
473 1600 523 1665 ούν
551 1603 646 1686 ἀρχὴν
676 1601 771 1685 ἀρχῆς
805 1603 899 1690 ζητεῖν
926 1623 957 1662 τε
984 1601 1032 1663 καὶ
1059 1600 1150 1683 λέγειν
1178 1600 1285 1664 οῖτοπον
1312 1602 1362 1683 (ού
1390 1601 1443 1686 γὰρ
1466 1600 1509 1664 ἔτι

257 1708 361 1775 ἁπλῶς
384 1707 463 1791 ἁρχὴ
492 1709 587 1778 τοῦτο,
620 1703 654 1767 ού
681 1702 759 1765 ἐστιν
786 1701 865 1787 ἀρχή
888 1726 930 1770 τις
956 1703 1055 1786 ἄλλη),
1089 1702 1150 1766 οὐδ’
1179 1703 1213 1766 ἂν
1241 1709 1292 1788 τῆς
1315 1705 1510 1788 προαιρέσεως
1523 1722 1550 1762 ετ

258 1811 307 1871 καὶ
331 1814 384 1892 τῆς
407 1808 575 1892 βουλησειύς
597 1830 628 1869 τε
654 1806 702 1868 καί
724 1808 841 1868 τοιᾶσδε
862 1806 986 1889 κρίσεως
1014 1810 1065 1868 τοῦ
1087 1830 1119 1868 τε
1142 1807 1300 1890 ἀνθρώπου
1324 1808 1413 1871 αἴτιον
1437 1808 1507 1871 ἄλλο

214 1928 241 1972 15
257 1935 284 1974 τι
314 1914 464 1994 ποιητικὸν
492 1909 797 1994 προκαταβεβλημένον
825 1908 871 1990 είη
899 1909 948 1990 (οὐ
975 1908 1030 1993 γὰρ
1058 1908 1092 1971 ἂν
1120 1908 1162 1971 ἔτι
1190 1911 1267 1994 ἀρχὴ
1297 1910 1401 1992 μένοι),
1436 1912 1509 1974 ἀλλὰ

256 2019 317 2077 τῶν
341 2014 393 2096 μὲν
418 2012 620 2097 πραττομένων
644 2009 694 2095 ὑφ’
722 2012 810 2073 αὑτοῦ
833 2011 918 2079 αὐτὸς
940 2010 1030 2079 αίτιος
1052 2013 1099 2074 καὶ
1126 2013 1144 2094 η
1168 2013 1259 2097 κρίσις
1284 2036 1315 2076 τε
1343 2015 1390 2076 καί
1413 2015 1509 2097 προαί-

257 2139 337 2203 ρεσις
359 2118 407 2180 καὶ
429 2118 448 2199 η
471 2116 607 2199 ποιητικὴ
631 2114 740 2176 τούτων
763 2114 849 2184 αἰτία,
872 2114 967 2176 αὐτῶν
997 2114 1028 2175 δέ
1051 2113 1168 2176 ἐκείνων
1192 2115 1286 2178 οὐκέτι
1310 2113 1381 2177 ἄλλο
1403 2140 1440 2178 τι.
1484 2118 1510 2179 εἰ

257 2221 316 2304 γὰρ
339 2221 418 2304 ἀρχὴ
443 2219 494 2298 μὲν
517 2223 616 2285 ταῦτα,
645 2216 698 2279 ούκ
720 2214 795 2281 ἔστιν
819 2218 851 2279 δὲ
873 2222 925 2300 τῆς
952 2217 1057 2300 κυρίως
1079 2217 1236 2302 λεγομένης
1259 2219 1354 2302 ἀρχῆς
1375 2218 1455 2303 ἀρχή
1479 2243 1510 2282 τε

256 2324 306 2386 καὶ
329 2321 420 2385 αἴτιον
447 2321 512 2402 (τοῦ
537 2320 665 2404 μὲνγὰρ
688 2319 760 2383 εἶναι
788 2321 835 2382 καὶ
857 2319 992 2402 γενέσθαι
1018 2321 1066 2382 τὸν
1095 2318 1248 2404 ἄνθρωπόν
1271 2321 1335 2383 ἐστί
1354 2345 1396 2390 τις
1418 2322 1508 2406 ἀρχή,

213 2442 247 2486 20
260 2431 313 2488 τοῦ
336 2427 369 2487 ῖιὲ
391 2425 460 2487 τάδε
482 2423 502 2506 ᾖ
524 2425 594 2485 τάδε
616 2425 818 2507 προαιρεῖσθαι
841 2421 885 2491 ού,
913 2422 960 2484 καὶ
982 2426 1066 2485 τοῦτο
1088 2422 1142 2507 γὰρ
1166 2422 1238 2486 εἶναι
1260 2423 1404 2486 τουτέστιν
1427 2425 1506 2509 αὐτῷ
1521 2442 1549 2482 ιιυ

256 2532 290 2591 τὸ
308 2529 361 2611 τὴν
376 2527 490 2589 τοιάνδε
505 2523 584 2610 ἔχειν
605 2525 723 2607 δύναμιν
739 2526 769 2588 ἐν
792 2525 889 2611 αὐτῷ)
904 2524 935 2604 †.
973 2526 1002 2587 τί
1021 2524 1075 2608 γὰρ
1098 2524 1140 2587 έτι
1163 2528 1210 2588 καὶ
1232 2528 1378 2609 χρήσιμον
1401 2527 1435 2590 ἄν
1458 2527 1505 2613 εἴη

258 2633 294 2694 τὸ
318 2629 518 2715 βουλεύεσθαι,
544 2629 570 2690 εἰ
585 2627 896 2712 προκαταβεβλημένας
910 2625 1029 2712 ἔχοιμεν
1045 2633 1103 2690 τῶν
1119 2628 1323 2713 πραττομένων
1339 2630 1389 2699 τὰς
1405 2631 1510 2700 αἰτίας;

258 2741 324 2802 πῶς
347 2731 373 2795 δ’
401 2731 435 2795 ἂν
458 2729 501 2794 ἔτι
522 2736 580 2793 τῶν
603 2729 698 2792 ἄλλων
722 2728 808 2815 ζῴων
835 2733 1006 2814 τιμιώτερον
1034 2728 1188 2813 ἅνθρωπος
1215 2728 1260 2815 είη
1284 2731 1436 2816 ἀχρήστου
1459 2739 1508 2797 τοῦ

260 2834 454 2919 βουλεύεσθαι
469 2833 621 2918 μανέντος;
644 2832 791 2917 ἄχρηστον
814 2832 856 2901 δέ,
879 2833 905 2895 εἰ
928 2834 968 2916 μὴ
992 2830 1040 2916 ἐφ’
1062 2834 1130 2914 ἡμῖν
1153 2833 1199 2918 εἰη
1222 2834 1305 2897 τὸέκ
1327 2840 1379 2918 τῆς
1402 2837 1508 2920 βουλῇς

213 2958 245 3002 25
261 2938 416 3024 προκρῖναί
440 2961 467 2999 τι
494 2936 542 2998 καὶ
569 2937 602 2998 τὸ
635 2935 790 3018 προκριθὲν
823 2935 952 2998 ἑλέσθαι.
996 2938 1028 2996 τὸ
1057 2935 1109 3016 μὲν
1135 2936 1189 3020 γὰρ
1215 2937 1308 3020 λέγειν
1338 2939 1429 3001 αἰτίαν
1456 2941 1508 3022 τὴν

256 3042 416 3129 φαντασίαν
443 3045 493 3102 τοῦ
522 3037 711 3122 βουλεύεσθαι
738 3038 802 3121 περὶ
830 3042 880 3100 τοῦ
911 3037 1048 3122 φανέντος
1076 3039 1158 3101 οὐδὲν
1185 3037 1307 3111 ἄτοπον,
1341 3043 1374 3104 τὸ
1402 3042 1434 3104 δὲ
1461 3042 1507 3104 καὶ
1522 3058 1549 3099 ιιι

256 3150 310 3210 τού
333 3146 468 3229 πράττειν
491 3140 556 3204 τύόε
578 3165 605 3203 τι
629 3141 669 3223 μὴ
692 3140 744 3222 τὴν
769 3139 883 3224 βουλήν,
907 3139 981 3203 ἀλλὰ
1004 3141 1055 3223 τἠν
1078 3142 1234 3223 φαντασίαν
1261 3144 1409 3206 αἰτιᾶσθαι
1433 3145 1509 3207 οἰναι-

258 3254 321 3334 ρεῖν
345 3247 406 3309 ἐστι
428 3246 480 3328 τὴν
505 3243 624 3328 βουλήν,
646 3244 682 3326 ῆν
698 3265 729 3305 τε
751 3239 859 3326 ἔχομεν
884 3245 924 3310 ὡς
946 3241 1035 3326 ούσης
1057 3245 1132 3312 τινὸς
1154 3245 1206 3327 τὴν
1230 3246 1385 3328 φαντασίαν
1408 3247 1509 3310 αἰτίαν.

257 3351 330 3414 ὥστ’
359 3350 385 3413 εἰ
406 3353 457 3411 τοῦ
486 3347 537 3429 μὲν
565 3345 756 3431 βουλεύεσθαι
782 3346 815 3407 τὸ
841 3345 928 3428 φανὲν
956 3344 1061 3419 αἴτιον,
1088 3351 1141 3429 τῆς
1167 3347 1199 3408 δὲ
1222 3347 1342 3431 κρίσεως
1364 3371 1383 3430 η
1407 3349 1510 3432 βουλή,

220 3460 318 3536 ῑιιτῇς
340 3453 373 3516 δὲ
395 3452 489 3535 ὁρμῆς
515 3450 534 3531 ἡ
562 3448 662 3533 κρίσις,
696 3471 715 3531 η
743 3448 775 3509 &a
797 3447 873 3531 ύρμῖη
898 3452 954 3510 τῶν
983 3447 1196 3532 πραττομένων,
1230 3449 1312 3512 οὐδὲν
1339 3450 1370 3512 ἐν
1398 3452 1509 3520 τούτοις

261 3559 340 3621 ἐστὶν
364 3553 499 3617 ἀναίτιον.
543 3553 642 3635 ὥσπερ
666 3551 698 3613 δὲ
720 3552 752 3613 τὸ
768 3550 959 3634 βουλεύεσθαι
978 3555 1029 3613 τοῦ
1052 3549 1100 3633 ἐφ’
1121 3551 1191 3633 ημῖν
1214 3550 1287 3614 εἰναί
1307 3577 1333 3615 τι
1356 3554 1508 3626 ὃεικτικύν,

257 3662 353 3727 ούτως
376 3659 424 3720 καὶ
447 3657 479 3719 τὸ
503 3655 724 3737 μεταγινώσκειν
747 3652 794 3713 ἐπὶ
818 3654 991 3738 πραχθεῖσίν
1014 3674 1085 3715 τισιν
1101 3655 1148 3716 καὶ
1164 3654 1268 3724 αύτούς
1283 3657 1331 3719 καί
1346 3657 1398 3739 τὴν
1414 3657 1509 3719 αὑτῶν

255 3765 370 3846 αἰρεσιν
403 3760 564 3822 αἰτιᾶσθαι·
604 3755 756 3840 μαρτύριον
783 3754 837 3838 γὰρ
864 3781 882 3839 η
911 3756 1029 3839 τοιαύτη
1063 3756 1141 3818 αἰτία
1167 3760 1218 3818 τοῦ
1247 3758 1293 3819 καὶ
1327 3763 1377 3822 τοῦ
1405 3759 1510 3843 πρᾶξαι

256 3865 324 3928 τύτε
348 3864 379 3925 τὸ
403 3860 601 3945 πεπραγμένον
627 3860 706 3940 ἡμᾶς
732 3860 784 3941 τὴν
808 3858 898 3920 αἰτίαν
922 3857 1011 3943 ἔχειν,
1041 3859 1074 3920 το
1096 3860 1128 3920 δὲ
1151 3857 1221 3920 ἄλλο
1246 3882 1271 3920 τι
1299 3864 1392 3943 ζητεῖν
1415 3861 1505 3925 αῖτιον
1520 3879 1549 3922 so

213 3985 241 4028 κο
255 3971 307 4029 τοῦ
335 3965 402 4028 :ritis
425 3989 450 4027 τι
478 3964 510 4025 ἐκ
538 3969 590 4046 της
616 3962 723 4046 βουλῆς
755 3965 905 4045 προκρῖναι
932 3962 1043 4024 ἀνελεῖν
1070 3961 1130 4024 ἐστι
1157 3962 1209 4044 τὴν
1237 3962 1353 4045 βουλήν.
1398 3965 1507 4050 τὸγὰρ

204 4189 272 4242 1-2
291 4189 339 4257 γὰρ
357 4187 388 4239 τὸ
408 4187 538 4255 usquead
558 4183 599 4253 ἐφ’
620 4185 691 4255 αύτῷ
709 4185 760 4238 ἔστι
779 4203 828 4239 om.
841 4185 877 4239 Ca
964 4184 993 4237 τὸ
1006 4184 1068 4237 αὐτὸ
1084 4189 1121 4255 τῷ
1135 4187 1239 4254 scripsi:
1259 4185 1288 4238 τὸ
1306 4186 1367 4240 αύτὸ
1386 4191 1432 4252 m¹‚
1450 4193 1487 4260 τῷ
1501 4191 1562 4243 αὐτὸ

201 4279 272 4330 m²V
383 4274 399 4325 5
427 4272 539 4343 γενέσθαι
557 4274 600 4325 καὶ
618 4273 664 4337 m²‚
682 4274 724 4326 καί
744 4274 825 4326 m¹V:
845 4273 888 4324 καὶ
907 4273 943 4325 Ga
1052 4273 1081 4324 14
1110 4277 1155 4325 τοῦ
1173 4291 1201 4324 τε
1219 4272 1366 4345 ἀνθρώπου]
1392 4276 1424 4329 ci.
1442 4294 1466 4329 υ.
1483 4279 1513 4330 16
1538 4287 1564 4332 ot

201 4383 227 4434 ρ.
244 4364 336 4428 1Ί4,θι
363 4362 381 4431 η
405 4361 483 4431 βουλὴ
505 4361 549 4412 καί
574 4361 591 4430 η
615 4363 753 4433 προαίρεσις
774 4363 819 4413 καλ
846 4361 862 4430 ἡ
884 4360 962 4430 κρίσις
985 4361 1029 4412 καὶ
1054 4359 1067 4413 θ
1092 4359 1225 4429 ἅνθρωπος
1247 4365 1293 4431 τῆς
1310 4362 1564 4437 τοιαύτηςπροίξεως

201 4452 280 4510 αἰτιυς
400 4447 490 4517 αἰτιον]
509 4448 565 4500 scil.
584 4453 637 4499 τῶν
655 4450 835 4518 πραττομένων
950 4448 985 4500 20
1003 4447 1085 4518 αύτῷ]
1104 4448 1211 4501 fortasse
1230 4448 1290 4501 αὐτὸ
1409 4452 1439 4503 ‘21
1462 4459 1520 4521 post
1539 4454 1564 4506 ἐν

202 4540 275 4608 αύτῷ
293 4537 416 4604 εμυιίοείε
435 4537 564 4588 excidisse
584 4536 685 4588 videtur
807 4535 898 4609 ἔχειίλ
1021 4536 1053 4587 27
1073 4536 1166 4607 ἀνερεῖν
1186 4536 1222 4588 Οτι
1345 4537 1379 4589 ’28
1397 4538 1443 4608 τὴν
1463 4539 1564 4610 βουλήν,

203 4627 235 4696 ἦν
253 4621 422 4690 ’.τ-αἰτίαν]
445 4624 463 4674 i.
480 4639 502 4674 e.
520 4622 567 4691 τὴν
591 4623 683 4693 βουλὴν
706 4623 752 4694 τήν
774 4642 802 4675 τι
824 4623 917 4686 αἰτίαν,
940 4622 971 4692 ἢν
995 4621 1030 4680 ὡς
1054 4620 1129 4692 υύσης
1151 4623 1217 4680 τινὸς
1240 4625 1309 4687 (scil.
1327 4630 1374 4696 τῆς
1393 4626 1495 4696 βουλῆς)
1518 4629 1564 4698 τὴν

203 4712 341 4782 ηαντασίαν
360 4711 450 4783 ἔχομεν
470 4711 530 4773 (liae
548 4722 585 4759 ese
603 4712 701 4774 ιοίἰινα)
725 4711 849 4761 consilium
867 4711 1008 4775 consiliique
1027 4729 1126 4759 causam
1151 4712 1174 4760 ιἰι
1190 4713 1325 4779 phantasia
1347 4715 1449 4778 positam

205 4803 235 4853 31
256 4800 286 4852 τὸ
305 4800 339 4850 V:
360 4804 403 4851 τοῦ
422 4799 459 4850 (ἀ
564 4798 598 4850 32
615 4797 645 4850 τὸ
663 4798 752 4852 σκιαί)
857 4813 918 4851 τισιν
938 4798 987 4848 Va:
1007 4797 1090 4855 αὐτοῖς
1108 4800 1127 4850 0
1233 4800 1266 4852 33
1285 4805 1329 4852 τοῦ
1348 4800 1439 4874 πρᾶξαι
1459 4803 1563 4871 scripsi:

209 4907 266 4976 τὰς)
284 4904 375 4979 πρᾶξαι
393 4905 431 4958 sic
449 4903 506 4973 (io
523 4905 551 4957 in
571 4902 621 4971 iit.)
640 4903 675 4954 V:
693 4900 723 4956 τὸ
740 4900 830 4977 πρᾶξαι
849 4902 885 4956 (ἴα
