3548 5604
709 271 849 330 BlBAlON
868 272 998 333 ΤΡΙΤΟΝ
1016 277 1085 331 3-5
1534 276 1575 342 87

268 600 323 665 lv.
367 598 443 670 Πῶς
466 599 546 685 ούχλ
568 602 624 664 καλ
646 603 666 684 ἡ
689 601 864 685 πρόσοδος
884 605 944 665 τού
967 603 1071 685 ἡλίου
1093 603 1150 666 καί
1173 605 1193 686 ἡ
1216 602 1347 687 ἄφοδος
1369 601 1502 685 δμοίως
1525 606 1576 663 134

268 703 362 766 αἰτία
383 701 555 784 γενέσεως
577 704 633 766 καὶ
656 703 800 787 φθοράς.
846 705 865 787 ἡ
888 702 949 786 γὰρ
972 702 1080 766 άλλου
1103 702 1238 786 γένεσις
1260 704 1369 768 άλλου
1392 703 1518 788 φθορά

161 930 167 933 ,
354 869 391 936 El
417 871 584 954 προσιόντος
615 874 668 954 μὲν
699 871 845 956 ἐγγυτέρω
875 876 926 935 τοῦ
953 873 1036 956 ἡλίου
1063 873 1173 955 γένεσίς
1201 873 1294 950 ἐστιν,
1326 872 1460 941 ἀπιόντος
1490 872 1524 935 δέ
1550 886 1564 929 υ

268 971 370 1057 πόρρω
392 973 500 1058 φθορά,
523 971 600 1037 ἔστιν
623 973 649 1037 δ’
670 976 689 1058 ἡ
712 972 803 1037 άλλου
825 973 935 1056 γένεσις
956 973 1047 1038 άλλου
1067 975 1175 1058 φθορά,
1198 975 1246 1038 καὶ
1270 975 1289 1057 ἡ
1312 973 1402 1038 ἄλλου
1424 975 1523 1059 φθορά

233 1095 248 1143 5
267 1073 376 1156 γένεσις
397 1074 498 1149 αλλου,
521 1080 584 1144 πῶς
606 1075 663 1160 οὐχ
686 1077 746 1157 ἅμα
769 1076 818 1139 καί
832 1073 946 1159 φθορᾶς
969 1076 1016 1138 καὶ
1031 1075 1174 1157 γενέσεως
1195 1075 1285 1145 αἴτιός
1307 1076 1369 1140 ἐστι
1390 1079 1438 1139 καὶ
1454 1082 1532 1160 προ·’

229 1258 232 1263 ¹
265 1179 336 1241 σιὼν
359 1176 407 1240 καλ
428 1175 538 1251 άπιιύν,
561 1175 642 1260 εἴγε
665 1178 781 1241 δεῖκαὶ
802 1177 839 1240 τά
860 1175 995 1261 γινόμενα
1018 1176 1048 1246 ἐξ
1071 1175 1167 1239 ἄλλων
1190 1181 1274 1241 τινῶν
1296 1178 1426 1260 γίνεσθαι
1448 1177 1520 1262 φθο-
1535 1192 1562 1234 1⁰

267 1282 329 1362 ρᾶς,
351 1281 399 1341 καλ
421 1277 457 1341 τά
479 1277 658 1362 φθειρόμενα
679 1278 720 1347 είς
742 1277 840 1341 αλλων
862 1277 972 1362 γένεσιν
996 1279 1201 1362 μεταβάλλειν;
1223 1279 1300 1342 ούτω
1324 1276 1349 1341 δ’
1378 1278 1462 1342 οὐδέν
1484 1277 1520 1341 ἀν

268 1377 311 1443 ἔτι
325 1378 456 1463 διαφέροι
472 1382 490 1463 ἡ
506 1379 650 1463 πρόσοδος
664 1379 754 1443 αὐτοῦ
769 1385 821 1463 τῆς
836 1379 959 1465 ἀφόδου.
994 1379 1040 1464 (ἡ)
1056 1380 1081 1442 εί
1096 1386 1155 1443 τῶν
1169 1380 1326 1464 γινομένων
1341 1379 1378 1442 τά
1394 1379 1445 1463 μέν
1460 1379 1522 1443 ἐστι

268 1482 485 1566 προηγούμενα,
513 1480 548 1544 τὰ
571 1483 604 1544 δὲ
626 1482 747 1564 δεύτερα
773 1483 904 1550 καὶτοῖς
930 1482 1158 1566 προηγουμένως
1179 1482 1336 1564 γινομένοις
1359 1481 1521 1556 ὑπεναντία,
1536 1498 1563 1541 ιε

217 1603 247 1650 ιο
266 1581 312 1667 είη
335 1582 370 1646 ἀν
393 1584 481 1667 ἡμὲν
497 1588 555 1647 τῶν
571 1582 798 1667 προηγουμένων
820 1582 930 1666 γένεσις
951 1583 1068 1664 κυρίως,
1090 1581 1244 1666 ᾖγίνεται,
1266 1580 1435 1666 προσιόντος
1456 1583 1521 1647 ἑκά·

267 1706 344 1754 στοις
366 1689 416 1748 τού
432 1684 516 1767 ἡλίου
538 1683 602 1766 (καὶ
624 1685 686 1748 ἐπεὶ
708 1687 728 1768 ἡ
751 1689 838 1748 τινῶν
853 1682 962 1766 γένεσις
986 1684 1084 1748 ἄλλων
1106 1684 1167 1748 ἐστί
1182 1684 1292 1769 φθορά,
1314 1682 1360 1768 εἴη
1383 1682 1418 1746 ἀν
1440 1684 1521 1768 φθει-

266 1786 374 1871 ρόμενα
400 1786 437 1849 τά
462 1785 588 1870 [φθορᾷ]
615 1790 674 1855 τοῖς
700 1786 927 1871 προηγουμένως
952 1784 1111 1869 γινομένοις
1138 1785 1281 1868 ἐναντία),
1314 1787 1334 1869 ἡ
1362 1787 1395 1850 δὲ
1421 1784 1520 1870 φθορά
1533 1802 1563 1844 σο

184 1922 187 1928 ·
266 1894 325 1952 τῶν
348 1886 589 1972 προηγουμένων,
617 1887 680 1970 ἥτις
702 1888 750 1951 καὶ
773 1888 880 1971 κυρίως
901 1888 1014 1972 φθορά,
1041 1887 1153 1969 γένεσις
1179 1888 1212 1951 δὲ
1233 1893 1292 1951 τῶν
1314 1887 1425 1956 τούτοις
1447 1889 1521 1951 ἀντι-

265 1990 417 2074 κειμένων,
436 1989 491 2053 ούκ
505 1986 577 2053 ούσα
593 1988 699 2072 κυρίως
712 1988 833 2071 γένεσις,
849 1991 1076 2074 ἀποχωροῦντος
1095 1990 1282 2075 πορρωτέρω,
1305 1989 1331 2053 εί
1345 1990 1420 2053 κατὰ
1434 1989 1520 2074 φύσιν

215 2112 245 2160 15
264 2093 294 2155 αἱ
316 2090 443 2174 γενέσεις
468 2091 589 2173 γίνοιντο
611 2090 660 2153 καὶ
682 2091 804 2175 φθοραί,
833 2091 958 2173 μηδενός
980 2091 1190 2175 άντιβαίνοντός
1215 2093 1316 2156 τεκαὶ
1339 2090 1521 2155 ἀντικόπτον-

266 2217 314 2262 τος
336 2197 394 2257 τῶν
419 2192 423 2280 ]
447 2193 555 2257 αἰτίων.
593 2191 623 2254 ἐν
646 2191 679 2255 δὲ
701 2196 764 2261 ταῖς
786 2193 962 2275 ἀνωμαλίαις
984 2197 1048 2262 ταῖς
1068 2193 1212 2263 τοιαύταις
1234 2192 1354 2276 γίνοιντο
1376 2193 1411 2256 άν
1433 2215 1504 2256 ποτε
1525 2198 1573 2257 Ιόό

265 2297 313 2359 καὶ
335 2293 467 2378 ἔμπαλιν.
504 2294 618 2377 λέγεται
639 2292 694 2377 γάρ
708 2293 819 2376 γένεσις
836 2295 885 2357 καὶ
900 2293 998 2378 φθορά
1020 2294 1128 2379 κυρίως
1150 2294 1198 2358 ἐπὶ
1220 2300 1279 2359 τῶν
1293 2295 1521 2380 προηγουμένως

265 2398 437 2481 γινομένων,
460 2401 551 2461 ταῦτα
573 2395 601 2460 δ’
629 2397 690 2460 ἐστὶ
712 2397 748 2460 τά
771 2396 876 2481 βελτίω
898 2401 956 2459 τῶν
980 2394 1043 2459 κατ’
1072 2396 1217 2460 ἀντίθεσιν
1240 2396 1397 2481 γινομένων
1419 2396 1449 2466 ἀί
1472 2397 1520 2460 ἀλ-
1547 2415 1561 2457 υ

264 2500 372 2582 λη’λων.
403 2500 452 2563 καλ
468 2501 522 2584 γάρ
539 2496 692 2583 [γενέσεις]
708 2499 737 2561 αί
753 2498 863 2561 τούτων
877 2498 1002 2580 γενέσεις
1018 2499 1066 2561 καί
1081 2498 1200 2583 φθοραί,
1216 2497 1274 2584 [αἱ]
1289 2499 1433 2582 γινόμεναι
1447 2501 1523 2565 κατὰ

211 2620 246 2668 20
264 2601 317 2685 τἠν
342 2601 486 2664 ἐνιαύσιον
507 2605 558 2663 τοῦ
581 2600 664 2683 ἡλίου
690 2600 832 2684 περίοδον,
859 2599 1030 2683 προσιόντος
1057 2601 1109 2684 μὲν
1135 2601 1180 2670 οίς
1206 2599 1338 2685 πρόσεισι
1365 2603 1521 2686 προδήλως

263 2705 396 2786 γίνονται,
419 2702 556 2772 ἀπιόντος
578 2703 611 2766 δὲ
632 2702 801 2786 φθείρονται
823 2703 872 2766 καὶ
894 2703 1080 2786 θνήσκουσιν.

261 2940 299 3003 V.
338 2937 411 3006 Ὁτι
433 2940 470 3002 τδ
495 2939 613 3008 άπλίύς
636 2939 670 3008 έί
692 2938 847 3020 ἀνάγκης
868 2938 1029 3020 γίνεσθαι
1051 2943 1107 3002 καὶ
1130 2939 1176 3022 μὴ
1200 2939 1235 3009 έΕ
1258 2939 1462 3011 ὑποθέσεως
1484 2937 1518 3003 έν
1534 2956 1561 2999 ιο

572 3045 647 3110 τοῖς
668 3041 723 3104 ἀεὶ
746 3040 864 3126 κύκλιρ
886 3040 1083 3124 γινομένοις
1105 3041 1210 3105 ἐστίν.

345 3210 388 3276 Ta
411 3213 514 3280 ἁπλῶς
536 3211 566 3280 ἐξ
581 3211 709 3293 ἀνάγκης
731 3210 865 3293 γίνεσθαί
884 3233 945 3275 τινα
963 3209 1169 3297 Ἀριστοτέλης
1191 3196 1327 3280 ἐδίδαξεν.
1339 3212 1371 3275 ἐν
1386 3217 1428 3298 τῷ
1447 3211 1518 3299 Περὶ

208 3334 241 3382 25
260 3313 400 3395 γενέσεως
427 3315 475 3377 καὶ
496 3313 611 3398 φθορᾶς
634 3314 652 3398 β
678 3314 726 3376 ἐπὶ
753 3314 850 3395 μόνων
877 3313 987 3397 ἀληθὲς
1015 3312 1047 3377 δν
1074 3318 1132 3378 τῶν
1160 3314 1258 3399 κύκλῳ
1284 3314 1442 3397 γινομένων
1470 3317 1518 3381 καί
1533 3331 1559 3375 ιε

261 3414 502 3479 ἀκολουθούντων
527 3418 565 3498 τῇ
589 3421 647 3478 τῶν
669 3415 759 3479 θείων
786 3418 932 3499 σωμάτων
958 3418 1112 3499 περιφορᾷ.
1158 3415 1220 3478 ἐπεὶ
1244 3420 1303 3501 γάρΙ
1324 3416 1358 3481 τὸ
1380 3416 1411 3486 ἐξ
1431 3419 1515 3500 ἀνάγ-

260 3539 314 3600 κης
335 3515 368 3580 δν
391 3516 440 3579 ἀεί
459 3516 521 3579 ἐστι
546 3516 595 3599 (τδ
617 3517 672 3602 γὰρ
699 3517 730 3587 ἐξ
757 3518 884 3601 ἀνάγκης
911 3520 963 3581 τού
991 3518 1083 3580 ἀιδίου
1110 3516 1271 3601 δηλωτικόν
1293 3518 1384 3601 ἐστι),
1411 3520 1460 3583 καλ
1487 3519 1517 3589 ἐξ

260 3619 388 3700 ἀνάγκης
415 3615 449 3679 ἀν
475 3617 522 3700 εἴη
551 3617 637 3682 ταῦθ’
665 3618 684 3681 ἃ
712 3618 848 3702 γινόμενα
876 3620 1038 3702 ἀναγκαίως
1065 3642 1097 3682 τε
1123 3619 1173 3682 καὶ
1199 3619 1245 3682 ἀεὶ
1270 3619 1387 3702 γίνεται.
1432 3620 1458 3683 εί
1483 3623 1558 3685 δδεο

258 3720 365 3802 γίνεται
391 3719 427 3781 τά
453 3718 589 3802 γινόμενα
616 3721 701 3784 πάλιν
728 3723 776 3784 καὶ
803 3723 903 3796 πολιν,
933 3725 1023 3785 ταῦτα
1050 3720 1083 3784 δέ
1110 3719 1171 3784 ἐστι
1198 3721 1235 3784 τὰ
1265 3722 1516 3807 άνακυκλούμενα.

206 3840 241 3889 30
258 3818 338 3884 ταῦτ’
366 3818 417 3916 ούφ
440 3820 502 3885 ἐστι
525 3823 572 3884 καὶ
594 3821 729 3904 γινόμενα
752 3821 782 3892 ἐξ
804 3822 940 3906 ἀνάγκης.
987 3824 1030 3887 ότι
1051 3823 1106 3907 γάρ
1129 3822 1220 3906 μηδὲν
1242 3828 1301 3886 τῶν
1323 3821 1370 3887 ἐπ’
1398 3824 1516 3895 εὐθείας

258 3921 417 4005 γινομένων
439 3922 545 4005 (ταῦτα
567 3922 594 3986 δ’
623 3924 684 3990 ἐστὶ
706 3925 743 3988 τά
765 3925 806 4007 μὴ
829 3925 915 3988 πάλιν
937 3926 985 3988 καί
1008 3926 1093 3987 πάλιν
1115 3922 1275 4008 γινόμενα),
1298 3924 1342 3990 ότι
1365 3928 1402 4010 δὴ
1426 3928 1515 4010 μηδὲν

258 4029 316 4088 τῶν
340 4021 344 4108 ]
369 4024 446 4087 ούτω
474 4025 632 4108 γινομένων
659 4027 689 4096 ἐξ
715 4027 843 4109 ἀνάγκης
869 4028 985 4110 γίνεται,
1015 4027 1109 4096 οὕτως
1135 4025 1251 4097 ἔδειξεν.
1296 4032 1354 4091 τῶν
1377 4027 1425 4092 ἀπ’
1452 4028 1497 4093 τύ
1520 4037 1568 4094 166

206 4225 325 4300 θφθορά
343 4231 426 4283 GFSn
443 4229 503 4299 Sp.:
523 4231 590 4301 φορά
607 4234 631 4282 V
731 4229 924 4300 3προσιόντωσ
941 4234 965 4282 V
1059 4234 1190 4300 γενισισλί
1292 4231 1404 4286 θαύτού
1422 4233 1479 4302 Sp.:
1499 4235 1570 4307 αύτῷ

205 4317 264 4370 libri
371 4315 428 4386 ἡιί
448 4319 514 4370 vict.
534 4317 591 4387 Spa
610 4317 632 4371 ιί
651 4316 759 4372 vsn‘n:
778 4318 794 4386 ἡ
814 4319 896 4372 GFB¹
1004 4318 1037 4372 10
1059 4315 1075 4390 ᾗ
1099 4336 1129 4370 ιι
1154 4317 1223 4388 ἡθι
1248 4317 1365 4389 Uict:
1390 4320 1407 4389 ἡ
1431 4321 1490 4390 8ρ.ι
1517 4322 1569 4378 1οτ-

204 4407 274 4456 tum
296 4401 334 4460 οίς
356 4402 442 4471 (ιοΙὴ
466 4403 560 4474 κυρίως
582 4422 606 4475 γ.
625 4404 657 4457 cf.
677 4421 702 4456 ι.
719 4404 761 4470 13)
879 4405 1035 4474 προσιόντωσ
1054 4409 1078 4457 V
1199 4404 1335 4476 11φθορα
1354 4411 1378 4459 V
1487 4408 1519 4463 12
1537 4411 1569 4464 τά

205 4490 275 4543 vict.
288 4489 346 4557 Sp.:
365 4489 398 4542 τά
415 4487 499 4560 φθορα
516 4492 555 4544 sic
574 4495 606 4543 V:
625 4492 658 4544 τά
671 4489 755 4561 φθορὰ
767 4491 814 4545 θαι
833 4493 860 4544 ίν
878 4494 910 4561 τὴ
929 4490 1012 4564 φθορᾶ
1025 4495 1062 4547 G:
1082 4492 1114 4546 τὰ
1132 4491 1249 4563 φθορᾶΒ
1346 4496 1376 4548 16
1395 4494 1486 4564 γίνοιτο
1499 4499 1568 4552 coni.

204 4575 249 4645 Sp.
351 4577 381 4629 19
399 4578 505 4644 γενέσεις
522 4582 550 4630 et
567 4577 592 4630 αλ
610 4577 694 4632 delevi
784 4577 814 4631 21
836 4577 990 4649 φθείρονται]
1010 4598 1025 4631 τ
1044 4581 1072 4630 in
1091 4580 1129 4631 lit.
1149 4584 1173 4632 V
1261 4580 1295 4633 24
1319 4581 1439 4651 ἐδίδαξεν]
1459 4584 1490 4636 de
1507 4599 1567 4652 gen.

204 4669 232 4717 οι
249 4678 314 4716 εστι.
333 4663 367 4727 11,
383 4664 422 4716 10.
436 4662 542 4716 336231
555 4679 612 4734 sqq.
713 4664 745 4720 θ’]
770 4663 799 4719 όν
817 4681 869 4721 om.
886 4665 932 4735 Sp.
1033 4665 1067 4719 28
1090 4665 1161 4719 ταῦθΙ
1182 4668 1198 4719 ἀ
1216 4668 1274 4736 sp.:
1296 4666 1366 4722 ταῦτ’
1386 4670 1402 4722 ά
1421 4673 1468 4722 Sa:
1488 4675 1568 4722 ταῦτα

206 4750 299 4803 VFGB
402 4748 440 4819 δέ]
464 4745 486 4802 δ’
504 4751 543 4807 dcl
566 4749 640 4807 Diolt
926 4751 1007 4806 ’ίκιταί
1024 4771 1079 4805 τινα
1167 4754 1284 4822 γινόμίνα
1305 4756 1343 4808 εἰσ
1362 4760 1385 4806 V
1470 4757 1501 4809 31
1523 4758 1566 4809 καλ

204 4833 278 4888 πάλιν
297 4837 448 4905 ουκεθρ.
554 4833 642 4921 ³2³!
964 4839 1245 4908 -11‚11.338·2sqq.
