3540 5610
682 318 885 377 ALEXANDRI
909 321 953 374 DE
977 318 1086 374 nnlnn
1521 319 1563 383 θῖ)

261 487 370 551 τούτων
394 489 455 571 ἅμα
483 490 535 560 τὰς
560 491 666 575 κρίσεις
689 491 785 575 ἐκείνη
810 496 946 555 ποιεῖται·
980 495 1044 560 πῶς
1066 493 1098 555 δέ
1119 491 1180 556 οίόν
1205 515 1238 555 τε
1265 491 1326 575 ἅμα
1353 493 1386 554 τὸ
1409 491 1511 574 αἰσθη·

260 593 359 675 τήριον
382 595 419 656 τοί
444 617 476 657 τε
502 595 674 679 διαφέροντα
703 594 767 678 εἴδη
793 596 949 680 λαμβάνειν
972 596 1019 657 καί
1041 596 1077 659 τόι
1099 595 1227 671 ἐναντία,
1250 595 1424 680 προείρηται.
1469 598 1508 677 τῇ

260 698 345 778 κοινῇ
369 697 402 759 δέ
424 696 560 787 αἰσθήσει
581 697 673 780 ταύτῃ
696 699 744 760 καὶ
768 698 902 781 ὁρώντων
932 697 1028 760 αὑτῶν
1051 698 1253 782 αἰσθανόμεθα
1275 699 1323 761 καὶ
1347 695 1510 762 ἀκουόντων
1537 690 1577 753 τ’

261 799 311 860 καί
333 797 403 861 καθ’
430 800 554 883 ἑκάστην
577 800 713 884 αἴσθησιν
736 800 965 882 αἰσθανομένων.
1011 801 1027 864 ό
1049 801 1104 885 γὰρ
1127 803 1203 886 όρῶν
1230 801 1398 865 αἰσθάνεται
1420 801 1509 863 αὑτοῦ
1581 843 1594 861 .›

232 899 389 982 ὀόρῶντος
415 904 463 965 καὶ
485 902 600 966 ἀκούων
623 903 788 972 ἀκούοντος.
833 902 866 965 ού
889 902 943 986 γάρ
970 904 1006 987 δὴ
1030 902 1107 987 ἄλλη
1135 905 1188 967 τινὶ
1211 905 1330 987 δυνάμει
1358 902 1436 986 παρὰ
1457 904 1509 986 τἠν

263 1003 391 1089 (κοινὴν)
411 1003 547 1089 αἴσθησιν
569 1005 666 1069 αύτῶν
688 1006 906 1090 αἰσθανομένων
928 1005 1140 1088 αἰσθανόμεθα.
1184 1005 1218 1069 ού
1245 1006 1300 1089 γὰρ
1326 996 1447 1089 ὁρῶμεν
1466 1004 1510 1068 ότι

261 1107 378 1191 ὁρῶμεν
401 1106 471 1171 ούδέ
493 1108 638 1192 ἀκούομεν
665 1108 709 1172 ότι
731 1108 888 1193 ἀκούομεν.
929 1107 1072 1192 οὔτεγὰρ
1100 1110 1133 1172 τό
1159 1109 1229 1193 όράν
1258 1109 1360 1192 όρατὸν
1388 1106 1455 1170 ούτε
1476 1109 1510 1171 τό

264 1209 381 1272 ἀκούειν
404 1209 558 1285 ἀκουστόν,
585 1210 645 1274 ἀλλ’
672 1209 747 1275 ἔστιν
770 1212 843 1295 αὕτη
866 1212 885 1295 ἡ
908 1210 1036 1295 ἐνέργεια
1063 1217 1114 1295 τῆς
1136 1214 1254 1295 πρώτης
1280 1212 1388 1275 τε.καί
1410 1212 1510 1295 κυρίας

262 1312 431 1397 αἰσθήσεως
453 1316 502 1378 καί
523 1318 622 1398 κοινῆς
643 1314 815 1398 λεγομένης,
841 1310 909 1377 καθ’
937 1314 973 1397 ἣν
995 1314 1100 1396 γίνεται
1123 1314 1309 1397 συναίσθησις
1328 1319 1389 1383 τοῖς
1410 1315 1511 1378 αἰσθα·

219 1430 247 1475 10
259 1415 391 1496 νομένοις
417 1421 468 1479 τού
491 1417 692 1480 αἰσθάνεσθαι.
737 1417 865 1481 καὶτῶν
888 1419 991 1479 κοινῶν
1018 1418 1051 1480 δέ
1076 1416 1262 1499 καλουμένων
1290 1416 1438 1499 αἰσθητῶν
1461 1416 1508 1478 διὰ
1523 1433 1550 1474 ιο

260 1518 369 1602 ταύτης
398 1520 417 1602 ἡ
445 1519 603 1604 ἀντιληψις.
652 1519 876 1604 συναναρέρεται
904 1520 955 1603 μέν
982 1519 1036 1603 γὰρ
1063 1518 1184 1582 ἕκαστον
1220 1517 1316 1582 αὐτῶν
1343 1522 1403 1588 τοῖς
1430 1519 1510 1590 ἰδίοις

260 1621 388 1705 ἑκάστης
413 1622 582 1706 αἰσθήσεως
608 1623 760 1707 αἰσθητοῖς
787 1622 834 1686 διὰ
860 1626 918 1685 τῶν
947 1621 1059 1685 οἰκείων
1085 1620 1183 1692 αὐτοῖς
1209 1623 1347 1707 όργάνων.
1392 1623 1516 1686 κινεῖταί

259 1724 315 1807 γὰρ
337 1722 438 1809 ήόψις
461 1725 517 1788 ὑπὸ
532 1728 688 1809 χρώματος
711 1723 792 1794 όντος
813 1725 887 1809 μετὰ
903 1724 1053 1809 μεγέθους,
1076 1725 1150 1805 μετὰ
1173 1726 1334 1810 σχήματος,
1358 1724 1430 1807 μετὰ
1444 1727 1510 1810 ήρε-

261 1827 328 1908 μίας
349 1827 369 1910 ἡ
392 1828 550 1910 κινήσεως,
578 1828 652 1910 μετὰ
674 1828 814 1912 ἀριθμοῦ,
843 1827 916 1911 μετὰ
938 1828 1157 1911 ἀποστήματος·
1192 1824 1258 1909 μεθ’
1286 1827 1327 1889 ὧν
1350 1825 1399 1890 οὖν
1423 1827 1454 1891 όν
1476 1830 1509 1892 τὸ

216 1946 246 1990 15
259 1934 370 2014 χρῶμα
385 1929 515 2012 ἐκίνησεν
538 1928 639 2014 αύτήν,
663 1932 711 1993 καί
731 1930 782 1999 τὰς
798 1931 857 1993 ἀπό
879 1930 988 1994 τούτων
1004 1932 1129 2014 κινήσεις
1149 1917 1337 2014 συναναφέρει
1359 1933 1419 1999 τοῖς
1433 1935 1510 2016 χρώ·

261 2053 356 2112 μασιν.
402 2032 436 2095 οὐ
460 2033 517 2115 μὴν
538 2033 559 2116 ἡ
582 2039 640 2096 τῶν
663 2034 828 2118 χρωμάτων
852 2035 963 2117 κριτικὴ
986 2033 1105 2116 δύναμις
1132 2033 1181 2097 καὶ
1206 2033 1272 2118 περὶ
1298 2035 1390 2096 τῶνδε
1412 2014 1509 2118 κρίνει,
1524 2051 1551 2094 ιο

259 2134 322 2197 ἀλλ’
349 2132 411 2198 ἔστι
432 2136 482 2199 καί
503 2137 522 2219 ἡ
546 2135 657 2199 τούτων
683 2136 773 2220 κρίσις
795 2142 847 2221 τῆς
870 2141 968 2220 κοινῆς
990 2133 1073 2220 ἔργον
1096 2135 1277 2219 αἰσθήσεως·
1312 2134 1357 2199 ότι
1377 2136 1431 2222 γὰρ
1472 2138 1511 2224 hp

259 2239 279 2321 ἡ
304 2236 380 2322 ὄψις,
402 2239 490 2321 δῆλον
513 2237 547 2301 ἐκ
566 2242 617 2301 τοῦ
641 2238 681 2322 μὴ
706 2240 792 2322 μόνον
814 2239 889 2303 αὐτὰ
911 2244 971 2308 τοῖς
993 2240 1146 2323 χρώμασιν
1169 2239 1414 2324 παρυφίστασθαι,
1436 2241 1511 2305 ἀλλά

260 2343 310 2405 καί
332 2346 392 2410 τοῖς
413 2340 518 2426 ψόφοις
539 2342 588 2404 καί
610 2344 671 2411 τοῖς
691 2346 754 2411 ταῖς
776 2341 877 2412 ἄλλαις
898 2343 1069 2432 αἰσθήσεσιν
1092 2341 1253 2424 αἰσθητοῖς.
1293 2342 1337 2404 διὸ
1360 2341 1511 2428 ἐλέγχεται

214 2461 245 2505 w
259 2443 329 2507 οὔτε
350 2445 442 2528 όροιτά
465 2442 533 2507 όντα
555 2443 622 2508 ούτε
644 2444 775 2508 ἀκουστὰ
797 2443 864 2508 οὔτε
886 2445 961 2514 τινὸς
983 2442 1154 2507 τῶνᾶλλων
1176 2444 1344 2528 αἰσθήσεων
1365 2449 1424 2507 τῶν
1446 2445 1510 2509 ταύ-

259 2571 323 2618 ταις
344 2547 592 2632 ἀντιδιηρημένων
614 2546 674 2612 ἴδια
688 2548 826 2632 αἰσθηταί.
858 2548 891 2611 τὸ
915 2547 948 2611 δέ
969 2546 1041 2610 εἰναι
1065 2545 1153 2629 μόνας
1175 2546 1226 2616 τὰς
1241 2546 1326 2610 πέντε
1347 2547 1509 2632 αἰσθήσεις,

171 2790 179 2805 ·
204 2772 217 2825 1
250 2777 308 2829 πῶς
325 2769 377 2823 οἰόν
395 2769 434 2840 τε]
458 2787 510 2824 nes
529 2771 571 2824 die
589 2770 638 2824 Art
656 2770 766 2835 θυίιίθι,
785 2772 813 2823 in
831 2770 939 2822 welcher
957 2785 1017 2825 rnen
1037 2769 1153 2834 erhennt,
1172 2769 1232 2822 dass
1341 2769 1371 2824 τὸ
1389 2768 1563 2841 αἰσθητήριον]

201 2860 251 2913 der
270 2859 498 2912 Wehrnehmende
558 2858 584 2911 ·3
603 2857 630 2910 δί
649 2873 699 2911 cm.
771 2858 840 2911 3—4
859 2853 1213 2929 ὁρώντων-αἰσθανομένων]
1233 2874 1307 2911 wenn
1328 2860 1374 2911 nir
1391 2858 1462 2911 diese
1480 2859 1564 2928 Dirige

201 2949 301 3011 σεθου,
325 2947 436 2999 nehmen
455 2947 501 2999 wir
518 2945 600 3011 sehr,
624 2946 684 2998 dass
703 2947 748 2998 wir
766 2947 804 2998 sie
822 2946 934 3014 gesehen
952 2945 1052 3010 haben,
1073 2944 1129 2996 und
1147 2960 1222 2998 wenn
1244 2946 1289 2997 wir
1306 2946 1344 2998 eie
1362 2945 1453 3013 gehhrt
1471 2946 1564 3013 haben,

199 3036 319 3088 nehmen
337 3035 385 3086 wir
402 3035 480 3099 wahr,
499 3035 559 3087 dass
577 3035 623 3086 wir
641 3035 679 3086 eie
697 3034 786 3099 hhren‚
804 3035 900 3086 ebenso
918 3048 993 3085 wenn
1012 3032 1059 3084 wir
1078 3031 1157 3084 durch
1174 3032 1252 3102 jeden
1271 3032 1408 3085 einzelnen
1426 3033 1471 3086 der
1483 3033 1564 3087 Sinne

201 3124 432 3191 wahrgencmmen
450 3122 536 3174 haben
642 3120 711 3174 5-6
739 3120 768 3173 ού
786 3121 833 3190 γὰρ
851 3119 1038 3191 δὴ-όριῖιμεν]
1057 3120 1110 3172 llas
1129 3120 1200 3189 Ding
1217 3120 1338 3184 nimliclr,
1358 3120 1439 3173 durch
1457 3121 1565 3173 welches

202 3210 435 3277 wahrgenernmen
453 3208 530 3273 wird,
553 3224 629 3261 wenn
646 3210 693 3260 wir
709 3209 935 3277 wahrgencnnnen
954 3208 1052 3272 haben,
1075 3208 1136 3260 dass
1154 3208 1200 3260 wir
1217 3208 1410 3273 wehrnehrnen,
1430 3210 1464 3260 ist
1483 3208 1563 3260 durch

201 3296 283 3349 keine
303 3296 399 3349 andere
417 3295 501 3361 lircil,
520 3296 558 3348 ele
577 3297 720 3366 diejenige‚
737 3297 770 3348 in
789 3296 924 3348 welcher
941 3295 994 3347 der
1012 3295 1091 3349 Sinn
1110 3295 1296 3364 gesemmelt
1314 3295 1563 3364 (zusammenge-

201 3384 301 3449 ἰαυοῖ)
328 3384 413 3436 wird.
450 3384 538 3436 Denn
566 3386 619 3437 wir
640 3385 772 3437 nehmen
795 3384 887 3436 nicht
908 3383 1003 3448 sehr,
1026 3383 1098 3435 dese
1121 3382 1234 3449 (wenn)
1261 3383 1318 3434 wir
1344 3384 1564 3437 wahrnehmen

203 3471 307 3524 durch
325 3471 376 3523 die
394 3470 502 3535 lircil,
520 3471 619 3524 durch
638 3472 756 3524 welche
774 3472 830 3523 wir
847 3470 1077 3523 wahrnehmen.
1114 3471 1174 3523 Wir
1191 3471 1271 3523 seheri
1290 3470 1401 3524 nc'rmlich
1421 3472 1494 3524 nicht

205 3558 312 3611 ll-l·2
331 3556 696 3628 σοναναρίρεται-αἰσθητοῖς
713 3556 765 3627 διὰ]
784 3553 949 3625 wir‘steigen
966 3558 1079 3610 nimlich
1099 3575 1131 3610 zu
1149 3557 1231 3624 jedem
1251 3559 1385 3611 einzelnen
1404 3573 1455 3611 von
1475 3560 1564 3613 diesen

202 3644 425 3713 SinneeehJelrten
448 3646 496 3698 mit
518 3645 569 3698 den
588 3646 615 3716 je
640 3647 724 3698 einern
749 3647 794 3698 der
816 3645 898 3698 Sinne
921 3644 1091 3713 specifisehen
1114 3644 1333 3713 Sinneschjelrten
1356 3646 1435 3698 durch

206 3733 241 3786 13
267 3730 402 3802 μεγέθους]
420 3733 506 3787 llenss
614 3733 716 3785 14-15
744 3729 802 3800 μεθ’
825 3730 1048 3804 ὄιν-χρώμασιν]
1074 3731 1128 3784 also
1147 3732 1215 3785 sieht
1233 3733 1279 3785 des
1298 3734 1375 3803 Ding,
1393 3733 1502 3786 welches
1521 3734 1563 3786 dic

201 3821 290 3873 Ferhe
308 3821 344 3872 im
363 3820 448 3873 Sehen
468 3823 566 3889 bewegt
589 3850 621 3858 -
645 3821 699 3873 und
718 3820 789 3873 diese
812 3820 942 3888 vereinigt
959 3819 1021 3889 jene
1044 3848 1076 3856 -
1099 3821 1148 3872 mit
1170 3819 1221 3872 den
1238 3820 1340 3873 Ferhen
1365 3821 1430 3873 euch
1454 3822 1496 3874 die
1514 3822 1562 3874 Be-

203 3923 361 3977 vegungen
380 3909 475 3961 welche
492 3923 544 3960 ven
559 3908 639 3977 jenen
652 3908 794 3960 -entstehen
907 3905 940 3958 18
968 3910 1027 3975 pest
1045 3905 1102 3976 όψις
1119 3906 1204 3960 addit:
1224 3906 1308 3959 dieser
1325 3907 1391 3960 Sinn
1409 3908 1448 3960 sei

203 3994 283 4064 alred]
306 3997 396 4047 scine
416 3994 446 4063 [i.
459 4013 481 4048 e.
500 3995 584 4048 dieses
603 3993 710 4063 Sinnes]
729 3994 854 4047 Existenz
983 3992 1082 4046 19-21
1112 3992 1312 4064 διό-αἰσθηταί]
1336 3995 1416 4047 daher
1434 3997 1495 4048 wlrd
1515 4013 1562 4048 nus

204 4083 442 4149 ihreannstsnde
460 4082 589 4146 offenher,
613 4082 673 4134 dees
692 4082 731 4157 sie
750 4083 825 4135 nieht
841 4083 970 4135 sichibere
991 4083 1047 4134 und
1066 4082 1139 4135 nicht
1157 4082 1265 4134 hethere
1286 4082 1340 4134 und
1359 4083 1432 4134 nicht
1449 4083 1561 4135 sinnlich

204 4171 417 4222 vahrnehmhere
435 4171 508 4235 sind,
530 4170 624 4222 welche
646 4170 730 4223 einern
749 4184 800 4222 ven
823 4170 874 4223 den
897 4171 1010 4223 anderen
1029 4170 1119 4224 diesen
1143 4170 1236 4222 beiden
1254 4168 1392 4222 irhnlichen
1410 4170 1510 4223 Sinnen
1533 4171 1562 4222 in

204 4258 250 4310 der
268 4257 383 4326 Tellung
401 4256 586 4326 eigenhimlich
605 4257 665 4310 sind

206 4390 608 4398 ——--—-————..-—.

204 4463 325 4517 θαύτῶν
344 4465 450 4533 scripsi:
468 4464 553 4518 αύτιῖιν
570 4465 610 4518 Vs
714 4465 732 4516 4
749 4462 827 4517 chron
845 4464 950 4532 scripsi:
970 4461 1047 4516 αὑτοῦ
1066 4464 1106 4516 Vs
1208 4463 1224 4517 5
1243 4462 1307 4534 ἄλλη
1326 4480 1342 4517 ιι
1441 4464 1456 4516 G
1476 4465 1563 4535 κοινὴν

203 4552 309 4617 addidi,
332 4553 364 4605 ci.
383 4555 432 4606 int.
449 4553 611 4617 hebraicam
638 4569 670 4606 ex
688 4552 778 4605 eedem
800 4553 914 4620 potuerit
932 4550 1054 4605 concludi
1073 4553 1184 4604 Archem
1202 4552 1296 4620 legisse
1315 4550 1493 4621 αἰσθανόμεθα.
1520 4551 1561 4616 (ού

203 4642 251 4710 γὰρ
270 4638 448 4708 αἰσθανόμεθα,
467 4638 504 4692 ότι
523 4638 693 4708 αἰσθανόμεθα
710 4638 775 4710 αὐτῇ
794 4642 827 4709 τῇ
845 4638 946 4707 δυνάμει
964 4635 981 4710 ᾖ
1001 4635 1195 4708 αἰσθανόμεθα)
1213 4640 1242 4692 οἰι
1261 4641 1307 4711 γὰρ
1326 4640 1425 4710 ὁρῶμεν
1518 4638 1562 4692 αἰν-

203 4734 257 4779 τιῖιν
276 4729 384 4796 scripsi:
404 4727 489 4780 αἰτων
508 4727 536 4797 (η
555 4743 633 4796 snpra
650 4746 673 4778 ω
691 4731 734 4780 ret
752 4742 816 4781 corr.
835 4727 889 4780 sive
908 4727 956 4793 m')
977 4727 1011 4779 V:
1031 4725 1115 4778 αὐτῶν
1134 4743 1150 4778 a
1234 4729 1249 4780 'l
1268 4727 1363 4798 όρᾴνα
1447 4727 1462 4778 9
1481 4726 1562 4779 συναί-

204 4814 303 4884 σθηαις]
323 4835 337 4866 ν
356 4832 437 4884 snpra
454 4815 533 4867 linV
643 4815 674 4867 1⁴2
702 4814 815 4885 αἰιτῆςιι
923 4813 953 4864 14
981 4812 1008 4865 όν
1026 4829 1111 4866 cm.a
1219 4814 1251 4866 18
1278 4814 1353 4882 αἰιτά]
1373 4814 1429 4867 scil.
1448 4812 1561 4883 μέγεθος,

203 4900 319 4974 ἀριθμός,
337 4905 370 4955 τὰ
388 4904 462 4955 κοινὰ
479 4900 587 4972 αἰσθητά
683 4901 718 4953 θθ
735 4908 788 4954 τῶν
806 4907 867 4955 ante
886 4900 971 4954 ἄλλων
990 4918 1068 4970 snpra
1085 4901 1164 4955 linv
1263 4900 1294 4952 21
1315 4901 1527 4973 αντιόιηρημένων
1546 4918 1562 4953 e

256 5009 368 5058 snpplem.
382 5010 447 5048 Arist
461 5009 489 5048 11.
509 5010 615 5048 ΔΙεκκιιιί.
629 5009 649 5047 d.
664 5010 748 5048 Anime.
777 4984 779 4989 .
1340 4992 1360 5053 5
