3540 5610
690 334 892 388 ιιοελυυιτι
911 336 955 388 DE
975 335 1081 389 ιτιιιι
1520 299 1558 402 2'1

263 507 323 572 ἀλλ’
350 508 413 572 οὐδ’
441 513 482 578 ὡς
504 515 556 594 τῆς
578 509 719 592 ἐνεργείας
746 512 798 591 τῆς
820 510 893 575 νεὼς
915 507 989 576 εἶδος
1013 509 1028 570 ό
1052 509 1228 595 κυβερνήρης
1250 506 1352 591 λέγοιτ’
1381 509 1428 574 ἄν.
1470 511 1508 592 γί-

263 634 342 674 νεται
364 612 416 695 μὲν
438 611 491 696 γὰρ
515 616 552 696 τῇ
574 611 621 696 νηῒ
642 610 716 674 κατὰ
738 608 848 673 τοιόνδε
870 615 988 694 σχῆμα,
1011 613 1028 674 ό
1053 611 1128 674 ἐστιν
1150 609 1226 680 εἶδος
1247 610 1347 696 αὐτῆς,
1372 615 1412 682 ὡς
1434 615 1508 680 νεὼς

262 715 289 796 4„
304 714 447 798 ἐνέργεια,
475 715 547 798 πρὸς
569 715 601 781 δὲ
623 713 728 796 ταύτην
756 713 771 775 ό
794 713 973 798 κυβερνήτης
995 716 1127 778 συντελεῖ
1147 737 1181 776 τι.
1226 716 1245 797 ἡ
1269 715 1301 777 δὲ
1323 716 1406 800 ψυχὴ
1429 714 1505 783 εἶδος

260 820 312 879 τοῦ
336 814 414 900 ζῴου
430 818 506 880 καθὸ
530 820 606 900 ζῷον
628 816 677 879 καὶ
693 815 760 900 οὐχ,
783 814 832 878 ὅτε
847 814 958 899 ἐνεργεῖ
979 812 1075 900 μόνον,
1099 814 1162 878 τότε
1177 814 1318 902 ἔμψυχον.
1354 817 1401 881 διὰ
1423 821 1506 880 τούτο

230 919 314 1001 υγάρ
337 921 356 1002 4,
380 922 482 1002 πρώτη
505 918 669 1003 ἐντελέχεια
692 919 711 1001 ἡ
735 920 827 1002 ψυχή.
873 916 916 980 ότι
938 917 992 1001 γὰρ
1016 921 1057 1003 μή
1081 918 1156 981 ἐστιν
1184 919 1292 1001 ὁμοίως
1320 922 1360 988 ὡς
1382 921 1401 1004 4,
1425 920 1505 1003 ψυχὴ

261 1025 312 1084 τοῦ
338 1017 429 1106 ζῴου,
451 1021 544 1089 ούτως
566 1021 614 1083 καὶ
637 1021 848 1105 ό-κυβερνήτης
871 1019 947 1090 εἶδος
968 1025 1021 1104 τῆς
1036 1023 1117 1095 νειύς,
1141 1023 1228 1103 δῆλον
1251 1021 1285 1083 ἐκ
1305 1026 1356 1084 τοῦ
1378 1023 1430 1106 τἠν
1455 1022 1506 1105 μὲν

260 1129 329 1188 ναῦν
345 1124 450 1207 μένειν,
474 1122 527 1186 κᾶν
551 1124 567 1185 ό
583 1123 761 1207 κυβερνήτης
783 1121 911 1205 ἀπέλθη,
934 1124 967 1184 τό
986 1124 1018 1186 δὲ
1035 1127 1111 1207 ζῷον
1134 1122 1319 1206 ἀπελθούσης
1340 1129 1392 1207 τῆς
1408 1129 1506 1210 ψυχῆς
1520 1140 1548 1183 w

261 1227 366 1311 μηκέτι
389 1230 466 1310 ζῷον
489 1224 571 1288 εἶναι.
609 1224 653 1286 διὸ
677 1227 785 1308 μᾶλλον
809 1223 843 1287 ἀν
867 1225 937 1309 πρὸς
959 1227 991 1288 τό
1015 1230 1118 1310 σχῆμα
1140 1230 1192 1308 τῆς
1213 1228 1286 1295 νεὼς
1308 1229 1327 1310 4,
1350 1228 1433 1313 ψυχὴ
1455 1228 1506 1310 τὴν

261 1330 416 1411 ἀναλογίαν
439 1326 514 1414 ἔχοι
559 1326 633 1390 κατὰ
656 1327 709 1411 γάρ
732 1329 815 1389 τοῦτο
839 1328 872 1389 τὸ
894 1326 965 1390 εἶναι
988 1333 1024 1410 τῇ
1048 1327 1108 1410 νηΐ,
1138 1332 1179 1396 ὡς
1201 1334 1242 1412 τῷ
1267 1327 1337 1414 ζῴῳ
1359 1329 1433 1392 κατὰ
1454 1330 1506 1411 τὴν

220 1449 248 1492 ιο
263 1435 371 1517 ψυχήν.
416 1429 457 1494 ἔτι
480 1433 496 1494 ό
520 1430 571 1514 μὲν
594 1431 773 1514 κυβερνήτης
795 1427 829 1491 ού
853 1429 899 1492 διὰ
921 1432 1016 1514 πάσης
1039 1431 1098 1493 ἐστὶ
1121 1453 1173 1514 της
1195 1434 1276 1499 νεώς.
1321 1430 1453 1517 ἔμψυχον
1476 1430 1507 1492 δὲ

262 1540 318 1598 πᾶν
340 1536 374 1598 τὸ
397 1539 448 1597 τού
472 1531 551 1618 ζῴου
574 1537 670 1615 σῶμα.
715 1531 859 1594 ἀλλὰκαὶ
887 1533 913 1595 εἰ
935 1533 1026 1602 οὕτως
1053 1533 1089 1618 ἦν
1111 1533 1141 1595 ἐν
1163 1537 1206 1618 τῷ
1230 1536 1343 1615 σώματι
1372 1535 1391 1616 4,
1415 1532 1506 1616 ψυχή,

261 1635 406 1721 ἐνεόέχετ’
436 1635 470 1699 ἀν
496 1633 587 1719 αὐτὴν
614 1636 662 1697 καὶ
689 1634 886 1718 χωρισθεῖσαν
913 1634 1002 1698 αὐτού
1029 1636 1147 1699 εἰσιέναι
1175 1638 1258 1699 πάλιν
1286 1638 1326 1706 εἰς
1352 1635 1432 1700 αὐτό.
1471 1634 1508 1696 ’τί

259 1739 314 1824 γὰρ
337 1737 418 1802 ἔσται
441 1738 473 1801 τὸ
499 1735 633 1821 τοιαύτην
660 1734 748 1799 οὖσαν
772 1737 824 1821 τὴν
851 1739 949 1822 ψυχὴν
973 1738 1097 1821 κατέχον
1126 1738 1156 1800 ἐν
1178 1743 1222 1823 τῷ
1245 1743 1374 1823 σώματι;
1408 1737 1449 1802 ἔτι
1472 1735 1506 1798 οὐ

259 1842 334 1906 κατὰ
357 1843 408 1925 τὴν
430 1842 520 1905 αὑτοῦ
543 1840 628 1923 φύσιν
651 1836 731 1902 ἔσται
754 1840 800 1911 τὸ,
811 1845 897 1924 σῶμα
920 1841 1098 1921 κινούμενον·
1121 1842 1199 1925 παρὰ
1221 1843 1305 1926 φύσιν
1328 1841 1393 1925 ἄρα.
1432 1840 1507 1903 ἀλλὰ
1520 1855 1547 1897 ιο

215 1961 245 2005 15
260 1948 318 2029 μην
341 1949 421 2008 πᾶσα
444 1945 534 2030 βίαιος
557 1943 667 2025 κίνησις
689 1941 767 2026 παρὰ
789 1942 874 2026 φύσιν
896 1944 945 2005 καὶ
967 1943 1015 2007 ’ὀιά
1037 1948 1205 2028 σωματικῆς
1227 1946 1415 2029 ἀντερείσεως
1436 1966 1507 2024 γινο-

261 2047 346 2131 μένη,
369 2049 446 2111 ὥστε
467 2045 578 2129 γένοιτο
601 2044 635 2107 ἀν
651 2044 725 2107 κατὰ
747 2045 795 2106 τόν
818 2042 902 2126 λόγον
924 2049 1023 2108 τοῦτον
1046 2048 1131 2108 πάλιν
1154 2049 1173 2130 4,
1194 2048 1278 2132 ψυχὴ
1302 2053 1397 2129 σῶμα.
1431 2044 1506 2108 ἀλλά

258 2152 308 2213 καὶ
330 2151 460 2214 καθόλου
487 2173 528 2218 τις
556 2146 589 2210 ἀν
613 2145 739 2229 εὐλόγως
768 2147 926 2231 ἀπαιτήσαι
955 2147 1022 2216 τούς
1048 2148 1139 2217 ούτως
1166 2148 1300 2230 λέγοντας
1329 2150 1380 2233 τὴν
1407 2148 1506 2232 ψυχὴν

259 2253 338 2322 εἶδος
359 2252 432 2316 εἶναι
454 2256 504 2316 τοῦ
528 2253 673 2332 σώματος,
697 2250 726 2311 τι’
745 2249 777 2312 τὸ
793 2251 914 2332 συνάγον
937 2251 985 2313 καὶ
1008 2251 1037 2312 τί
1055 2253 1088 2314 τὸ
1106 2250 1227 2336 συνέχον
1249 2252 1399 2336 ἀμφότερα
1415 2274 1506 2335 κεχω·

259 2356 380 2439 ρισμένα
402 2379 433 2418 τε
450 2356 585 2438 ἀλλήλων
609 2350 677 2415 ὄντα
699 2353 746 2414 καὶ
768 2352 820 2421 τὰς
834 2351 934 2437 φύσεις
956 2353 1136 2438 διαφέροντα,
1161 2357 1200 2424 ὡς
1223 2354 1253 2417 ἕν
1276 2368 1301 2416 τὶ
1323 2354 1453 2437 γίνεσθαι
1474 2353 1506 2414 τὸ

214 2459 287 2526 mk}
310 2457 407 2521 αὐτῶν
430 2459 478 2520 καὶ
502 2454 672 2550 συμμένειν;
703 2456 833 2539 χαλεπὸν
856 2456 909 2540 γὰρ
933 2456 1026 2540 εὑρεῖν
1049 2458 1081 2519 τό
1104 2455 1194 2520 αἴτιον
1217 2463 1268 2541 τῆς
1290 2463 1347 2519 τῶν
1370 2456 1505 2519 τοιούτων

259 2563 313 2644 τὴν
336 2562 432 2645 ἀρχήν
455 2583 486 2623 τε
509 2557 631 2622 συνόδου
655 2559 703 2620 καὶ
727 2557 800 2641 μετὰ
821 2558 873 2641 τὴν
897 2559 1015 2622 σύνοδον
1039 2560 1180 2629 ἑνώσεως.
1206 2556 1210 2644 Ι
1518 2573 1546 2615 w

347 2661 431 2728 Ούσα
454 2664 486 2726 δὲ
508 2664 527 2746 4,
551 2662 631 2746 ψυχὴ
656 2660 732 2729 εἶδος
754 2665 804 2724 τού
828 2664 978 2745 σώματος,
1007 2663 1107 2725 ύποῖυν
1136 2664 1315 2748 προείρηται,
1342 2668 1385 2748 τῷ
1410 2664 1488 2748 ἀχώ·
1510 2676 1559 2722 ιαιι

259 2786 356 2851 ριστον
378 2765 452 2828 εἶναι
479 2768 529 2827 τοῦ
553 2766 689 2846 σώματος
716 2764 747 2826 τὸ
770 2768 897 2827 τοιοῦτον
924 2763 1001 2833 εἶδος
1022 2766 1070 2827 καὶ
1093 2766 1301 2850 συμφθείροιτυ
1329 2766 1363 2830 ἀν
1384 2771 1427 2852 τῷ
1450 2770 1505 2830 σόν-

261 2892 341 2952 ματι,
364 2867 419 2949 όση
442 2891 475 2950 γε
490 2865 581 2950 αὐτῆς
603 2866 735 2950 φθαρτοῦ
758 2866 991 2950 σώματος·εἷὸός
1004 2867 1098 2930 Ιἐστιν.
1135 2867 1180 2953 εἴη
1203 2868 1229 2932 δ’
1251 2868 1285 2932 ἀν
1307 2871 1355 2933 καὶ
1371 2868 1503 2953 ἀκίνητος

215 2988 245 3033 25
260 2970 330 3036 καθ’
359 2970 460 3054 αύτήν.
506 2968 539 3032 ού
563 2969 615 3052 γὰρ
639 2973 695 3033 πᾶν
718 2969 828 3051 ἀνάγκη
851 2971 884 3032 τὸ
906 2972 1047 3054 κινήσεως
1074 2969 1164 3032 αἴτιόν
1187 2995 1239 3034 τινι
1260 2973 1308 3035 καὶ
1330 2971 1401 3035 αύτό
1424 2977 1506 3035 κινεῖ·
1532 2989 1546 3031 ε

259 3076 339 3139 σθαι.
384 3071 445 3135 ἀλλ’
473 3071 528 3137 ὅσα
557 3072 608 3152 μὲν
634 3071 835 3155 ἀπολελυμένα
865 3073 912 3134 καὶ
939 3073 1141 3157 κεχωρισμένα
1170 3079 1227 3136 τῶν
1249 3073 1424 3158 κινουμένων
1452 3073 1499 3136 ὑπ’

258 3177 355 3240 αὐτῶν
384 3199 420 3258 τη
450 3177 514 3260 ἁφῇ
544 3175 593 3238 καὶ
622 3180 795 3257 σωματικῶς
823 3173 896 3237 αύτά
917 3179 1001 3250 κινεῖ,
1030 3178 1120 3236 ταῦτα
1146 3175 1256 3260 ἀνάγκη
1283 3177 1435 3259 κινούμενα
1457 3179 1505 3240 καὶ

255 3279 333 3343 αύτά
355 3281 451 3342 κινεῖν.
496 3280 532 3341 τοί
556 3301 586 3341 τε
607 3278 661 3362 γὰρ
690 3278 825 3340 ὠθοῦντά
852 3300 878 3338 τι
905 3278 953 3339 καὶ
975 3277 1011 3340 τὰ
1034 3277 1154 3339 ἕλκοντα
1176 3278 1224 3340 καὶ
1246 3278 1281 3342 τά
1303 3281 1433 3342 δινούντα
1455 3282 1503 3342 καὶ

203 3537 272 3590 1-3
297 3536 350 3589 ἀλλ’
373 3535 425 3589 οὐδ’
447 3536 630 3595 τός-συντελεῖ
645 3536 681 3605 τι]
701 3553 776 3589 κειιιι
794 3539 854 3590 aber
873 3537 939 3589 ohne
960 3536 1063 3589 Zweifel
1082 3539 1192 3590 Jemand
1211 3553 1292 3607 sagon
1310 3538 1417 3602 mfichte,
1436 3538 1495 3590 dass
1513 3538 1559 3591 der

201 3627 376 3680 Steuermann
394 3626 453 3677 eine
471 3624 547 3678 Fortu
566 3627 603 3697 sei
622 3625 664 3677 ffir
682 3625 728 3677 das
747 3625 824 3677 Thun
843 3624 888 3676 des
907 3623 1022 3689 Schiffes‚
1045 3624 1143 3677 dadas
1162 3625 1239 3676 Thun
1258 3625 1304 3678 des
1321 3624 1430 3678 Schiffes
1447 3624 1558 3678 ffirwahr

200 3729 253 3766 νου
279 3713 336 3765 dem
360 3712 454 3765 Schiffe
479 3713 624 3766 stattfindet
647 3715 675 3765 in
699 3713 849 3780 derjenigen
868 3711 982 3774 GestnIt,
1006 3711 1100 3763 welche
1123 3727 1150 3763 es
1173 3712 1232 3776 hat,
1256 3712 1311 3765 und
1334 3712 1404 3766 diese
1426 3713 1462 3764 ist
1486 3714 1558 3767 suino

201 3803 293 3863 1·“οτω,
318 3801 432 3852 insofern
457 3817 484 3852 es
507 3802 550 3853 oin
569 3800 652 3853 Schiff
671 3801 719 3859 ist;
747 3800 791 3851 der
810 3799 980 3851 Steuermann
1005 3799 1039 3850 ist
1058 3798 1202 3868 derjenige,
1226 3798 1271 3851 der
1289 3800 1400 3868 beitrfigt
1423 3816 1468 3852 zur
1486 3801 1557 3853 Voll-

201 3888 384 3954 kommenheit⁴
396 3887 480 3941 dieses
498 3877 589 3941 Thsms
686 3891 713 3941 11
735 3885 827 3955 οὕτως]
847 3886 894 3937 wie
912 3885 956 3938 der
974 3885 1145 3938 Steuermann
1164 3885 1198 3937 im
1218 3885 1312 3939 Schiffe
1407 3886 1438 3938 12
1456 3887 1480 3939 τί
1498 3887 1556 3956 γὰρ]

200 3977 287 4028 addit:
307 3991 382 4029 ιιειιιι
400 3992 429 4028 es
447 3991 476 4027 so
496 3981 560 4028 κότε
680 3976 711 4027 14
738 3973 817 4042 ἔσται]
836 3975 872 4025 ist
984 3973 1013 4024 17
1043 3971 1152 4040 ιύλόγως
1171 3972 1316 4042 ἀπαιτήσει]
1336 3974 1405 4026 ευε11ι
1422 3975 1481 4027 eine
1499 3980 1556 4028 not-

202 4063 320 4131 wendige
339 4064 420 4130 Frage
528 4061 559 4114 18
587 4063 629 4115 καὶ
646 4062 671 4114 τ1
688 4062 717 4114 τὸ
736 4061 839 4134 συνέχον
858 4077 908 4113 υιιι.
1019 4061 1120 4112 19-20
1141 4058 1206 4117 ὡς·
1222 4059 1364 4129 συμμένειν]
1384 4076 1412 4113 ευ
1430 4061 1491 4113 dass
1509 4079 1557 4114 aus

202 4151 296 4203 beiden
318 4151 507 4203 Verbundenen
526 4152 582 4202 eins
600 4151 672 4214 wird,
689 4150 752 4202 oder
769 4151 826 4202 eins
846 4149 927 4201 bleibt
944 4164 995 4201 was
1014 4165 1041 4201 es
1059 4149 1095 4200 ist
1201 4147 1231 4199 21
1261 4148 1304 4199 καὶ
1323 4148 1556 4219 μετὰ-ἑνώσεως]

203 4237 324 4290 ιτῑι1ιτευι1
349 4237 389 4289 ihr
409 4236 525 4289 Zustand
549 4239 615 4290 noch
639 4238 667 4289 in
691 4237 760 4290 ihrer
780 4237 958 4305 vereinigu'ng
979 4236 1046 4288 nach
1070 4235 1115 4288 der
1137 4234 1308 4303 Verbindung
1330 4249 1359 4287 so
1383 4237 1419 4288 ist

205 4477 299 4531 1005*
321 4477 358 4536 ιὐς
375 4480 482 4546 scripsi:
502 4480 522 4532 εἰ
542 4477 608 4538 ὅλως
626 4482 666 4535 Va
779 4480 868 4533 4καὶ
886 4480 923 4532 V:
942 4477 1031 4532 ἀλλά
1146 4479 1235 4547 ὁγὰρ
1254 4482 1314 4531 ante
1332 4477 1349 4548 ἡ
1368 4494 1453 4531 om.a

203 4566 292 4618 ἴτ’ἂν
312 4568 346 4618 V:
367 4564 451 4635 κᾷνε
549 4566 681 4638 ἀπέλθητε
781 4565 1183 4619 81ι’ὸαιιδ’ὸόυ1ν1υιυ11
1284 4563 1355 4635 θεῷ
1374 4563 1433 4635 ζῴῳ
1452 4572 1557 4636 ετιίγντιι

202 4660 247 4706 τῶι
265 4655 341 4715 ζῶιον
360 4654 396 4705 V:
415 4653 445 4705 τὸ
464 4653 564 4714 ζῶυνυ
672 4656 702 4706 11
732 4653 808 4707 αύτού
829 4656 867 4706 Va
976 4654 1006 4707 15
1034 4653 1192 4725 ἀντερείσεως
1211 4669 1238 4705 a:
1258 4653 1443 4725 ἀντιρίσεωςθ

205 4742 233 4792 l?
250 4744 288 4800 τὶς
307 4758 335 4794 a:
355 4740 434 4798 τίςλό
531 4741 700 4812 ἀπαιτῆσαιυ
799 4741 833 4795 20
851 4740 972 4814 χαλεπὸν]
991 4761 1025 4815 χα
1043 4757 1123 4810 supra
1140 4741 1227 4793 lin.V
1325 4739 1358 4792 22
1379 4738 1433 4805 ,ότι
1450 4742 1466 4811 ἡ
1485 4740 1555 4815 ι’μυχη

201 4832 317 4901 α’κίνητος
336 4827 402 4898 αὐτὴ
421 4825 483 4881 καθ’
505 4828 620 4898 baudra!
660 4829 720 4882 οὖσα
740 4828 767 4881 δὲ
786 4831 826 4883 Va
844 4831 909 4896 (nisi
928 4830 997 4898 quod
1016 4846 1032 4882 a
1049 4827 1113 4897 αύτή
1134 4826 1242 4893 omisit.)
1332 4826 1364 4879 27
1384 4829 1426 4881 καλ
1444 4843 1494 4881 om.
1513 4847 1528 4881 α

203 4917 233 4970 28
250 4921 281 4971 τὰ
300 4917 430 4983 heho-‘ma
448 4917 486 4969 sic
505 4917 540 4968 V:
560 4915 707 4971 όινυύντακ
