3540 5610
238 315 276 354 1¹
817 312 1013 366 PRAEFATIO

187 481 212 545 G
319 480 393 549 Alia
414 484 468 550 via
489 504 530 551 ex
553 486 676 551 Veneto
699 485 763 550 258
785 484 936 570 descripti
964 491 1038 551 sunt
1060 483 1257 553 Murmnusrs
1280 487 1432 555 Esruusus
1455 487 1592 554 11106

238 600 307 667 cod.
335 602 524 671 chartaceus
550 602 697 670 foliorum
726 606 791 669 400
820 604 871 689 (ut
892 604 1079 671 adnotatum
1103 612 1153 671 est
1178 604 1213 671 in
1236 628 1267 691 p.
1285 608 1319 690 1)
1350 607 1493 674 numeris
1525 628 1591 673 uon

236 720 444 809 signatorum,
466 744 551 791 saec.
567 724 747 791 xv—XVl
770 724 923 810 scriptus,
946 725 1088 791 continet
1107 731 1182 809 post
1195 725 1372 793 Alexandri
1396 734 1592 794 commenta-

236 840 316 906 rium
338 843 371 907 in
394 842 577 910 Aristotelis
599 847 649 910 De
670 865 766 911 seusu
789 851 822 910 et
843 844 956 910 sensili
977 850 1010 910 et
1025 844 1130 911 Procli
1153 846 1315 913 elementa
1336 847 1472 932 physica
1487 845 1592 926 Quas

235 961 357 1028 stiones
378 970 410 1030 et
432 962 546 1028 librum
563 964 610 1029 De
632 962 710 1030 lato.
760 969 936 1047 sequuntur
962 963 1015 1028 Pe.
1037 963 1213 1031 Alexandri
1239 966 1440 1050 aliorumque
1466 966 1591 1051 proble-

235 1090 323 1148 mata
343 1083 445 1148 varia.

182 1201 206 1266 F
319 1202 565 1270 Nsruourmuus
595 1203 764 1269 111012
796 1203 985 1269 chartaceus
1010 1201 1065 1269 fol.
1083 1204 1146 1269 109
1179 1203 1346 1271 absolutus
1378 1210 1428 1270 est
1460 1204 1515 1272 die
1536 1206 1588 1273 st.

231 1321 351 1388 mensis
372 1322 459 1389 lunii
477 1323 569 1407 1523,
592 1330 627 1387 ut
649 1329 785 1390 testatur
807 1341 921 1388 manus
936 1320 1056 1388 librarii
1072 1322 1188 1408 Angeli
1204 1322 1415 1390 Constantini.
1461 1332 1591 1408 praeter

231 1439 445 1520 Quaestiones
465 1441 546 1508 nihil
567 1442 717 1509 continet
762 1441 801 1509 ci.
825 1441 966 1528 (lyrillus
988 1443 1029 1527 ll,
1045 1442 1117 1509 384.

180 1561 202 1624 S
316 1562 465 1628 Vnumus
505 1562 695 1628 Msamruus
734 1562 873 1647 append.
907 1561 946 1627 A.
969 1563 1023 1647 lv,
1060 1563 1130 1628 cod.
1154 1562 1185 1626 X
1219 1561 1408 1628 chartaceus
1444 1562 1500 1630 sol.
1527 1568 1585 1631 141

230 1698 314 1746 saec.
342 1680 555 1747 XVI-XVII
589 1682 732 1747 continet
763 1688 840 1748 ante
862 1680 979 1747 Galeni
1011 1679 1215 1746 definitiones
1247 1679 1389 1746 medicas
1410 1680 1587 1750 Alexandri

112 1880 118 1891 ἱ
230 1799 443 1878 Quaestiones
465 1807 499 1866 et
521 1803 570 1866 De
595 1800 673 1868 fato.
723 1802 860 1887 scriptus
886 1807 935 1866 est
961 1805 1004 1884 τῷ
1026 1800 1132 1883 εὐφυεῖ
1156 1801 1204 1864 καὶ
1230 1799 1388 1884 ἐλευθέρου
1413 1804 1589 1890 τετυχηκότι

229 1923 346 2006 ἀγωγῆς
368 1921 508 2006 νεανίσκῳ
527 1919 675 2008 Ἀντωνίῳ
698 1927 741 2008 τῷ
766 1925 818 1986 τοῦ
841 1924 1079 2006 μεγαλοπρεποῦς
1101 1920 1214 1989 ἱππέως
1226 1917 1389 1985 Ἀλοεισίου
1406 1921 1588 1990 Μοκαινίκου

227 2041 436 2124 (Mocenigo).
1223 2104 1227 2109 .

179 2160 201 2222 1
315 2161 577 2226 Vruoououuusrs
599 2159 668 2226 cod.
692 2159 882 2227 chartaceus
903 2159 958 2226 fol.
975 2160 1048 2225 104.
1097 2158 1256 2239 ,Primum
1277 2162 1320 2226 ad
1336 2161 1514 2229 Zenobium
1529 2165 1588 2231 Ac·

228 2279 377 2346 ciaiolum
394 2281 615 2347 Florentinum
638 2279 759 2344 ordinis
780 2281 1038 2365 praedicatorum
1060 2279 1113 2346 die
1138 2280 1177 2344 14
1197 2280 1338 2346 Ianuarii
1356 2283 1449 2367 1491,
1473 2291 1588 2366 postea

227 2407 334 2467 autem
357 2401 400 2466 ad
424 2402 577 2467 loannem
600 2400 792 2466 Sambucum
817 2400 911 2477 1536,
937 2408 972 2467 ut
993 2399 1055 2484 ipsi
1079 2400 1209 2484 propria
1230 2419 1327 2466 mauu
1349 2400 1393 2466 ibi
1416 2409 1586 2489 testantur,

228 2520 304 2585 olim
328 2520 497 2605 pertinuit“
524 2521 563 2587 cf.
585 2520 700 2587 Nessel
724 2521 778 2604 IV,
792 2521 841 2586 18.

311 2638 357 2722 (0
371 2640 502 2725 passim,
525 2640 576 2707 FS
593 2658 712 2722 magua
734 2646 882 2723 exparte
904 2639 975 2725 ipse
990 2638 1121 2725 contuli,
1143 2639 1169 2704 L
1192 2645 1293 2704 totum
1309 2639 1445 2704 contulit
1458 2640 1587 2709 Mekler

227 2757 511 2844 vindobonensis.)

311 2877 501 2944 Communia
522 2885 596 2944 snnt
618 2877 669 2944 his
690 2877 780 2944 libris
802 2877 898 2945 haec:
935 2880 968 2945 in
992 2879 1139 2946 omnibns
1163 2878 1396 2964 problematum
1418 2878 1585 2966 inscriptio

225 3005 301 3064 ante
329 2999 483 3065 moralem
511 2998 626 3063 librum
648 2996 751 3082 periit.
795 2998 913 3065 deinde
938 2999 971 3064 in
999 2999 1092 3065 tertio
1119 2999 1200 3065 libro
1227 2999 1586 3086 ροε1οὕτως(103,21)

226 3118 370 3184 inserunt
392 3117 455 3182 καθ’
473 3117 523 3187 οὓς
543 3118 575 3200 (ὁ
598 3119 640 3187 εἰς
655 3117 692 3200 S)
713 3120 829 3189 πλείους
850 3119 956 3203 (πλείω
972 3117 1015 3203 G)
1031 3120 1066 3182 τὰ
1088 3120 1193 3204 ἄπειρα
1215 3119 1299 3184 οὐδὲν
1321 3119 1356 3183 ἂν
1378 3121 1426 3206 εἴη
1448 3126 1492 3200 τὸ,
1515 3130 1582 3190 tum

226 3238 344 3304 iterant
366 3236 466 3304 verba
488 3241 529 3306 ὡς
551 3236 638 3323 μέρος
661 3256 761 3319 usque
790 3237 831 3302 ad
858 3238 959 3321 cirros,
988 3257 1072 3321 quae
1101 3240 1303 3323 102,11-30
1322 3259 1380 3305 suo
1404 3241 1475 3306 loco
1497 3242 1584 3325 lege

227 3359 352 3423 bantur.
398 3355 717 3422 animadvertendum
740 3363 848 3422 autem
869 3359 968 3424 verba
991 3368 1104 3427 contra
1118 3379 1246 3427 sensum
1261 3358 1379 3424 iterata
1394 3359 1442 3426 eis
1456 3361 1583 3427 mendis

57 3482 206 3547 F¹G²S⁸L⁸
233 3498 343 3544 carere
370 3476 484 3559 quibus
510 3477 676 3559 inquinata
696 3484 771 3542 sunt
796 3479 920 3563 eadem,
947 3479 1000 3544 ubi
1027 3481 1111 3546 iusta
1138 3480 1215 3546 sede
1241 3483 1353 3543 extant
1378 3477 1431 3563 (cf.
1457 3481 1580 3564 10220.

226 3600 277 3663 21.
290 3599 356 3681 23).
404 3597 514 3680 itaque
547 3617 623 3662 casu
656 3597 689 3662 in
723 3618 795 3663 eum
829 3599 985 3684 codicem,
1020 3620 1061 3665 ex
1087 3619 1151 3682 quo
1176 3598 1328 3682 descripti
1363 3606 1438 3663 sunt
1460 3599 1580 3684 GFSL,

226 3716 353 3800 irrepsit
375 3715 484 3781 lolium
508 3738 548 3783 ex
570 3717 634 3782 alio
658 3716 778 3800 codice,
800 3718 853 3799 qui
870 3719 1027 3784 Venetam
1044 3720 1071 3785 V
1087 3739 1159 3784 cum
1180 3717 1302 3783 maiore
1323 3715 1387 3783 tide
1411 3719 1579 3805 expressit

226 3857 320 3920 porro
354 3835 530 3900 communis
563 3817 611 3901 eis
644 3842 693 3901 est
726 3854 843 3918 magna
876 3835 908 3901 iu
943 3845 1055 3919 quarto
1082 3838 1164 3903 libro
1197 3837 1322 3921 lacuna,
1356 3857 1420 3919 qua
1454 3839 1579 3924 periere

224 3954 351 4036 integra
373 3955 480 4039 capita
502 3956 595 4038 5—8,
623 3963 769 4038 quartum
796 3955 872 4021 inde
899 3976 919 4021 a
946 3956 1052 4022 verbis
1074 3963 1116 4044 τῷ
1139 3958 1257 4041 πλούτῳ
1279 3957 1433 4043 (lusui),
1460 3977 1579 4049 nonum

227 4093 326 4155 usque
348 4072 390 4138 ad
413 4074 513 4140 verba
535 4074 755 4159 προαιρούμενοι
769 4074 925 4159 (12923).
969 4075 1126 4142 accedunt
1148 4076 1288 4142 minores
1302 4076 1505 4161 omissiones,
1528 4096 1578 4143 ex.

88 4202 91 4209 '
225 4211 270 4272 gr.
294 4192 326 4257 in
350 4192 430 4259 libro
456 4192 558 4277 primo
581 4193 715 4277 physico
738 4195 941 4258 rl-rororiror
964 4195 1409 4280 3,13-14τοῡ-κινουμένου
1431 4198 1512 4282 3,18
1537 4200 1578 4268 ὡς

128 4334 133 4345 ·
225 4315 361 4395 σώματος
382 4313 434 4396 5,5
460 4313 535 4378 κατὰ
557 4314 629 4397 6,3·2
652 4313 832 4400 ὅσα-αὐτῷ
857 4316 950 4397 leit
978 4317 1107 4400 ἐνεργείᾳ
1133 4316 1227 4399 2933
1249 4317 1444 4403 τεῇ-γίνεται
1471 4318 1578 4401 γίνεται

225 4431 276 4515 38,
289 4432 329 4496 29
361 4431 406 4514 (G
433 4431 571 4496 hicnon
602 4433 741 4518 inspexi)
775 4434 823 4497 ἐπὶ
853 4435 961 4498 τούτων
991 4437 1041 4519 39,
1054 4438 1104 4502 28.
1161 4438 1327 4522 exemplar
1356 4444 1464 4505 autem
1494 4438 1578 4504 lace·

227 4571 305 4635 rum,
333 4571 373 4615 ex
395 4571 458 4634 quo
484 4552 614 4635 fluxere,
648 4573 705 4635 pro
732 4552 815 4616 virili
843 4562 935 4636 parte
961 4556 1094 4639 quisque
1120 4557 1204 4623 ultro
1229 4557 1383 4624 foedavit.
1428 4565 1576 4623 exactam

224 4670 367 4735 tabulam
395 4691 458 4735 uon
483 4670 691 4747 desiderabis,
720 4674 778 4738 sed
805 4674 888 4738 scies
916 4676 994 4738 nulli
1022 4676 1136 4741 deesse
1159 4696 1234 4742 suas
1256 4677 1400 4759 lacunas,
1428 4677 1576 4743 velutin

225 4790 251 4854 F
273 4791 437 4856 numeravi
462 4791 532 4856 libri
555 4791 647 4874 primi
671 4792 777 4857 hiatus
794 4794 833 4857 12
856 4794 987 4859 maioris
1001 4795 1149 4860 ambitus.
1193 4795 1352 4861 accedunt
1373 4799 1577 4881 corruptelae

222 4909 271 4975 his
293 4918 444 4995 quattuor
467 4910 655 4995 peculiares,
678 4911 716 4977 cf.
738 4933 777 4977 cx
801 4912 881 4978 libro
904 4915 1005 4998 primo
1022 4917 1095 4995 318
1117 4917 1191 5001 uuo
1213 4916 1287 4999 9,10
1309 4915 1578 4999 23,7.21.2330
