3540 5610
208 296 249 359 52
694 292 844 351 ΑΙΙΟΡΙΩΝ
870 293 928 349 ΚΑΙ
950 295 1082 353 ΛΥΣΕΩΝ

260 467 361 553 ἐκείνιρ
385 472 417 532 τύ
445 468 562 533 ἔλαττον
586 469 694 552 δερμδν
722 470 794 552 μίξει
821 474 871 533 τοῦ
900 469 1035 532 ἐναντίου.
1081 469 1099 551 ἡ
1127 473 1194 550 γοῦν
1221 467 1293 551 φλόξ
1321 464 1438 530 ἔλαττον
1461 467 1514 548 μὲν

263 574 371 656 δερμδν
394 578 445 636 τοῦ
462 573 672 656 πεπυρωμένου
696 575 827 656 σιδήρου,
851 572 911 636 ἀλλ’
933 573 966 636 ού
989 570 1171 657 ψυχρότητος
1187 571 1268 652 μίξει,
1291 569 1351 633 ἀλλ’
1373 569 1485 652 ἐστινὴ
1510 566 1557 655 1ss

261 673 389 745 ἐπίτασις
411 678 441 738 ἐν
465 682 507 761 τῷ
529 679 640 761 σιδήρῳ
663 676 741 759 παρὰ
763 678 815 758 τὴν
838 682 890 760 τῆς
910 678 980 759 ῦλης
1002 674 1178 759 στερεότητά
1199 697 1230 737 τε
1254 676 1301 737 καὶ
1325 673 1501 736 ἀντιτυπίαν.
1526 678 1568 735 115

261 782 304 862 τῷ
327 780 381 864 γὰρ
404 780 571 864 ἀντιβατικὴ
601 779 673 842 εἶναι
700 781 747 841 καὶ
776 781 816 863 μὴ
844 780 924 863 εἰκτὴ
953 781 1000 842 καὶ
1027 781 1059 842 τό
1088 779 1118 841 ἐν
1146 777 1220 861 αὐτῇ
1249 778 1357 862 θερμὸν
1386 780 1515 840 τοιοῦτον

225 901 240 948 5
259 882 427 966 παρέχεται.
461 884 509 946 καὶ
532 885 565 945 τὸ
590 886 629 951 ῶς
652 887 795 966 στοιχεῖον
819 884 855 966 δὴ
880 887 946 967 πῦρ,
969 883 1021 965 τὴν
1037 881 1120 965 φύσιν
1145 881 1176 944 όν
1201 880 1289 964 μανόν
1311 904 1342 944 τε
1363 882 1410 943 καὶ
1428 879 1514 964 ξηρδν
1540 894 1555 936 ο

260 986 308 1047 καὶ
331 985 451 1069 ἄμικτον
475 987 545 1070 ύλης
567 989 705 1071 χορηγίαν
726 985 868 1071 παρέχειν
891 984 1050 1069 δυναμένης
1066 985 1187 1068 τοιούτῳ
1204 985 1281 1068 πυρί,
1304 984 1381 1047 οῦτω
1405 983 1515 1066 θερμόν

261 1088 345 1151 ἐστιν.
392 1090 494 1170 ἀμέλει
516 1094 607 1153 ταῦτα
630 1090 719 1153 αὐτοῦ
742 1090 904 1167 ἐξάπτεται,
929 1090 984 1152 όσα
1007 1089 1036 1151 ἐν
1059 1088 1139 1170 αὐτῷ
1159 1088 1273 1170 πιλησίν
1295 1111 1357 1150 τινα
1380 1085 1517 1171 ἔχεικαὶ

261 1192 424 1276 πυκνότητα
446 1195 494 1256 καὶ
516 1198 559 1278 τῷ
582 1194 705 1279 τοιούτιρ
735 1194 802 1277 πυρὶ
824 1195 943 1277 τροφήν.
990 1193 1033 1255 διὸ
1057 1193 1105 1254 καὶ
1127 1190 1321 1273 εὐλογώτερον
1349 1190 1383 1252 ἄν
1405 1214 1448 1257 τις
1470 1188 1516 1251 λε’·

259 1317 303 1375 γοι
327 1296 358 1356 τό
382 1300 493 1358 τοιοῦτο
520 1300 576 1380 πῦρ
606 1297 751 1381 μεμῖχθαι
779 1301 820 1380 τῷ
850 1296 979 1379 ἐναντίῳ.
1025 1300 1135 1378 τροφῆς
1160 1294 1214 1378 γὰρ
1237 1297 1322 1358 τοῦτο
1350 1296 1441 1356 δεῖται
1465 1293 1514 1354 καὶ
1530 1308 1557 1350 ιο

210 1418 240 1464 10
260 1400 393 1471 σώζεται,
417 1398 474 1467 ἕως
488 1399 593 1482 ταύτην
615 1397 685 1484 ἔχη,
708 1400 800 1482 τροφὴ
823 1399 856 1460 δὲ
877 1399 910 1461 τὸ
931 1399 1056 1460 ἐναντίον
1080 1402 1123 1483 τιῦ
1147 1397 1277 1481 ἐναντίῳ.
1311 1393 1353 1459 ἔτι
1375 1393 1425 1459 οῦν
1449 1395 1515 1459 ἐπεὶ

260 1501 314 1583 ύλη
337 1502 369 1562 τὸ
392 1505 504 1564 τοιοῦτο
528 1507 599 1585 πῦρ,
627 1500 693 1586 ἔχοι
714 1501 749 1564 οίν
772 1525 797 1563 τι
820 1503 868 1563 καὶ
896 1507 945 1563 τοῦ
970 1501 1097 1563 ἐναντίου
1126 1501 1207 1585 αὐτῷ
1231 1499 1247 1563 δ
1270 1500 1357 1584 φέρον
1380 1500 1422 1567 εἰς
1444 1500 1516 1561 αύτδ

263 1605 445 1687 μεταβάλλει.
494 1605 527 1666 τό
555 1606 587 1667 δέ
614 1604 667 1667 οῦκ
694 1605 740 1666 ἐπὶ
768 1610 863 1689 τροφῇ
892 1608 963 1688 πῦρ,
991 1602 1050 1666 ἀλλ’
1079 1603 1227 1687 εἰλικρινές
1252 1627 1284 1666 τε
1311 1605 1358 1666 καὶ
1385 1604 1516 1686 καθαρὸν
1531 1618 1557 1660 15

263 1706 382 1789 ἄμικτον
405 1712 455 1769 τοῦ
473 1707 613 1782 ἐναντίου,
635 1709 668 1770 τό
691 1705 758 1770 καθ’
779 1708 850 1770 αύτδ
875 1705 1008 1791 ύφεστύς.
1032 1710 1072 1776 ῶς
1092 1710 1139 1770 καὶ
1162 1712 1219 1768 τῶν
1240 1706 1337 1769 άλλων
1360 1706 1516 1791 στοιχείων

260 1810 389 1873 ἕκαστον.

210 2036 238 2084 15
260 2015 373 2080 xvlll.
421 2016 503 2098 Περὶ
526 2021 585 2079 τοῦ
609 2018 668 2101 τὴν
693 2017 793 2100 φύσιν
818 2017 990 2102 ὑπάρχειν
1014 2018 1125 2102 ἀρχὴν
1149 2018 1331 2102 κινήσεως.

339 2185 400 2251 Ὁτι
423 2189 474 2269 μὲν
498 2190 516 2271 ἡ
540 2191 624 2273 φύσις
655 2191 733 2273 ἀρχὴ
757 2188 914 2270 κινήσεως,
942 2190 1030 2272 δῆλον
1058 2190 1091 2252 ἐκ
1113 2193 1164 2252 τοῦ
1187 2194 1238 2272 τῆς
1266 2188 1408 2271 κινήσεως
1430 2189 1512 2271 ἀρχῇ
1527 2203 1558 2244 ¹⁰

260 2292 406 2374 διαφέρειν
430 2291 465 2353 τὰ
488 2293 596 2375 φυσικὰ
619 2296 676 2353 τῶν
701 2293 740 2374 μὴ
766 2296 896 2376 φυσικῶν
920 2294 1080 2374 σωμάτων,
1106 2287 1132 2376 ᾧ
1155 2293 1188 2354 δὲ
1209 2291 1381 2375 διαφέροντα
1403 2290 1439 2354 τὰ
1462 2314 1515 2374 φυ·

260 2394 326 2455 σικδι
349 2401 408 2457 τῶν
432 2395 473 2477 μὴ
497 2401 626 2478 φυσικῶν
653 2396 762 2476 φυσικά
784 2394 860 2467 ἐστι,
889 2399 973 2458 τοῦτο
997 2395 1068 2458 εἶναι
1095 2396 1146 2478 τὴν
1169 2395 1263 2479 φύσιν.
1310 2396 1365 2458 ὅσα
1388 2395 1439 2477 μὲν
1463 2391 1514 2455 οὖν

261 2499 383 2578 σώματα
405 2499 512 2580 γενητοί
535 2499 610 2560 ἐστιν
635 2496 702 2559 όντα
725 2503 845 2581 φυσικά,
870 2500 979 2567 τούτοις
1001 2501 1019 2581 ἡ
1041 2497 1150 2580 γένεσις
1173 2500 1203 2561 ἐν
1226 2500 1386 2582 ἀλλοτρίοις
1407 2500 1515 2580 γίνεται
1530 2513 1560 2555 ετ

206 2619 240 2664 ‘20
259 2600 370 2674 τόποις,
399 2603 445 2663 καὶ
474 2599 549 2663 ἔστιν
577 2602 596 2682 ἡ
624 2602 733 2685 κίνησις
760 2601 857 2670 αὐτοῖς
885 2607 1061 2686 συνεργοῦσα
1086 2618 1088 2685 γ
1114 2602 1185 2683 πρὸς
1212 2603 1244 2663 τδ
1273 2601 1303 2663 ἐν
1330 2606 1373 2686 τῷ
1401 2602 1500 2686 οἰκείῳ
1527 2607 1572 2663 1111

257 2702 391 2782 γενέσθαι
414 2701 506 2786 τόπῳ,
530 2703 559 2764 ἐν
583 2701 608 2787 ᾧ
632 2704 772 2786 γενόμενα
799 2705 906 2788 ἠρεμεῖ
927 2728 957 2766 τε
980 2705 1052 2767 κατὰ
1079 2703 1167 2766 τύπον
1195 2705 1244 2767 καὶ
1266 2702 1327 2768 ἔστι
1354 2703 1429 2767 καδύ
1453 2704 1516 2766 ἐστι

258 2804 392 2887 γινόμενα
415 2805 571 2886 τελειότητι
601 2806 680 2890 (εἶχε
702 2807 756 2890 γὰρ
779 2807 809 2868 ἐν
832 2808 929 2875 αύτοῖς
956 2809 1003 2870 καὶ
1026 2809 1078 2890 τὴν
1101 2809 1197 2892 ἀρχὴν
1220 2813 1273 2890 τῆς
1295 2809 1342 2870 ἐπὶ
1365 2811 1449 2870 τοῦτο
1473 2831 1513 2869 κι-

259 2906 400 2989 νήσεως),
428 2914 488 2974 τοῖς
510 2907 536 2969 δ’
565 2909 714 2990 ἀγενήτοις
740 2933 770 2971 τε
792 2911 840 2971 καὶ
863 2914 900 2992 τῇ
925 2911 1037 2973 ἑαυτῶν
1060 2911 1144 2993 φύσει
1167 2911 1287 2978 τελείοις
1310 2913 1441 2993 σώμασιν
1465 2912 1514 2973 καὶ
1543 2927 1559 2967 ε

257 3007 336 3072 οὖσιν
363 3010 393 3071 ἐν
423 3013 467 3094 τῳ
491 3011 563 3073 κατὰ
588 3011 672 3094 φύσιν
700 3011 796 3080 αὐτοῖς
826 3014 907 3095 τόπῳ
939 3037 956 3095 η
982 3014 1082 3097 φύσις,
1110 3010 1189 3076 τοῦτ’
1217 3010 1293 3076 ἔστιν
1320 3038 1339 3096 η
1362 3013 1393 3075 ἐν
1415 3013 1516 3082 αὐτοῖς

206 3134 238 3180 25
259 3113 338 3197 ἀρχὴ
367 3118 420 3196 τῆς
446 3115 602 3196 κινήσεως.
634 3115 686 3177 οῦκ
713 3116 754 3183 εἰς
780 3116 833 3197 τὴν
865 3116 894 3184 ἐξ
920 3117 1051 3185 ἀτελείας
1082 3117 1123 3185 εἰς
1150 3115 1316 3201 τελειότητα
1348 3117 1513 3203 μεταβολὴν

259 3220 403 3283 συντελεῖ.
433 3215 500 3279 οῦδέ
523 3217 564 3285 είς
587 3219 619 3279 τό
642 3218 689 3278 ἐπὶ
713 3220 760 3279 τόν
783 3218 855 3280 κατὰ
879 3220 964 3302 φύσιν
987 3219 1085 3287 αὐτοῖς
1107 3219 1194 3283 τόπον
1219 3220 1376 3305 ἐνεχίλῆναι
1399 3220 1515 3303 (τέλειοί
1531 3238 1560 3280 ιο

256 3343 287 3380 τε
309 3320 362 3400 γάρ
385 3319 445 3380 ἐστι
469 3321 516 3381 καὶ
539 3319 678 3382 οὐδέποτε
705 3319 846 3388 ἐξίσταται
874 3326 924 3382 τοῦ
947 3321 1021 3384 κατὰ
1048 3322 1133 3405 φύσιν
1156 3322 1271 3391 ἑαυτοῖς
1298 3321 1418 3404 τόπου),
1447 3322 1509 3385 ἀλλ’

256 3422 297 3489 εἰς
319 3423 351 3483 τό
379 3421 425 3483 διὰ
453 3429 505 3506 τῆς
531 3422 595 3486 κατ’
623 3423 709 3485 αὐτόν
740 3423 883 3505 ἐνεργείας
911 3426 1084 3506 όμοιοῦσδαι
1113 3430 1156 3510 τῷ
1183 3432 1241 3487 τῶν
1273 3423 1363 3488 όντων
1390 3425 1514 3509 ἀρίστῳ,

256 3531 292 3606 τῇ
321 3526 404 3608 ἀιδίῳ
433 3549 462 3587 τε
490 3528 538 3588 καὶ
567 3532 687 3610 συνεχεῖ
714 3529 761 3588 καὶ
792 3528 890 3608 όμαλγ]
918 3530 1042 3611 κινήσει,
1075 3530 1238 3611 μιμούμενα
1265 3529 1297 3590 τό
1326 3551 1357 3591 τε
1384 3529 1515 3612 ἐνεργείᾳ

203 3649 237 3695 30
257 3630 316 3691 δεῖν
340 3628 412 3690 εἶναι
440 3628 529 3690 αὐτοῦ
553 3631 600 3691 καὶ
629 3631 662 3690 τδ
686 3630 818 3712 ἀκίνητον
847 3632 894 3692 καὶ
918 3633 968 3713 τὴν
993 3633 1101 3706 στάσιν.
1147 3632 1193 3694 διὰ
1217 3633 1269 3713 μὲν
1295 3636 1346 3695 τοῦ
1369 3633 1515 3696 κινεῖσθαι
1531 3650 1559 3692 ιε

257 3733 288 3793 τὸ
328 3733 455 3814 ἐνεργείᾳ
488 3732 560 3794 εἶναι
595 3734 684 3795 αὐτοῦ
719 3733 863 3816 (ἐνέργειά
891 3758 931 3801 τις
958 3759 977 3816 η
1009 3736 1132 3817 κίνησις·
1168 3733 1226 3796 ἔδει
1258 3735 1312 3818 γὰρ
1344 3734 1379 3797 τὰ
1411 3737 1514 3819 μιμού-

257 3859 328 3914 μενα
350 3837 382 3896 τό
399 3836 500 3904 ἁπλῶς
523 3837 650 3919 ἐνεργείᾳ
674 3835 705 3897 όν
728 3837 775 3898 καὶ
793 3839 935 3919 μηδαμῶς
959 3842 1113 3899 κοινωνοῦν
1137 3840 1288 3920 δυνάμεως
1310 3837 1346 3900 δι’
1367 3838 1514 3920 ἐνεργείας

255 3944 306 4019 τῆς
328 3938 402 4000 κατὰ
425 3939 509 4022 φύσιν
538 3938 635 4007 αὐτοῖς
657 3943 742 4001 τοῦτο
769 3938 890 4020 ποιεῖν),
919 3940 966 4002 διδι
989 3941 1021 4003 δὲ
1043 3946 1093 4004 τοῦ
1118 3947 1252 4025 συνεχῶς
1275 3939 1321 4025 [ᾖ]
1345 3943 1392 4004 καὶ
1415 3964 1513 4024 τεταγ·
1527 3959 1557 4000 ευ

256 4042 349 4121 μένως
372 4043 418 4102 καὶ
442 4042 550 4122 ὁμοίιος
574 4044 619 4104 οἰεὶ
642 4043 783 4103 κινείσίλαι
812 4043 864 4124 τἠν
888 4045 977 4104 ἀίδιον
1005 4043 1093 4106 αὐτοῦ
1119 4046 1278 4126 μεμίμηται
1301 4045 1396 4128 φύσιν.
1442 4044 1512 4108 ούτε

202 4163 234 4209 35
254 4144 308 4226 γὰρ
332 4145 371 4226 μη
389 4145 554 4226 κινούμενον
578 4143 614 4226 ἦν
638 4144 671 4206 ἂν
694 4150 779 4225 σῶμα
803 4145 933 4228 φυσικόν,
957 4146 1164 4230 δκυριῶτατον
1187 4152 1245 4209 τῶν
1261 4150 1417 4230 σωμάτων,
1440 4146 1512 4211 οὔτε

256 4247 421 4327 κινούμενον
444 4253 494 4309 τοῦ
511 4248 616 4330 στῆναί
636 4271 704 4309 ποτε
728 4250 774 4309 καὶ
798 4249 838 4330 μὴ
860 4255 991 4333 συνεχῶς
1014 4251 1155 4312 κινεῖσθαι
1179 4249 1296 4332 εὔλογον
1320 4252 1411 4312 αἰτίαν
1428 4250 1510 4335 ἔχει·
1525 4269 1554 4310 ετ

254 4348 320 4411 οῦτε
343 4351 395 4432 γὰρ
419 4350 497 4433 παρὰ
523 4356 573 4412 τοῦ
597 4349 700 4419 τόπου.
730 4350 796 4413 ούτε
819 4352 896 4434 παρὰ
924 4357 974 4414 τοῦ
1002 4355 1142 4416 κινεῖσθαι
1167 4355 1245 4438 παρὰ
1269 4353 1272 4440 ί
1297 4356 1398 4440 φύσιν,
1428 4354 1498 4419 ούτε
1523 4364 1565 4420 117

201 4550 216 4598 (i
235 4548 345 4598 fortasse
365 4547 434 4618 <ούχ>
454 4546 520 4598 οὕτω
596 4548 627 4597 111
645 4546 781 4616 ἔχειυδρ.
857 4549 883 4597 11
906 4547 1010 4599 οιύτύ11
1086 4551 1116 4601 12
1135 4552 1174 4603 ἐπὶ
1194 4553 1277 4622 τροφῇ
1294 4552 1399 4620 scripsi:
1419 4553 1459 4605 ἐπί
1479 4556 1561 4626 τροφὴ

203 4638 235 4685 V:
255 4636 374 4704 ἐπιτροφὴ
395 4655 423 4685 a:
443 4635 493 4687 ἔστι
511 4637 593 4707 τροφῇι
611 4636 654 4701 Sp.
732 4634 818 4701 1ἷ1τὸ]
839 4645 960 4700 exponas
980 4639 1022 4687 καὶ
1094 4637 1127 4688 '22’
1147 4640 1267 4706 γενόμενοι
1281 4642 1348 4691 coni.
1361 4640 1404 4708 Sp.
1479 4642 1506 4693 ἐν
1525 4662 1567 4695 τε·

201 4720 309 4791 λειότητι
325 4724 390 4772 λίιί.
463 4723 586 4774 αύτοῖσῦ
659 4723 691 4772 ‘2ss
712 4723 792 4774 τελεία
812 4742 827 4772 a
847 4727 889 4789 sp.
972 4724 1004 4774 2?
1024 4726 1132 4789 ἑαυτοῖς]
1152 4726 1236 4783 αὺτοῖς
1255 4729 1321 4779 coni.
1342 4728 1385 4795 Sp.
1457 4730 1495 4782 30
1514 4730 1567 4784 δεῖν

202 4810 517 4876 ι1ε1.ιε1οἰε18γι.1ιοιιυ
589 4810 617 4860 31
641 4812 686 4880 γάρ
705 4829 742 4866 τις
762 4812 794 4861 132‘
815 4813 881 4862 vict.
901 4812 945 4879 Sp.
1019 4812 1124 4865 sortasse
1144 4815 1229 4872 αὐτοῖς
1300 4814 1333 4867 33
1353 4816 1368 4882 ἡ
1389 4816 1439 4869 del.
1458 4817 1504 4884 Sp.

201 4898 234 4947 34
254 4896 311 4948 οὔτε
331 4899 438 4964 scripsi:
458 4896 514 4948 οὐδὲ
534 4898 591 4949 libri
