3540 5610
674 342 877 397 ALEXANDRI
901 343 945 395 DE
968 341 1079 396 ΑΝΙΜΑ
1512 341 1554 406 99

258 516 290 578 τὸ
312 513 490 601 βοολητικύν.
536 512 626 599 ὄρεξις
647 516 702 598 γάρ
729 539 770 584 τις
792 518 810 599 ί,
835 516 978 601 βούλησις.
1023 514 1098 578 ὅπου
1122 515 1209 577 δὲτὸ
1232 513 1414 600 βουλητικύν,
1444 513 1506 576 ἐκεῖ

258 621 359 681 καὶτὸ
383 617 564 703 βουλευτικύν
593 641 625 680 τε
651 619 698 680 καὶ
725 621 758 681 ιδ
780 618 950 700 λογιστικόν.
995 618 1089 701 ἡγὰρ
1113 617 1248 702 βούλησις
1278 616 1368 701 ὄρεξις
1391 618 1504 701 βούλευ·

258 722 319 803 τικη
346 744 378 783 τε
405 722 453 783 καί
475 723 631 804 λογιστική.
675 720 751 783 άλλδ
777 721 823 784 καὶ
851 722 923 784 ὅπου
949 721 981 783 τὸ
1010 718 1193 801 αἰσθητικόν,
1222 721 1286 784 ἐκεῖ
1309 722 1356 783 καί
1383 721 1416 783 τὸ
1439 741 1504 800 συγ·
1518 734 1545 778 ιο

258 821 454 885 καταθττικύν.
495 821 568 885 ὅπου
591 824 623 886 δὲ
645 827 740 891 τοῦτο,
762 823 824 885 ἐκεῖ
844 825 891 886 καὶ
914 821 939 907 ᾧ
964 822 1204 906 ὑπολαμβάνομεν
1227 824 1275 886 καὶ
1297 820 1322 909 ᾦ
1348 822 1503 907 δοξάζομεν

233 926 303 988 ικαὶ
325 923 350 1009 ᾧ
375 925 569 1007 διανοούμεθά
595 926 696 987 τεκαὶ
723 926 912 1007 ἐπιστάμεθα.
957 925 1125 1006 πάνταγὰρ
1152 930 1241 989 ταῦτα
1269 928 1340 1009 μετὰ
1367 947 1504 1008 συγκατα-

259 1028 377 1097 θέσεως.
423 1028 497 1090 ἀλλὰ
521 1029 578 1111 μὴν
602 1022 627 1113 ᾦ
652 1028 844 1110 ἐπιστάμεθα,
868 1028 897 1089 ἐν
921 1027 1014 1111 τούτῳ
1036 1028 1084 1088 καὶ
1108 1027 1123 1088 δ
1146 1027 1325 1111 θεωρητικὸς
1347 1033 1422 1098 νοῦς.
1456 1052 1503 1091 κα·

259 1131 345 1194 θύλου
367 1131 414 1203 δέ,
441 1131 466 1192 εἰ
490 1131 541 1211 μὲν
564 1131 682 1194 ἐδύνατο
705 1132 724 1213 τί,
748 1130 848 1212 λογικὴ
873 1130 990 1212 δύναμις
1013 1129 1087 1212 αὐτὴ
1111 1127 1178 1192 καθ’
1206 1131 1297 1215 αὐτὴν
1320 1130 1391 1195 εἶναι
1413 1133 1504 1216 χωρὶς

258 1239 312 1296 τῶν
339 1234 395 1317 πρδ
417 1234 522 1315 ταύτης
545 1233 704 1317 εἰρημένων
732 1234 887 1315 θρεπτικοῦ
916 1233 1087 1314 αἰσθητικοῦ
1115 1238 1307 1316 φανταστικοῦ
1336 1235 1503 1318 ύρμητικοῦ,

257 1336 404 1420 ἐνεδέχετο
422 1339 473 1419 μὲν
490 1336 587 1399 ἄνκαὶ
611 1336 640 1398 ἐν
661 1338 729 1418 ἡμῖν
745 1335 817 1398 εἶναι
832 1335 1052 1420 κεχωρισμένην
1073 1335 1147 1397 κατὰ
1169 1337 1202 1398 τδ
1218 1336 1404 1419 ὑποκείμενον
1420 1338 1504 1420 τήνδε

224 1439 305 1521 ιντίην
327 1439 445 1522 δύναμιν
468 1444 526 1501 τῶν
548 1438 604 1523 πρὸ
621 1438 719 1522 αὐτῆς.
757 1437 790 1500 οὐ
816 1438 873 1520 μὴν
896 1435 956 1499 ἀλλ’
984 1438 1139 1519 ἀναγκαῖον
1163 1436 1197 1499 άν
1220 1436 1256 1520 ἦν
1276 1440 1391 1508 πλείους
1412 1439 1503 1520 λέγειν
1516 1455 1544 1498 οι)

256 1543 351 1627 Ιρυχδις
373 1544 452 1624 ἡμᾶς
478 1540 571 1627 ἔχειν,
599 1543 646 1603 καὶ
673 1539 745 1604 εἶναι
768 1540 888 1603 ἕκαστον
911 1546 969 1602 τῶν
997 1540 1160 1622 ἀνθρώπιον
1189 1544 1254 1625 ζῷα
1280 1543 1381 1604 πλείω.
1426 1543 1452 1604 εί
1474 1541 1498 1605 δ’

256 1645 392 1708 ἀδύνατον
416 1649 499 1707 τοῦτο
522 1645 691 1727 (ἀναγκαῖον
713 1644 767 1727 γὰρ
783 1644 831 1705 τὸν
854 1642 906 1725 τὴν
927 1643 1055 1727 ἐσχάτην
1079 1647 1130 1724 τῆς
1146 1648 1243 1727 ψυχῆς
1266 1642 1383 1725 δύναμιν
1400 1642 1504 1729 ἔχοντα

257 1750 301 1810 καὶ
324 1747 375 1816 τὰς
397 1748 452 1830 πρὸ
477 1746 582 1830 ταύτης
608 1744 700 1831 ἔχειν·
733 1745 879 1827 τελειύτης
904 1745 955 1827 μὲν
980 1743 1033 1826 γὰρ
1056 1749 1109 1827 τῆς
1131 1750 1228 1828 ψυχῆς
1254 1747 1307 1829 ἥδε
1333 1741 1353 1829 η
1375 1747 1503 1831 δύναμις,

257 1852 274 1932 ιἰ,
297 1851 328 1913 δὲ
344 1848 490 1932 τελειύτης
513 1848 558 1912 ἐπ’
580 1849 681 1933 ἐκείνῳ
706 1850 753 1910 καὶ
769 1848 820 1910 σῦν
841 1847 942 1931 ἐκείνιρ
962 1846 1047 1913 ἐστίν.
1070 1846 1105 1909 ού
1120 1846 1179 1909 ἐστι
1201 1847 1369 1931 τελειύτης),
1392 1851 1502 1933 ἀνάγκη

225 1968 245 2010 15
256 1954 301 2015 καὶ
327 1953 380 2035 τὴν
407 1952 571 2033 λογιστικὴν
597 1952 694 2036 ψυχὴν
723 1950 793 2013 εἶναι
820 1951 884 2034 περὶ
911 1949 1038 2032 καρδίαν.
1083 1947 1124 2011 ἔτι
1150 1948 1267 2032 εῦλογον
1295 1953 1347 2033 μὲν
1375 1953 1448 2036 μήτε
1469 1953 1503 2015 τὸ

261 2056 412 2139 πρακτικὸν
435 2059 488 2137 τῆς
502 2059 600 2139 ψυχῆς
623 2056 804 2127 διεσπάσθαι,
829 2055 870 2120 ὡς
892 2051 964 2114 εἶναι
986 2051 1016 2113 ἐν
1036 2051 1117 2134 άλλιρ
1139 2054 1187 2115 καὶ
1210 2051 1290 2138 ἅλλιρ
1314 2055 1416 2139 μορίῳ,
1439 2054 1499 2117 ἀλλ’

258 2159 285 2218 ἑν
302 2161 344 2240 τῷ
368 2157 447 2241 αὐτῷ
465 2161 521 2219 πᾶν
537 2156 608 2225 αὐτὸ
624 2156 706 2234 εἶναι,
730 2158 804 2239 μήτε
823 2158 907 2218 πάλιν
924 2155 956 2216 τὸ
981 2151 984 2238 1
1008 2155 1143 2238 κριτικύν,
1166 2155 1226 2217 ἀλλ’
1247 2155 1318 2219 εἶναι
1340 2159 1486 2221 καὶτοῦτο
1504 2174 1556 2218 mv

257 2264 310 2322 πᾶν
337 2260 367 2322 ἐν
394 2265 436 2343 τῷ
465 2259 562 2344 αὐτῷ.
596 2259 637 2327 είς
664 2259 715 2322 δύο
744 2260 776 2321 δὲ
804 2262 892 2320 ταῦτα
921 2259 1073 2340 ἀνάγονται
1099 2259 1129 2319 αἱ
1157 2260 1292 2341 δυνάμεις
1319 2265 1371 2344 τῆς
1398 2267 1504 2346 ψυχῆς,

255 2361 285 2424 τύ
301 2386 331 2425 τε
346 2363 501 2446 πρακτικὸν
518 2362 613 2424 καὶτὸ
630 2359 763 2445 κριτικύν.
801 2358 868 2445 (ἔτι)
883 2362 908 2422 εί
924 2358 1011 2435 ἔστιν,
1034 2361 1064 2422 ἐν
1081 2358 1105 2445 ᾦ
1122 2361 1154 2423 τὸ
1172 2360 1333 2444 θρεπτικόν,
1357 2363 1386 2424 ἐν
1409 2363 1503 2449 τούτιρ

221 2468 300 2528 ιοκαὶ
327 2467 360 2527 τὸ
388 2462 572 2547 αίσθητικύν.
607 2464 716 2547 ἀνάγκη
745 2464 775 2526 ἐν
802 2468 844 2547 τῷ
872 2462 952 2546 αὐτῷ
981 2460 1043 2526 κατ’
1071 2464 1195 2546 ἀριθμὸν
1229 2463 1300 2526 εἶναι
1330 2469 1424 2530 πᾶσαν
1451 2469 1503 2550 τἠν

255 2570 359 2653 ψυχήν.
404 2569 437 2630 τὸ
466 2567 518 2649 μὲν
545 2567 599 2650 γὰρ
629 2567 782 2649 θρεπτικὸν
809 2567 888 2650 άρχὴ
917 2570 968 2648 τῆς
996 2571 1153 2650 πρακτικῆς
1180 2571 1278 2651 ψυχῆς
1304 2567 1423 2652 (ταύτης
1449 2570 1502 2652 γὰρ

255 2671 336 2734 τοῦτύ
358 2694 390 2732 τε
412 2672 459 2733 καὶ
486 2671 519 2732 τδ
543 2667 698 2753 δρμητικύν
726 2671 774 2731 καί
796 2669 828 2731 τδ
852 2666 1026 2752 δρεκτικύν),
1057 2669 1089 2730 τδ
1112 2667 1144 2730 δέ
1169 2691 1202 2749 γε
1223 2669 1392 2753 αίσθητικδν
1418 2673 1503 2733 πάλιν

255 2776 331 2859 α’ρχη
356 2797 407 2856 της
430 2778 566 2855 κριτικῆς.
611 2776 662 2833 τοῦ
685 2771 737 2853 γάρ
761 2776 886 2855 κριτικοῦ
909 2773 957 2834 καὶ
979 2772 1011 2833 τδ
1035 2770 1240 2854 φανταστικόν,
1267 2770 1307 2835 ἔτι
1330 2775 1363 2836 δὲ
1384 2775 1417 2837 τδ
1439 2776 1504 2858 βου·
1530 2792 1544 2831 τ

256 2875 383 2939 λεντικύν
410 2899 441 2937 τε
467 2877 515 2938 καὶ
543 2873 731 2959 θεωρητικύν.
782 2874 856 2936 άλλδι
885 2876 941 2957 μὴν
968 2875 1032 2956 περὶ
1059 2873 1111 2955 τὴν
1139 2875 1256 2957 καρδίαν
1290 2874 1380 2960 ἄμφω
1407 2877 1504 2941 ἐκεῖνα

219 2976 320 3041 ιούντα
342 2978 475 3063 ἐδείχθη.
520 2979 584 3062 περὶ
607 2977 712 3061 ταύτην
734 2977 791 3061 ἄρα
814 2978 861 3039 καὶ
887 2978 917 3040 αἱ
939 2977 1036 3039 λοιπαὶ
1058 2981 1110 3058 τῆς
1132 2981 1230 3061 ψυχῆς
1252 2979 1394 3062 δυνάμεις.
1439 2982 1504 3064 περὶ

254 3083 370 3166 καρδίαν
393 3081 449 3165 ἄρα
472 3083 504 3142 τδ
527 3084 579 3163 τῆς
601 3085 698 3164 ψυχῆς
725 3085 776 3162 τῆς
800 3080 830 3142 ἐν
853 3084 912 3149 τοῖς
940 3077 1027 3163 ζῴοις
1053 3080 1085 3140 τὸ
1107 3077 1288 3161 ἡγεμονικόν.
1333 3079 1394 3145 ἔστι
1418 3084 1450 3146 δὲ
1473 3085 1503 3147 ἐν

255 3186 377 3268 ἑκατέρᾳ
400 3185 534 3264 δυνάμει,
563 3206 599 3266 τη
623 3206 655 3244 τε
677 3186 791 3266 κριτικῇ
814 3183 862 3244 καὶ
885 3188 921 3263 τῇ
945 3185 1106 3264 πρακτικῇ,
1133 3181 1165 3243 τδ
1189 3182 1240 3263 μὲν
1264 3183 1446 3268 ύπηρετικύν,
1469 3188 1502 3249 τὸ

255 3289 286 3350 δὲ
313 3286 493 3370 ἡγεμονικύν.
538 3286 574 3348 αί
595 3308 626 3347 τε
651 3285 704 3368 γὰρ
732 3286 838 3368 κρίσεις
865 3285 1022 3368 ὑπηρεσίας
1048 3286 1200 3367 ὀργανικῆς
1229 3285 1340 3348 δέονται
1369 3285 1502 3368 (τοιαῦτα

253 3391 307 3474 γὰρ
334 3392 370 3453 τὰ
396 3388 602 3472 αἰσθητήρια),
630 3389 662 3451 αι’
687 3411 717 3450 τε
743 3388 858 3472 πράξεις
885 3389 933 3450 καὶ
960 3386 1044 3450 αὐταὶ
1072 3383 1109 3449 δι’
1139 3387 1267 3470 ὀργάνων
1295 3389 1501 3456 ἐπιτελοῦνται.
1517 3409 1543 3450 ιο

219 3499 354 3578 ιοχεῖρες
376 3493 431 3575 γὰρ
453 3493 501 3554 καὶ
523 3491 610 3558 πύδες
633 3491 704 3573 πρὸς
725 3490 776 3559 τὰς
802 3490 917 3574 πράξεις
940 3488 1046 3573 ὄργανα
1072 3492 1268 3574 φανερώτατα.
1314 3491 1349 3554 τὰ
1372 3494 1404 3555 δὲ
1426 3494 1504 3577 λεγύ-

255 3620 328 3679 μενα
351 3597 423 3678 πρὸς
444 3594 528 3663 δεῖξιν
551 3599 601 3657 τοῦ
625 3595 657 3656 τὸ
680 3596 853 3677 ἡγεμονικὸν
881 3593 946 3676 περὶ
969 3593 1099 3676 κεφαλήν
1126 3594 1226 3655 τεκαὶ
1249 3594 1406 3679 ἐγκέφαλον
1429 3597 1503 3660 εἶναι

206 3786 268 3836 1-‘2
288 3784 527 3854 βανλητικὸν-ίκεῖ
545 3786 587 3836 καὶ
605 3783 634 3835 τὸ
653 3799 703 3835 om.
793 3782 808 3833 2
829 3780 954 3852 βούλησις]
973 3783 1106 3847 Meinung,
1124 3782 1236 3834 Ansicht
1323 3785 1391 3837 4-5
1410 3783 1556 3856 ὑπολαμβά-

202 3869 481 3941 νομεν-ἐπιστάμεθα]
506 3872 628 3935 Denken,
651 3872 781 3935 Einsicht‚
801 3869 992 3922 wissenschaft
1114 3869 1130 3921 5
1158 3870 1372 3940 πάντα-ταῦτα]
1397 3872 1467 3925 deun
1485 3874 1555 3928 diese

202 3961 256 4012 sind
275 3966 384 4012 zuerst
489 3958 587 4011 δάλλὰ
606 3957 667 4028 μὴν]
687 3959 741 4010 und
847 3956 946 4026 ῖαύτὴ
965 3954 1026 4008 καθ’
1049 3956 1126 4026 αῦπην
1144 3972 1194 4009 οιιι.
1303 3961 1334 4012 10
1351 3959 1461 4030 πλείους]
1481 3964 1555 4017 viel&

202 4047 487 4099 nichteineSeele
602 4047 627 4098 11
659 4045 749 4114 πλείω]
769 4045 843 4108 viole,
863 4045 1023 4096 nichtein
1043 4045 1137 4097 Thio-r
1246 4045 1554 4119 τελειότης-ῆῦιῂδύ-

202 4154 268 4202 ναμις
288 4151 338 4187 οιιι.
465 4133 567 4186 15-10
595 4134 631 4185 ἔτι
650 4132 841 4203 εὔλογον-τῆς
860 4130 955 4204 ψυχῆς]
981 4132 1107 4196 Feruor,
1131 4149 1204 4185 ινειιιι
1223 4151 1251 4185 es
1270 4135 1343 4201 ιιδιίρ
1361 4137 1409 4200 ist,
1432 4137 1492 4189 dass
1510 4138 1555 4190 der

203 4223 345 4289 praktische
365 4222 421 4273 Teil
441 4220 575 4274 ι1ει8οε1ο
595 4220 714 4288 [vielfach
735 4223 785 4283 sei;
804 4220 881 4286 apod.
900 4217 982 4286 deest]
1091 4220 1193 4272 17-18
1212 4221 1275 4289 μήτε
1294 4220 1437 4275 πάλιν-ὲν
1455 4227 1493 4293 τῷ
1512 4224 1555 4276 αδ-

203 4310 248 4378 τιρ]
272 4310 327 4362 und
346 4310 442 4361 ebenso
462 4309 560 4361 verhilt
584 4325 611 4361 es
634 4310 688 4361 sich
708 4310 755 4360 mit
774 4308 830 4360 dem
853 4307 1035 4360 erkennenden
1053 4307 1138 4367 ΤείΙε,
1162 4306 1234 4359 dass
1258 4325 1289 4359 er
1307 4309 1396 4361 nicht
1415 4310 1554 4365 vielfach

206 4399 261 4459 sei,
279 4396 391 4449 sondem
408 4396 469 4448 dass
487 4413 514 4448 er
532 4412 599 4464 ganz
617 4397 644 4448 in
664 4397 706 4448 ein
726 4396 779 4447 und
798 4395 944 4447 demselben
965 4394 1056 4447 Gliede
1075 4396 1131 4446 sein
1149 4411 1219 4446 muss
1328 4397 1360 4448 18
1378 4396 1416 4465 δὲ]
1435 4399 1490 4450 und

204 4482 235 4534 '20
259 4483 319 4535 κατ’
341 4480 446 4552 ἀριθμὸν
465 4499 514 4534 om.
621 4489 701 4535 πᾶσαν
720 4498 770 4534 om.
881 4483 911 4533 21
941 4480 1046 4551 ταύτης]
1065 4482 1148 4534 dieser
1167 4482 1238 4534 Seele
1347 4482 1380 4535 22
1407 4484 1493 4553 τοῦτο]
1513 4486 1554 4539 die

206 4569 354 4639 Emihrung
454 4572 557 4624 ‘25—‘26
577 4573 632 4642 περὶ
651 4569 754 4640 καρδίαν
773 4587 823 4623 οιιι.
923 4570 956 4621 28
975 4569 1037 4620 α1..
1051 4568 1153 4637 κρίσεις]
1173 4568 1214 4622 die
1233 4570 1405 4624 Erkenntniss

210 4743 236 4793 15
253 4744 288 4795 ἔτι
306 4747 398 4811 scripsi
418 4745 452 4796 cf.
471 4748 518 4797 int.
538 4747 620 4799 l1ebr.:
639 4745 687 4798 εἴτε
706 4747 745 4797 1·ἰι
854 4744 883 4795 16
902 4741 1081 4821 διεσπᾶσθαιιι
1190 4744 1219 4795 19
1239 4743 1274 4797 ἔτι
1294 4745 1315 4797 εί
1332 4746 1438 4813 scripsi:
1456 4746 1477 4797 τί
1496 4747 1534 4798 Va

209 4828 237 4878 '23
260 4848 304 4901 της
323 4832 343 4881 V
455 4832 484 4883 τὸ
503 4840 562 4900 post
581 4835 623 4886 καὶ
642 4851 720 4901 supra
737 4834 815 4885 Ιίιι.λ’
932 4830 964 4883 26
992 4830 1020 4883 τὸ
1038 4834 1085 4900 τῆς
1103 4831 1187 4903 ψυχῆς
1205 4836 1254 4902 τῆς
1274 4832 1330 4884 κτλ
1348 4833 1376 4885 τὸ
1395 4832 1552 4904 ἡγεμονικόν]

210 4916 321 4983 ef.50,‘20

1310 5005 1354 5047 ι-ςρ

1315 5030 1323 5076 ,
1347 5030 1353 5042 .
