3540 5610
616 304 746 362 ΗΘΙΚΩΝ
767 303 1033 362 ΠΡΟΒΛΗΜΑΊῺΝ
1053 306 1155 360 24-25
1506 305 1567 371 149

260 486 398 564 γνώσεως
426 483 458 544 τδ
486 482 602 545 δεῖσθαι
629 482 701 565 πρὸς
728 482 780 564 τὴν
810 484 910 563 κτῆσιν
937 485 988 562 τῆς
1015 479 1197 563 εὐδαιμονίας
1224 485 1282 542 τῶν
1314 485 1366 562 τῆς
1394 481 1512 560 λογικῆς
1561 480 1562 483 ’

262 591 362 670 ψυχῆς
384 586 511 670 ἀρετῶν,
540 588 692 668 ζητοῦντες
712 581 771 668 <δὲ>
798 584 870 652 τίνες
896 583 980 657 εἰσίν,
1008 582 1136 664 εὐλὺγως
1164 586 1278 667 πρῶτον
1307 582 1436 665 ἤλθομεν
1463 580 1510 642 ἐπὶ

260 689 292 751 τὸ
316 689 401 762 ἰδεῖν,
429 690 472 756 τίς
493 685 557 750 ποτ’
585 687 662 750 ἐστίν
690 710 710 769 η
732 687 832 769 λογικὴ
855 688 954 771 ψυχή,
982 686 1120 770 ἐπαίτην
1149 686 1254 769 ταύτης
1280 689 1423 769 ζητοῦμεν
1446 684 1509 767 ἀρε·

260 792 321 874 τήν.
371 791 451 873 διττὴ
479 791 515 871 δὴ
546 791 565 872 ἡ
593 791 694 872 λογικίη
727 789 845 873 δύναμις
871 790 995 872 εὑρέθη,
1029 791 1048 872 ἡ
1077 790 1128 872 μέν
1155 812 1197 856 τις
1223 788 1326 871 ἄλογος
1359 788 1410 870 μὲν
1437 783 1504 850 καθ’
1526 801 1552 842 1⁰

228 894 360 977 ααὺτήν,
383 894 483 975 λογικὴ
507 893 540 956 δέ
561 898 604 976 τῷ
626 893 785 957 πείθεσθαί
805 915 836 955 τε
852 892 992 955 δύνασθαι
1015 891 1094 975 λὺγιμ
1117 894 1164 954 καὶ
1188 893 1244 955 ὑπὸ
1267 891 1354 974 λύγου
1377 889 1510 976 ῥυθμίζε-

259 998 327 1060 σθαι
353 995 486 1079 (τοιαύτη
511 996 566 1078 γάρ
593 995 669 1058 ἐστιν
696 997 715 1078 η
744 997 774 1058 ἐν
802 997 871 1078 ἡμῖν
899 995 1032 1078 ὐρεκτικὴ
1061 995 1173 1079 ψυχή),
1201 997 1220 1078 ἡ
1248 995 1280 1058 δέ
1307 996 1348 1063 τίς
1376 994 1437 1056 ἐστι
1464 995 1509 1053 λυ·

259 1101 323 1183 γικὴ
352 1102 395 1183 τῷ
422 1097 512 1182 αὐτὴν
539 1096 623 1179 λύγον
651 1096 730 1183 ἔχειν
758 1098 787 1160 ἐν
816 1098 891 1180 αὑτῇ
899 1144 907 1171 ,
942 1099 991 1160 καί
1020 1095 1096 1159 ἔστιν
1130 1096 1267 1179 ἑκατέρας
1293 1102 1351 1160 τῶν
1379 1117 1511 1180 προειρη-
1525 1110 1551 1153 ιο

261 1202 355 1283 μένων
378 1203 527 1281 δυνάμεων
550 1201 643 1263 οἰκεία
665 1224 706 1268 τις
728 1200 856 1284 ἐνέργεια
884 1201 931 1263 καὶ
956 1201 1060 1283 ἀρετή,
1088 1198 1155 1263 καθ’
1183 1201 1218 1283 ἣν
1242 1201 1274 1263 τὸ
1297 1197 1330 1262 εὑ
1358 1201 1387 1263 ἐν
1410 1203 1447 1280 τῇ
1472 1197 1510 1260 οἰ-

260 1305 323 1388 κείᾳ
344 1304 473 1387 ἐνεργείᾳ
495 1303 627 1385 γίγνεται,
648 1307 701 1386 τῆς
724 1304 775 1384 μὲν
797 1303 946 1387 ὐρεκτικῆς
968 1303 1003 1364 αί
1021 1325 1051 1364 τε
1068 1302 1183 1385 πράξεις
1204 1304 1252 1365 καί
1274 1303 1303 1364 αί
1327 1302 1401 1366 κατὰ
1424 1300 1506 1382 πάθη

216 1430 241 1476 10
259 1409 394 1492 κινήσεις,
423 1407 521 1489 ἀρεταί
544 1405 577 1469 δὲ
600 1405 633 1474 ἀς
657 1406 762 1489 ἠθικὰς
785 1409 929 1487 καλοῦμεν
953 1407 1011 1467 ἀπὸ
1035 1408 1085 1467 τού
1111 1405 1158 1467 διὰ
1182 1405 1260 1467 ἐθῶν
1283 1428 1366 1469 τινων
1389 1404 1508 1486 ἐγγίγνε-
1522 1420 1550 1462 εο

260 1513 342 1584 σθαι,
369 1515 422 1593 τῆς
444 1509 476 1572 δὲ
499 1511 684 1593 διαναητικῆς
706 1508 844 1591 ἐνέργειαι
868 1509 921 1590 μὲν
943 1509 972 1571 αἱ
995 1510 1115 1589 γνώσεις
1137 1513 1189 1591 τῆς
1211 1507 1327 1593 φύσεως
1349 1512 1406 1569 τῶν
1429 1530 1509 1591 γενη-

260 1621 317 1678 τῶν
340 1615 389 1677 καί
412 1611 489 1680 ὅλως
510 1615 568 1673 τῶν
591 1611 791 1697 ἐνδεχομένων
814 1610 911 1678 άλλως
933 1608 1023 1695 ἔχειν,
1048 1612 1137 1695 ἀρετὴ
1160 1611 1192 1673 δὲ
1215 1610 1282 1673 καθ’
1304 1611 1339 1694 ἣν
1361 1612 1381 1694 ίγ
1403 1613 1508 1692 γνῶσις

258 1724 309 1801 τῆς
335 1717 366 1779 ἐν
394 1715 504 1783 τούτοις
535 1713 690 1797 ἀληθείας,
722 1718 774 1796 τῆς
805 1714 838 1776 δὲ
868 1718 1004 1796 νοητικῆς
1032 1712 1160 1796 ἐνέργεια
1188 1714 1240 1795 μὲν
1272 1714 1291 1796 ἡ
1319 1718 1424 1796 γνῶσις
1452 1718 1550 1775 τῶνεο

259 1821 360 1883 ἀιδίων
387 1818 510 1893 οὐσιῶν,
538 1817 628 1901 ἀρετὴ
657 1817 689 1879 δέ
718 1814 786 1879 καθ’
814 1817 850 1898 ἢν
879 1818 899 1899 ἡ
927 1816 1036 1879 τούτων
1066 1815 1069 1899 ]
1098 1817 1214 1899 ἀληθὴς
1240 1817 1345 1898 γίνεται
1371 1820 1484 1898 γνῶσις.
1508 1824 1561 1880 286

212 1945 240 1993 15
257 1925 350 1992 οὑτως
377 1924 410 1985 δὲ
438 1927 496 1983 τῶν
524 1921 635 2004 ἀρετῶν
664 1918 858 2003 διηρημένων,
886 1920 926 1987 τίς
950 1920 1025 1983 ἐστιν
1048 1922 1158 2004 ἑκάστη
1186 1921 1233 1983 καὶ
1260 1922 1288 1984 τί
1313 1918 1395 2004 ἔργον
1418 1919 1508 2003 αὐτῆς

257 2028 304 2091 καὶ
328 2026 405 2108 τίςίη
424 2025 466 2093 είς
487 2023 670 2106 εὐδαιμονίαν
694 2022 854 2098 συντέλεια,
877 2024 935 2086 ἀπὸ
956 2028 1014 2086 τῶν
1038 2021 1129 2108 ἔργων
1152 2025 1254 2086 τεκαὶ
1277 2023 1427 2107 ἐνεργειῶν
1449 2027 1508 2085 τῶν

258 2129 395 2213 ἑκατέρας
417 2133 469 2211 τῆς
491 2131 609 2210 λογικῆς
636 2127 786 2209 δυνάμεως
808 2126 978 2211 εὑρίσκεται.
1025 2125 1107 2211 ἔργον
1135 2129 1226 2189 τοίνυν
1253 2132 1305 2209 τῆς
1328 2127 1379 2209 μέν
1403 2127 1509 2209 ὐρεκτι-
1536 2143 1550 2184 ο

258 2239 313 2317 κῇς
334 2234 486 2315 δυνάμεως
508 2232 537 2294 αἱ
553 2229 668 2314 πράξεις
690 2230 720 2292 αί
735 2230 801 2313 περί
822 2230 928 2312 ἡδονάς
950 2253 981 2293 τε
1004 2232 1051 2293 καί
1067 2231 1169 2304 λύπας,
1193 2231 1244 2298 τὰς
1259 2231 1311 2311 μὲν
1334 2230 1508 2315 αἱρουμένης

258 2360 288 2400 τε
312 2337 360 2400 καὶ
383 2334 559 2417 διωκούσης,
587 2334 637 2401 τὰς
660 2332 692 2395 δὲ
715 2332 985 2416 ἀποστρεφομένης,
1015 2335 1062 2396 καὶ
1085 2335 1147 2397 ἐπεὶ
1171 2334 1296 2419 πέφυκεν
1319 2333 1349 2396 ἐν
1372 2339 1432 2401 τοῖς
1454 2357 1509 2397 τοι·

206 2461 239 2507 ‘20
256 2442 349 2508 ούτοις
372 2443 469 2513 πᾶσιν,
493 2438 523 2499 ἐν
546 2436 589 2505 οἷς
610 2436 687 2499 ἐστιν
704 2436 849 2519 ὑπερβολή
873 2459 905 2498 τε
927 2437 974 2499 καί
997 2434 1131 2518 ἔλλειψις,
1154 2463 1172 2520 η
1195 2439 1246 2518 μὲν
1269 2437 1390 2521 ἀμετρία
1413 2439 1502 2522 φθαρ-
1517 2455 1544 2497 ιο

257 2545 322 2627 τικίη
351 2542 425 2605 εἶναι
452 2545 502 2604 τοὺ
530 2540 561 2602 ἐν
589 2540 720 2607 ἑκάστοις
743 2538 838 2601 αὐτῶν
861 2537 909 2614 εὑ,
938 2544 1065 2603 τοιοῦτον
1088 2541 1120 2603 δὲ
1143 2542 1163 2624 ἥ
1186 2563 1217 2603 τε
1240 2541 1385 2625 ὑπερβολὴ
1414 2541 1462 2604 καί
1488 2543 1507 2623 ἡ

257 2645 393 2730 ἔλλειψις,
416 2668 435 2727 η
459 2645 491 2707 δὲ
515 2642 675 2727 συμμετρία
695 2641 836 2706 σωστικὺν
859 2647 963 2706 τετοῦ
986 2641 1020 2705 εὑ
1042 2644 1090 2706 καὶ
1108 2642 1256 2726 ποιητικόν
1280 2643 1336 2725 (ῶς
1358 2645 1446 2727 δῆλον
1461 2643 1512 2706 έπί

258 2773 288 2813 τε
309 2755 367 2811 τῶν
387 2747 551 2830 γυμνασίων
574 2747 622 2809 καί
641 2749 699 2808 τῶν
723 2751 851 2830 τροφῶν·
886 2747 934 2809 καί
957 2746 1011 2831 γὰρ
1034 2748 1062 2809 αἱ
1086 2752 1144 2809 τῶν
1166 2749 1330 2830 γυμνασίων
1353 2747 1513 2832 ὑπερβολαί
1523 2761 1549 2804 1ο

257 2876 287 2915 τε
314 2854 363 2915 καί
390 2848 494 2914 ένδειαι
520 2855 573 2933 τῆς
596 2848 718 2924 εὐεξίας,
742 2850 761 2932 ἥ
785 2849 826 2917 τίς
848 2851 923 2912 ἐστιν
947 2850 1035 2934 ἀρετὴ
1059 2854 1108 2912 τοῦ
1134 2853 1282 2932 σώματος,
1305 2851 1464 2934 φθαρτικά,
1488 2850 1507 2932 η

208 2975 237 3024 25
256 2958 288 3021 δὲ
311 2955 474 3039 συμμετρία
496 2953 592 3016 αὐτῶν
620 2954 668 3015 καί
689 2954 709 3034 ἡ
733 2952 859 3036 μεσότης
886 2955 934 3017 καί
957 2955 1094 3037 ποιητικὰ
1122 2955 1213 3038 αὐτῆς
1239 2955 1288 3017 καὶ
1310 2954 1464 3036 τηρητικά,
1492 2951 1510 3014 ὑ

256 3060 317 3123 ἐστι
345 3059 377 3121 εδ
400 3056 430 3120 ἐν
453 3057 564 3126 τούτοις
585 3054 633 3119 εὖ·
668 3056 743 3118 ἀλλὰ
766 3057 894 3119 καὶτῶν
921 3058 1017 3120 σιτίων
1040 3059 1124 3119 πάλιν
1147 3060 1178 3120 αἱ
1202 3058 1253 3139 μὲν
1277 3057 1435 3141 ὑπερβολαὶ
1457 3056 1506 3118 καί

256 3161 362 3225 ἔνδειαι
383 3166 435 3244 τῆς
458 3160 555 3241 ὑγείας
580 3160 636 3222 εἰσὶ
659 3159 830 3244 φθαρτικαί,
858 3161 887 3222 αί
915 3160 947 3222 δὲ
970 3160 1140 3243 συμμετρίαι
1168 3160 1315 3242 ποιητικαί
1334 3182 1366 3221 τε
1389 3159 1436 3222 καὶ
1459 3183 1505 3242 τη·
1519 3174 1548 3215 ευ

257 3263 382 3348 ρητικαί·
406 3264 499 3331 οὑτως
521 3263 553 3325 δέ
575 3263 623 3325 καὶ
645 3262 693 3324 ἐπὶ
715 3267 772 3324 τῶν
796 3263 899 3325 παθῶν
916 3260 979 3346 ἔχει
1002 3264 1048 3325 καὶ
1071 3269 1128 3324 τῶν
1151 3264 1216 3346 περὶ
1239 3266 1328 3325 ταῦτα
1351 3261 1506 3344 πράξεων),

256 3369 286 3430 αί
310 3369 362 3450 μὲν
385 3367 542 3451 ὑπερβολαὶ
564 3365 661 3429 αὐτῶν
689 3367 736 3429 καὶ
758 3367 788 3428 αί
812 3364 918 3428 ἐνδειαι
945 3370 995 3427 τού
1018 3363 1051 3428 εὑ
1074 3371 1124 3428 τοῦ
1152 3366 1182 3428 ἐν
1205 3366 1315 3434 τούτοις
1337 3365 1392 3427 εἰσί
1415 3364 1506 3448 φθαρ-

212 3490 243 3538 3ο
261 3473 347 3545 τικαί,
370 3471 399 3532 αἱ
423 3470 455 3532 δὲ
477 3469 648 3553 συμμετρίαι
669 3469 817 3551 ποιητικαί
837 3491 867 3530 τε
884 3469 931 3532 καί
953 3468 1113 3552 τηρητικαί,
1136 3469 1184 3531 καὶ
1207 3468 1271 3529 ἐπεί
1291 3468 1350 3530 ἐστι
1373 3468 1405 3530 τὸ
1429 3465 1461 3529 εὑ
1476 3468 1506 3530 ἐν
1520 3482 1547 3525 κο

255 3577 341 3636 πᾶσιν
369 3573 388 3655 ἡ
413 3571 503 3634 οἰκεία
531 3571 620 3655 ἀρετὴ
649 3572 696 3634 καί
725 3576 780 3634 πᾶν
808 3573 841 3634 τὺ
864 3571 1010 3653 γινόμενον
1037 3570 1100 3634 κατ’
1128 3571 1243 3654 ἀρετήν,
1275 3571 1427 3654 συμβαίνει
1455 3571 1506 3638 τὰς

255 3677 319 3760 περί
343 3679 432 3737 ταῦτα
454 3674 557 3756 ἀρετὰς
580 3674 769 3739 συνίστασθαι
793 3675 961 3759 συμ]μετρίογ
984 3672 1114 3756 πράξεων
1131 3695 1163 3734 τε
1186 3673 1233 3733 καὶ
1256 3673 1369 3735 παθῶν.
1416 3675 1482 3758 ἥτε
1504 3683 1556 3738 287

255 3780 309 3862 γὰρ
332 3776 506 3860 σωφροσύνη
529 3777 679 3862 φθείρεται
703 3779 754 3861 μὲν
775 3777 831 3840 ὑπὺ
854 3778 913 3860 [τε]
936 3783 987 3860 τῆς
1010 3782 1066 3839 τῶν
1089 3778 1201 3858 ἡδονῶν
1218 3776 1381 3860 ὑπερβολῆς
1403 3801 1434 3840 τε
1456 3779 1504 3840 καὶ

255 3881 366 3949 ἐνδείας
387 3880 511 3953 τούτων,
539 3881 605 3963 περὶ
630 3880 665 3949 ἀς
691 3880 817 3965 πέφυκεν
844 3881 934 3965 ἀρετὴ
963 3881 1014 3963 μὲν
1041 3880 1171 3962 γίνεσθαι
1198 3879 1388 3963 σωφροσύνη,
1416 3881 1502 3943 κακία

205 4128 262 4181 2δέ
283 4128 342 4181 add.
362 4126 445 4182 s²ss²a
463 4129 507 4193 Sp.
613 4129 629 4179 4
649 4127 731 4197 διττὴ]
755 4128 771 4195 ὴ
791 4129 818 4180 1ο
837 4128 876 4179 lit.
895 4131 919 4178 V
1026 4126 1056 4197 δὴ
1076 4128 1115 4193 (in
1135 4127 1184 4194 lit.)
1204 4130 1264 4178 VB:
1285 4126 1310 4179 δέ
1330 4129 1390 4181 GSa
1408 4129 1452 4194 Sp.

204 4218 218 4271 5
236 4214 377 4284 πείθεσθαι]
400 4212 556 4287 ἐπιδέχεσθαι
574 4233 590 4265 ε
609 4217 653 4283 sp.
757 4215 837 4284 λόγῳ]
855 4214 928 4283 λόγον
948 4233 963 4266 ο
982 4217 1025 4282 sp.
1127 4213 1214 4283 λόγου]
1233 4213 1306 4283 λόγον
1326 4214 1412 4267 vien?
1431 4218 1475 4282 sp.

205 4302 367 4377 ὑύρεκτικὴ]
386 4321 419 4354 κτ
437 4303 464 4354 in
484 4302 560 4353 lit.v
666 4302 803 4376 Ίαὺτηῖλί
910 4301 1066 4373 9ἐνεργείηι]
1087 4305 1108 4354 εί
1126 4303 1183 4354 add.
1206 4301 1240 4352 V²
1347 4309 1406 4370 post
1425 4302 1557 4373 ὐρεκτικης

203 4394 259 4445 add.
279 4393 397 4463 ἐνέργειαι
415 4390 460 4458 μὲν
480 4388 514 4439 V²
604 4390 644 4442 10.
667 4391 694 4441 11
716 4388 878 4459 ἐγγίγνεσθαι]
898 4390 949 4459 ἐγγί
968 4392 996 4442 in
1015 4390 1053 4441 lit.
1075 4395 1096 4440 V
1207 4389 1237 4440 12
1256 4389 1332 4460 ἀρετη
1351 4394 1378 4441 Μ
1398 4389 1484 4443 view
1498 4394 1555 4458 Sp.:

203 4481 291 4551 ἀρετὴν
301 4483 343 4530 Va
428 4477 459 4529 13
478 4477 585 4546 ἐνέργεια
598 4480 638 4528 M:
659 4477 774 4547 ἐνέργειαι
787 4481 843 4545 Sp.:
863 4478 979 4547 ἐνεργείαι
993 4478 1090 4529 Vict.?:
1110 4477 1233 4546 ἐνέργειασ
1252 4480 1278 4543 (σ
1296 4492 1359 4528 corr.
1375 4478 1483 4530 fortasse
1498 4481 1524 4530 in
1538 4480 1556 4542 ι)

204 4572 233 4619 V:
251 4565 373 4636 ἐνεργείας
390 4569 451 4617 LFa
542 4566 572 4616 14
591 4564 693 4632 γίνεται]
714 4584 782 4618 νεται
800 4567 826 4617 in
846 4566 883 4617 lit,
905 4570 926 4615 V
1038 4565 1067 4616 15
1086 4572 1182 4634 αρετῶν
1204 4570 1225 4615 V
1326 4566 1421 4634 ἑκάστη
1440 4569 1480 4617 Ba
1499 4570 1555 4632 Sp.:

202 4656 307 4707 ἑκάστου
326 4655 353 4720 (ά
365 4670 386 4705 s.
400 4653 434 4718 ν.)
449 4655 494 4703 VF
577 4651 601 4703 τί
618 4653 669 4716 <τὸ>
683 4655 749 4704 coni.
763 4656 806 4719 Sp.
901 4653 931 4704 18
950 4652 1081 4719 δυναμεωσ
1097 4658 1118 4702 V
1203 4652 1361 4722 αἱρουμένης]
1377 4672 1392 4722 η
1407 4654 1435 4704 in
1449 4654 1486 4705 lit.
1499 4657 1520 4702 V

202 4742 231 4794 21
256 4760 283 4794 τε
305 4742 382 4794 καλε
404 4741 448 4807 Sp.
539 4739 571 4790 θ’)
604 4758 630 4791 τε
654 4740 710 4808 τοὺ]
741 4742 785 4808 μὲν
814 4745 858 4792 τοῦ
882 4759 897 4792 ε
920 4744 964 4807 Sp.
1081 4741 1112 4791 29
1142 4741 1186 4793 alt.
1211 4741 1235 4792 αἱ
1259 4757 1279 4792 s.
1294 4758 1317 4791 v.
1342 4744 1400 4792 VB:
1430 4757 1480 4791 om.
1500 4744 1557 4792 swa

202 4831 245 4896 Sp.
334 4827 367 4880 32
390 4827 482 4884 ταύτας
500 4845 517 4879 ο
600 4828 699 4898 ἀρετὰς]
719 4829 748 4885 ὰς
767 4831 793 4880 iu
812 4829 850 4881 lit.
869 4833 892 4880 V
976 4827 1146 4897 συνίστασθαι]
1167 4844 1210 4880 συν
1229 4830 1257 4880 in
1277 4828 1313 4880 lit.
1333 4833 1356 4878 V
1463 4829 1496 4880 33
1518 4845 1555 4897 pr.

202 4934 228 4970 τε
246 4916 295 4970 del.
315 4916 458 4970 Schwartz:
477 4916 522 4967 alt.
542 4919 586 4983 Sp.
