<?xml version="1.0" encoding="UTF-8"?>
<!DOCTYPE html PUBLIC "-//W3C//DTD XHTML 1.0 Transitional//EN"
    "http://www.w3.org/TR/xhtml1/DTD/xhtml1-transitional.dtd">
<html xmlns="http://www.w3.org/1999/xhtml" xml:lang="en" lang="en">
 <head>
  <title>
</title>
<meta http-equiv="Content-Type" content="text/html;charset=utf-8" />
  <meta name='ocr-system' content='tesseract 3.04.00' />
  <meta name='ocr-capabilities' content='ocr_page ocr_carea ocr_par ocr_line ocrx_word'/>
</head>
<body>
  <div class='ocr_page' id='page_1' title='image "./supplementumari02arisgoog/supplementumari02arisgoog_0324.png"; bbox 0 0 3540 5610; ppageno 0'>
   <div class='ocr_carea' id='block_1_1' title="bbox 694 323 1565 388">
    <p class='ocr_par' dir='ltr' id='par_1_1' title="bbox 694 323 1565 388">
     <span class='ocr_line' id='line_1_1' title="bbox 694 323 1565 388; baseline -0.008 -3"><span class='ocrx_word' id='word_1_1' title='bbox 694 328 835 386; x_wconf 83' lang='grc' dir='ltr'>ΒΙΒΛΙΟΝ</span> <span class='ocrx_word' id='word_1_2' title='bbox 856 327 994 387; x_wconf 84' lang='grc' dir='ltr'>ΠΡΩΤΟΝ</span> <span class='ocrx_word' id='word_1_3' title='bbox 1014 329 1081 383; x_wconf 81' lang='grc'>6-7</span> <span class='ocrx_word' id='word_1_4' title='bbox 1525 323 1565 388; x_wconf 83' lang='lat'>15</span> 
     </span>
    </p>
   </div>
   <div class='ocr_carea' id='block_1_2' title="bbox 200 497 1564 2754">
    <p class='ocr_par' dir='ltr' id='par_1_2' title="bbox 200 497 1564 2754">
     <span class='ocr_line' id='line_1_2' title="bbox 259 497 1511 592; baseline -0.01 -21"><span class='ocrx_word' id='word_1_5' title='bbox 259 506 322 571; x_wconf 79' lang='grc' dir='ltr'>ἀλλ’</span> <span class='ocrx_word' id='word_1_6' title='bbox 351 509 408 592; x_wconf 77' lang='grc' dir='ltr'>ἀὴρ</span> <span class='ocrx_word' id='word_1_7' title='bbox 438 507 533 584; x_wconf 80' lang='grc' dir='ltr'>μένει,</span> <span class='ocrx_word' id='word_1_8' title='bbox 562 504 622 570; x_wconf 78' lang='grc' dir='ltr'>ἔστ’</span> <span class='ocrx_word' id='word_1_9' title='bbox 652 506 686 570; x_wconf 80' lang='grc' dir='ltr'>ἄν</span> <span class='ocrx_word' id='word_1_10' title='bbox 713 508 746 569; x_wconf 83' lang='grc' dir='ltr'>τὸ</span> <span class='ocrx_word' id='word_1_11' title='bbox 774 505 857 588; x_wconf 79' lang='grc' dir='ltr'>ὑγρόν</span> <span class='ocrx_word' id='word_1_12' title='bbox 886 501 928 567; x_wconf 82' lang='grc' dir='ltr'>ἔτι</span> <span class='ocrx_word' id='word_1_13' title='bbox 955 504 1057 566; x_wconf 79' lang='grc' dir='ltr'>λεπτόν</span> <span class='ocrx_word' id='word_1_14' title='bbox 1083 498 1116 587; x_wconf 78' lang='grc' dir='ltr'>η’γ.</span> <span class='ocrx_word' id='word_1_15' title='bbox 1161 504 1179 586; x_wconf 77' lang='grc' dir='ltr'>ἡ</span> <span class='ocrx_word' id='word_1_16' title='bbox 1208 503 1240 565; x_wconf 82' lang='grc' dir='ltr'>δὲ</span> <span class='ocrx_word' id='word_1_17' title='bbox 1267 500 1340 563; x_wconf 82' lang='grc' dir='ltr'>κατὰ</span> <span class='ocrx_word' id='word_1_18' title='bbox 1366 501 1399 564; x_wconf 84' lang='grc' dir='ltr'>τὸ</span> <span class='ocrx_word' id='word_1_19' title='bbox 1426 497 1511 581; x_wconf 85' lang='grc' dir='ltr'>ὑγρὸν</span> 
     </span>
     <span class='ocr_line' id='line_1_3' title="bbox 259 601 1553 695; baseline -0.009 -22"><span class='ocrx_word' id='word_1_20' title='bbox 259 611 419 695; x_wconf 80' lang='grc' dir='ltr'>μεταβολή,</span> <span class='ocrx_word' id='word_1_21' title='bbox 443 610 496 673; x_wconf 89' lang='grc' dir='ltr'>οὐκ</span> <span class='ocrx_word' id='word_1_22' title='bbox 516 609 548 673; x_wconf 87' lang='grc' dir='ltr'>ὐν</span> <span class='ocrx_word' id='word_1_23' title='bbox 565 609 655 678; x_wconf 82' lang='grc' dir='ltr'>όντυνς</span> <span class='ocrx_word' id='word_1_24' title='bbox 677 610 820 672; x_wconf 76' lang='grc' dir='ltr'>εἰδοποιὺν</span> <span class='ocrx_word' id='word_1_25' title='bbox 836 611 887 671; x_wconf 89' lang='grc' dir='ltr'>τοῦ</span> <span class='ocrx_word' id='word_1_26' title='bbox 903 607 1006 675; x_wconf 81' lang='grc' dir='ltr'>ὑόατος</span> <span class='ocrx_word' id='word_1_27' title='bbox 1028 610 1069 675; x_wconf 80' lang='grc' dir='ltr'>ὡς</span> <span class='ocrx_word' id='word_1_28' title='bbox 1091 608 1122 669; x_wconf 82' lang='grc' dir='ltr'>τὸ</span> <span class='ocrx_word' id='word_1_29' title='bbox 1139 604 1261 691; x_wconf 78' lang='grc' dir='ltr'>ψυχρόν,</span> <span class='ocrx_word' id='word_1_30' title='bbox 1284 606 1316 666; x_wconf 84' lang='grc' dir='ltr'>τὺ</span> <span class='ocrx_word' id='word_1_31' title='bbox 1334 604 1410 686; x_wconf 78' lang='grc' dir='ltr'>ὑῦωρ</span> <span class='ocrx_word' id='word_1_32' title='bbox 1433 601 1512 685; x_wconf 78' lang='grc' dir='ltr'>φθεί·</span> <span class='ocrx_word' id='word_1_33' title='bbox 1525 615 1553 658; x_wconf 74' lang='grc' dir='ltr'>κο</span> 
     </span>
     <span class='ocr_line' id='line_1_4' title="bbox 260 704 1511 797; baseline -0.01 -21"><span class='ocrx_word' id='word_1_34' title='bbox 260 737 320 797; x_wconf 90' lang='grc' dir='ltr'>ρειν</span> <span class='ocrx_word' id='word_1_35' title='bbox 347 716 442 788; x_wconf 79' lang='grc' dir='ltr'>δοκεῖ,</span> <span class='ocrx_word' id='word_1_36' title='bbox 472 713 515 776; x_wconf 80' lang='grc' dir='ltr'>ότι</span> <span class='ocrx_word' id='word_1_37' title='bbox 542 713 583 796; x_wconf 82' lang='grc' dir='ltr'>μὴ</span> <span class='ocrx_word' id='word_1_38' title='bbox 613 713 699 795; x_wconf 90' lang='grc' dir='ltr'>μόνον</span> <span class='ocrx_word' id='word_1_39' title='bbox 727 712 769 779; x_wconf 75' lang='grc' dir='ltr'>εἰς</span> <span class='ocrx_word' id='word_1_40' title='bbox 794 716 848 794; x_wconf 73' lang='grc' dir='ltr'>γῆν</span> <span class='ocrx_word' id='word_1_41' title='bbox 878 711 1023 794; x_wconf 64' lang='grc' dir='ltr'>μεταβολίΙ</span> <span class='ocrx_word' id='word_1_42' title='bbox 1052 715 1093 794; x_wconf 81' lang='grc' dir='ltr'>τῳ</span> <span class='ocrx_word' id='word_1_43' title='bbox 1122 711 1203 773; x_wconf 84' lang='grc' dir='ltr'>ὑδατι</span> <span class='ocrx_word' id='word_1_44' title='bbox 1229 710 1333 789; x_wconf 85' lang='grc' dir='ltr'>γίνεται</span> <span class='ocrx_word' id='word_1_45' title='bbox 1361 704 1433 768; x_wconf 83' lang='grc' dir='ltr'>κατὰ</span> <span class='ocrx_word' id='word_1_46' title='bbox 1460 704 1511 788; x_wconf 73' lang='grc' dir='ltr'>τἠν</span> 
     </span>
     <span class='ocr_line' id='line_1_5' title="bbox 257 809 1509 900; baseline -0.008 -21"><span class='ocrx_word' id='word_1_47' title='bbox 257 817 347 898; x_wconf 98' lang='grc' dir='ltr'>ὑγροῦ</span> <span class='ocrx_word' id='word_1_48' title='bbox 370 815 544 900; x_wconf 82' lang='grc' dir='ltr'>μεταβολήν,</span> <span class='ocrx_word' id='word_1_49' title='bbox 568 815 644 879; x_wconf 77' lang='grc' dir='ltr'>ἀλλὰ</span> <span class='ocrx_word' id='word_1_50' title='bbox 668 816 715 878; x_wconf 81' lang='grc' dir='ltr'>καὶ</span> <span class='ocrx_word' id='word_1_51' title='bbox 738 816 780 882; x_wconf 83' lang='grc' dir='ltr'>εἰς</span> <span class='ocrx_word' id='word_1_52' title='bbox 800 813 987 897; x_wconf 85' lang='grc' dir='ltr'>κρὺσταλλον.</span> <span class='ocrx_word' id='word_1_53' title='bbox 1022 813 1055 875; x_wconf 89' lang='grc' dir='ltr'>οὐ</span> <span class='ocrx_word' id='word_1_54' title='bbox 1079 814 1136 896; x_wconf 78' lang='grc' dir='ltr'>μὴν</span> <span class='ocrx_word' id='word_1_55' title='bbox 1158 810 1233 874; x_wconf 78' lang='grc' dir='ltr'>ἀλλὰ</span> <span class='ocrx_word' id='word_1_56' title='bbox 1256 813 1303 874; x_wconf 88' lang='grc' dir='ltr'>καὶ</span> <span class='ocrx_word' id='word_1_57' title='bbox 1325 809 1408 877; x_wconf 82' lang='grc' dir='ltr'>οὑτος</span> <span class='ocrx_word' id='word_1_58' title='bbox 1432 809 1509 890; x_wconf 84' lang='grc' dir='ltr'>ῦύωρ</span> 
     </span>
     <span class='ocr_line' id='line_1_6' title="bbox 223 910 1564 1005; baseline -0.008 -23"><span class='ocrx_word' id='word_1_59' title='bbox 223 941 323 988; x_wconf 72' lang='grc' dir='ltr'>οπως</span> <span class='ocrx_word' id='word_1_60' title='bbox 346 917 350 1005; x_wconf 88' lang='grc' dir='ltr'>Ι</span> <span class='ocrx_word' id='word_1_61' title='bbox 375 919 427 982; x_wconf 90' lang='grc' dir='ltr'>ἔτι.</span> <span class='ocrx_word' id='word_1_62' title='bbox 472 920 614 1000; x_wconf 78' lang='grc' dir='ltr'>ἀνάλογον</span> <span class='ocrx_word' id='word_1_63' title='bbox 635 918 689 1002; x_wconf 79' lang='grc' dir='ltr'>γὰρ</span> <span class='ocrx_word' id='word_1_64' title='bbox 712 921 755 1002; x_wconf 78' lang='grc' dir='ltr'>τῷ</span> <span class='ocrx_word' id='word_1_65' title='bbox 779 916 860 980; x_wconf 80' lang='grc' dir='ltr'>ὐὺατι</span> <span class='ocrx_word' id='word_1_66' title='bbox 883 922 924 1001; x_wconf 78' lang='grc' dir='ltr'>τῷ</span> <span class='ocrx_word' id='word_1_67' title='bbox 950 918 1051 1000; x_wconf 80' lang='grc' dir='ltr'>θερμῷ</span> <span class='ocrx_word' id='word_1_68' title='bbox 1077 916 1092 978; x_wconf 90' lang='grc' dir='ltr'>ὑ</span> <span class='ocrx_word' id='word_1_69' title='bbox 1116 915 1300 998; x_wconf 78' lang='grc' dir='ltr'>κρύσταλλος.</span> <span class='ocrx_word' id='word_1_70' title='bbox 1346 912 1436 996; x_wconf 81' lang='grc' dir='ltr'>ἄμφω</span> <span class='ocrx_word' id='word_1_71' title='bbox 1458 910 1512 992; x_wconf 84' lang='grc' dir='ltr'>γὰρ</span> <span class='ocrx_word' id='word_1_72' title='bbox 1531 916 1564 972; x_wconf 82' lang='grc'>33</span> 
     </span>
     <span class='ocr_line' id='line_1_7' title="bbox 260 1013 1508 1106; baseline -0.008 -20"><span class='ocrx_word' id='word_1_73' title='bbox 260 1023 407 1092; x_wconf 87' lang='grc' dir='ltr'>πεπονθός</span> <span class='ocrx_word' id='word_1_74' title='bbox 429 1047 454 1086; x_wconf 92' lang='grc' dir='ltr'>τι</span> <span class='ocrx_word' id='word_1_75' title='bbox 471 1023 548 1106; x_wconf 83' lang='grc' dir='ltr'>ὑόιυρ</span> <span class='ocrx_word' id='word_1_76' title='bbox 571 1025 618 1086; x_wconf 84' lang='grc' dir='ltr'>καὶ</span> <span class='ocrx_word' id='word_1_77' title='bbox 643 1022 673 1084; x_wconf 84' lang='grc' dir='ltr'>ἐν</span> <span class='ocrx_word' id='word_1_78' title='bbox 697 1022 827 1106; x_wconf 78' lang='grc' dir='ltr'>μεθορίῳ</span> <span class='ocrx_word' id='word_1_79' title='bbox 850 1022 883 1083; x_wconf 82' lang='grc' dir='ltr'>τὸ</span> <span class='ocrx_word' id='word_1_80' title='bbox 907 1021 958 1102; x_wconf 84' lang='grc' dir='ltr'>μὲν</span> <span class='ocrx_word' id='word_1_81' title='bbox 975 1018 1076 1088; x_wconf 75' lang='grc' dir='ltr'>ὑδατός</span> <span class='ocrx_word' id='word_1_82' title='bbox 1099 1042 1130 1082; x_wconf 88' lang='grc' dir='ltr'>τε</span> <span class='ocrx_word' id='word_1_83' title='bbox 1152 1019 1200 1081; x_wconf 87' lang='grc' dir='ltr'>καὶ</span> <span class='ocrx_word' id='word_1_84' title='bbox 1224 1017 1318 1102; x_wconf 82' lang='grc' dir='ltr'>α’έρος.</span> <span class='ocrx_word' id='word_1_85' title='bbox 1341 1019 1374 1079; x_wconf 85' lang='grc' dir='ltr'>τό</span> <span class='ocrx_word' id='word_1_86' title='bbox 1397 1013 1422 1078; x_wconf 82' lang='grc' dir='ltr'>δ’</span> <span class='ocrx_word' id='word_1_87' title='bbox 1444 1014 1508 1077; x_wconf 82' lang='grc' dir='ltr'>ῦῦα-</span> 
     </span>
     <span class='ocr_line' id='line_1_8' title="bbox 260 1117 1553 1210; baseline -0.012 -22"><span class='ocrx_word' id='word_1_88' title='bbox 260 1127 309 1196; x_wconf 84' lang='grc' dir='ltr'>τός</span> <span class='ocrx_word' id='word_1_89' title='bbox 331 1150 362 1190; x_wconf 85' lang='grc' dir='ltr'>τε</span> <span class='ocrx_word' id='word_1_90' title='bbox 385 1128 433 1189; x_wconf 79' lang='grc' dir='ltr'>καλ</span> <span class='ocrx_word' id='word_1_91' title='bbox 455 1132 517 1210; x_wconf 78' lang='grc' dir='ltr'>γῆς.</span> <span class='ocrx_word' id='word_1_92' title='bbox 552 1123 614 1189; x_wconf 82' lang='grc' dir='ltr'>ἔστι</span> <span class='ocrx_word' id='word_1_93' title='bbox 636 1128 668 1188; x_wconf 79' lang='grc' dir='ltr'>δὲ</span> <span class='ocrx_word' id='word_1_94' title='bbox 690 1126 738 1188; x_wconf 85' lang='grc' dir='ltr'>καὶ</span> <span class='ocrx_word' id='word_1_95' title='bbox 762 1125 808 1187; x_wconf 74' lang='grc' dir='ltr'>ἐπὶ</span> <span class='ocrx_word' id='word_1_96' title='bbox 831 1129 889 1186; x_wconf 83' lang='grc' dir='ltr'>τῶν</span> <span class='ocrx_word' id='word_1_97' title='bbox 912 1123 1008 1186; x_wconf 81' lang='grc' dir='ltr'>ἄλλων</span> <span class='ocrx_word' id='word_1_98' title='bbox 1032 1123 1176 1200; x_wconf 78' lang='grc' dir='ltr'>σωμάτιον</span> <span class='ocrx_word' id='word_1_99' title='bbox 1199 1125 1257 1182; x_wconf 84' lang='grc' dir='ltr'>τιῦν</span> <span class='ocrx_word' id='word_1_100' title='bbox 1274 1120 1375 1181; x_wconf 80' lang='grc' dir='ltr'>ἁπλῶν</span> <span class='ocrx_word' id='word_1_101' title='bbox 1397 1119 1448 1199; x_wconf 80' lang='grc' dir='ltr'>την</span> <span class='ocrx_word' id='word_1_102' title='bbox 1472 1117 1512 1184; x_wconf 78' lang='grc' dir='ltr'>εἰς</span> <span class='ocrx_word' id='word_1_103' title='bbox 1539 1133 1553 1173; x_wconf 78' lang='grc' dir='ltr'>ο</span> 
     </span>
     <span class='ocr_line' id='line_1_9' title="bbox 260 1221 1511 1315; baseline -0.008 -24"><span class='ocrx_word' id='word_1_104' title='bbox 260 1230 298 1292; x_wconf 77' lang='grc' dir='ltr'>τὰ</span> <span class='ocrx_word' id='word_1_105' title='bbox 326 1231 523 1315; x_wconf 75' lang='grc' dir='ltr'>παρακείμενα</span> <span class='ocrx_word' id='word_1_106' title='bbox 549 1228 646 1296; x_wconf 88' lang='grc' dir='ltr'>αὐτοῖς</span> <span class='ocrx_word' id='word_1_107' title='bbox 675 1229 838 1311; x_wconf 78' lang='grc' dir='ltr'>μεταβολὴν</span> <span class='ocrx_word' id='word_1_108' title='bbox 865 1227 938 1290; x_wconf 80' lang='grc' dir='ltr'>κατὰ</span> <span class='ocrx_word' id='word_1_109' title='bbox 972 1227 1023 1308; x_wconf 77' lang='grc' dir='ltr'>τὴν</span> <span class='ocrx_word' id='word_1_110' title='bbox 1054 1225 1179 1308; x_wconf 76' lang='grc' dir='ltr'>θατέρου</span> <span class='ocrx_word' id='word_1_111' title='bbox 1207 1229 1264 1286; x_wconf 85' lang='grc' dir='ltr'>τῶν</span> <span class='ocrx_word' id='word_1_112' title='bbox 1291 1221 1511 1284; x_wconf 81' lang='grc' dir='ltr'>εἰδοποιοὺντιυν</span> 
     </span>
     <span class='ocr_line' id='line_1_10' title="bbox 260 1324 1510 1418; baseline -0.009 -23"><span class='ocrx_word' id='word_1_113' title='bbox 260 1332 335 1395; x_wconf 79' lang='grc' dir='ltr'>αὐτὰ</span> <span class='ocrx_word' id='word_1_114' title='bbox 362 1333 526 1418; x_wconf 80' lang='grc' dir='ltr'>μεταβολὴν</span> <span class='ocrx_word' id='word_1_115' title='bbox 554 1332 623 1395; x_wconf 83' lang='grc' dir='ltr'>ἰδεῖν</span> <span class='ocrx_word' id='word_1_116' title='bbox 651 1330 790 1412; x_wconf 80' lang='grc' dir='ltr'>δεομένην</span> <span class='ocrx_word' id='word_1_117' title='bbox 818 1328 937 1414; x_wconf 82' lang='grc' dir='ltr'>χρόνου.</span> <span class='ocrx_word' id='word_1_118' title='bbox 982 1328 1015 1390; x_wconf 92' lang='grc' dir='ltr'>οὐ</span> <span class='ocrx_word' id='word_1_119' title='bbox 1038 1327 1092 1411; x_wconf 74' lang='grc' dir='ltr'>γὰρ</span> <span class='ocrx_word' id='word_1_120' title='bbox 1120 1331 1160 1394; x_wconf 74' lang='grc' dir='ltr'>ιὺς</span> <span class='ocrx_word' id='word_1_121' title='bbox 1188 1329 1270 1388; x_wconf 81' lang='grc' dir='ltr'>δοκεῖ</span> <span class='ocrx_word' id='word_1_122' title='bbox 1294 1324 1366 1387; x_wconf 77' lang='grc' dir='ltr'>κατὰ</span> <span class='ocrx_word' id='word_1_123' title='bbox 1388 1324 1510 1406; x_wconf 78' lang='grc' dir='ltr'>θάτερον</span> 
     </span>
     <span class='ocr_line' id='line_1_11' title="bbox 208 1428 1553 1518; baseline -0.01 -20"><span class='ocrx_word' id='word_1_124' title='bbox 208 1457 240 1502; x_wconf 97' lang='grc' dir='ltr'>ιο</span> <span class='ocrx_word' id='word_1_125' title='bbox 260 1435 360 1503; x_wconf 85' lang='grc' dir='ltr'>αὐτοῖς</span> <span class='ocrx_word' id='word_1_126' title='bbox 382 1437 400 1518; x_wconf 77' lang='grc' dir='ltr'><strong>ἡ</strong></span> <span class='ocrx_word' id='word_1_127' title='bbox 426 1434 571 1518; x_wconf 82' lang='grc' dir='ltr'>μεταβολὴ</span> <span class='ocrx_word' id='word_1_128' title='bbox 596 1431 693 1515; x_wconf 82' lang='grc' dir='ltr'>μόνον,</span> <span class='ocrx_word' id='word_1_129' title='bbox 716 1431 791 1494; x_wconf 77' lang='grc' dir='ltr'>ἀλλὰ</span> <span class='ocrx_word' id='word_1_130' title='bbox 814 1435 861 1494; x_wconf 85' lang='grc' dir='ltr'>καὶ</span> <span class='ocrx_word' id='word_1_131' title='bbox 885 1430 948 1495; x_wconf 83' lang='grc' dir='ltr'>κατ’</span> <span class='ocrx_word' id='word_1_132' title='bbox 969 1430 1069 1514; x_wconf 74' lang='grc' dir='ltr'>ἄμφω.</span> <span class='ocrx_word' id='word_1_133' title='bbox 1104 1435 1147 1514; x_wconf 79' lang='grc' dir='ltr'>τῷ</span> <span class='ocrx_word' id='word_1_134' title='bbox 1172 1431 1204 1492; x_wconf 84' lang='grc' dir='ltr'>ὑὲ</span> <span class='ocrx_word' id='word_1_135' title='bbox 1219 1429 1271 1511; x_wconf 80' lang='grc' dir='ltr'>τἠν</span> <span class='ocrx_word' id='word_1_136' title='bbox 1294 1428 1366 1490; x_wconf 83' lang='grc' dir='ltr'>κατόι</span> <span class='ocrx_word' id='word_1_137' title='bbox 1390 1428 1510 1510; x_wconf 84' lang='grc' dir='ltr'>θάτερον</span> <span class='ocrx_word' id='word_1_138' title='bbox 1526 1443 1553 1484; x_wconf 88' lang='grc' dir='ltr'>ιο</span> 
     </span>
     <span class='ocr_line' id='line_1_12' title="bbox 262 1531 1511 1622; baseline -0.006 -22"><span class='ocrx_word' id='word_1_139' title='bbox 262 1538 426 1622; x_wconf 76' lang='grc' dir='ltr'>μεταβολὴν</span> <span class='ocrx_word' id='word_1_140' title='bbox 449 1537 491 1620; x_wconf 81' lang='grc' dir='ltr'>μὴ</span> <span class='ocrx_word' id='word_1_141' title='bbox 514 1537 555 1605; x_wconf 79' lang='grc' dir='ltr'>εἰς</span> <span class='ocrx_word' id='word_1_142' title='bbox 576 1537 610 1598; x_wconf 86' lang='grc' dir='ltr'>τὸ</span> <span class='ocrx_word' id='word_1_143' title='bbox 633 1534 757 1597; x_wconf 82' lang='grc' dir='ltr'>ἐναντίον</span> <span class='ocrx_word' id='word_1_144' title='bbox 780 1535 924 1616; x_wconf 86' lang='grc' dir='ltr'>γίνεσθαι,</span> <span class='ocrx_word' id='word_1_145' title='bbox 953 1532 1012 1595; x_wconf 83' lang='grc' dir='ltr'>ἀλλ’</span> <span class='ocrx_word' id='word_1_146' title='bbox 1041 1534 1060 1615; x_wconf 73' lang='grc' dir='ltr'>ΐη</span> <span class='ocrx_word' id='word_1_147' title='bbox 1084 1531 1242 1601; x_wconf 70' lang='grc' dir='ltr'>εἰςᾶνεσιν</span> <span class='ocrx_word' id='word_1_148' title='bbox 1266 1532 1284 1613; x_wconf 76' lang='grc' dir='ltr'>ἦ</span> <span class='ocrx_word' id='word_1_149' title='bbox 1308 1531 1435 1593; x_wconf 77' lang='grc' dir='ltr'>ἐπίτασιν</span> <span class='ocrx_word' id='word_1_150' title='bbox 1458 1535 1511 1613; x_wconf 80' lang='grc' dir='ltr'>της</span> 
     </span>
     <span class='ocr_line' id='line_1_13' title="bbox 260 1634 1512 1724; baseline -0.008 -21"><span class='ocrx_word' id='word_1_151' title='bbox 260 1639 352 1724; x_wconf 73' lang='grc' dir='ltr'>αὐτῆς</span> <span class='ocrx_word' id='word_1_152' title='bbox 375 1639 536 1723; x_wconf 74' lang='grc' dir='ltr'>ποιότητος,</span> <span class='ocrx_word' id='word_1_153' title='bbox 563 1637 637 1701; x_wconf 81' lang='grc' dir='ltr'>κατὰ</span> <span class='ocrx_word' id='word_1_154' title='bbox 659 1640 711 1720; x_wconf 79' lang='grc' dir='ltr'>τὴν</span> <span class='ocrx_word' id='word_1_155' title='bbox 734 1638 775 1704; x_wconf 78' lang='grc' dir='ltr'>εἰς</span> <span class='ocrx_word' id='word_1_156' title='bbox 796 1638 829 1699; x_wconf 81' lang='grc' dir='ltr'>τὸ</span> <span class='ocrx_word' id='word_1_157' title='bbox 852 1637 978 1699; x_wconf 85' lang='grc' dir='ltr'>ἐναντίον</span> <span class='ocrx_word' id='word_1_158' title='bbox 1002 1641 1059 1698; x_wconf 83' lang='grc' dir='ltr'>τῶν</span> <span class='ocrx_word' id='word_1_159' title='bbox 1082 1635 1112 1696; x_wconf 85' lang='grc' dir='ltr'>ἐν</span> <span class='ocrx_word' id='word_1_160' title='bbox 1134 1634 1213 1718; x_wconf 81' lang='grc' dir='ltr'>αὐτῷ</span> <span class='ocrx_word' id='word_1_161' title='bbox 1240 1635 1401 1720; x_wconf 79' lang='grc' dir='ltr'>μεταβολὴν</span> <span class='ocrx_word' id='word_1_162' title='bbox 1425 1636 1512 1716; x_wconf 90' lang='grc' dir='ltr'>μόνον</span> 
     </span>
     <span class='ocr_line' id='line_1_14' title="bbox 262 1737 1511 1828; baseline -0.006 -22"><span class='ocrx_word' id='word_1_163' title='bbox 262 1744 452 1828; x_wconf 79' lang='grc' dir='ltr'>μεταβάλλειν</span> <span class='ocrx_word' id='word_1_164' title='bbox 475 1745 563 1806; x_wconf 78' lang='grc' dir='ltr'>δοκεῖ.</span> <span class='ocrx_word' id='word_1_165' title='bbox 597 1739 739 1823; x_wconf 80' lang='grc' dir='ltr'>οὔτεγὰρ</span> <span class='ocrx_word' id='word_1_166' title='bbox 762 1739 851 1808; x_wconf 81' lang='grc' dir='ltr'>εὐθὺς</span> <span class='ocrx_word' id='word_1_167' title='bbox 872 1745 908 1822; x_wconf 80' lang='grc' dir='ltr'>γῆ</span> <span class='ocrx_word' id='word_1_168' title='bbox 932 1741 964 1801; x_wconf 82' lang='grc' dir='ltr'>τὸ</span> <span class='ocrx_word' id='word_1_169' title='bbox 985 1742 1051 1821; x_wconf 87' lang='grc' dir='ltr'>πῦρ,</span> <span class='ocrx_word' id='word_1_170' title='bbox 1077 1738 1126 1800; x_wconf 86' lang='grc' dir='ltr'>ἐὰν</span> <span class='ocrx_word' id='word_1_171' title='bbox 1143 1738 1247 1822; x_wconf 67' lang='grc' dir='ltr'>ψυχθγῖ</span> <span class='ocrx_word' id='word_1_172' title='bbox 1270 1737 1331 1819; x_wconf 88' lang='grc' dir='ltr'>(ῦεῖ</span> <span class='ocrx_word' id='word_1_173' title='bbox 1351 1737 1405 1821; x_wconf 81' lang='grc' dir='ltr'>γὰρ</span> <span class='ocrx_word' id='word_1_174' title='bbox 1427 1737 1511 1799; x_wconf 78' lang='grc' dir='ltr'>ποιὰν</span> 
     </span>
     <span class='ocr_line' id='line_1_15' title="bbox 259 1836 1553 1929; baseline -0.008 -21"><span class='ocrx_word' id='word_1_175' title='bbox 259 1846 396 1927; x_wconf 83' lang='grc' dir='ltr'>γενέσθαι</span> <span class='ocrx_word' id='word_1_176' title='bbox 419 1847 470 1929; x_wconf 83' lang='grc' dir='ltr'>τὴν</span> <span class='ocrx_word' id='word_1_177' title='bbox 494 1845 648 1927; x_wconf 88' lang='grc' dir='ltr'>ξηρότητα·</span> <span class='ocrx_word' id='word_1_178' title='bbox 680 1845 724 1906; x_wconf 82' lang='grc' dir='ltr'>διὸ</span> <span class='ocrx_word' id='word_1_179' title='bbox 746 1841 813 1905; x_wconf 84' lang='grc' dir='ltr'>οὔτε</span> <span class='ocrx_word' id='word_1_180' title='bbox 836 1844 944 1910; x_wconf 78' lang='grc' dir='ltr'>καπνὸς</span> <span class='ocrx_word' id='word_1_181' title='bbox 965 1839 1031 1903; x_wconf 85' lang='grc' dir='ltr'>οὐτε</span> <span class='ocrx_word' id='word_1_182' title='bbox 1054 1839 1174 1909; x_wconf 83' lang='grc' dir='ltr'>αίθαλυς</span> <span class='ocrx_word' id='word_1_183' title='bbox 1197 1840 1254 1924; x_wconf 76' lang='grc' dir='ltr'>ἤδη</span> <span class='ocrx_word' id='word_1_184' title='bbox 1278 1841 1340 1922; x_wconf 78' lang='grc' dir='ltr'>γη),</span> <span class='ocrx_word' id='word_1_185' title='bbox 1365 1839 1423 1903; x_wconf 79' lang='grc' dir='ltr'>ἀλλ’</span> <span class='ocrx_word' id='word_1_186' title='bbox 1445 1836 1507 1901; x_wconf 79' lang='grc' dir='ltr'>οὐδ’</span> <span class='ocrx_word' id='word_1_187' title='bbox 1527 1854 1553 1895; x_wconf 80' lang='grc' dir='ltr'>ιι</span> 
     </span>
     <span class='ocr_line' id='line_1_16' title="bbox 206 1943 1512 2031; baseline -0.005 -21"><span class='ocrx_word' id='word_1_188' title='bbox 206 1970 239 2017; x_wconf 79' lang='lat'>15</span> <span class='ocrx_word' id='word_1_189' title='bbox 260 1947 297 2011; x_wconf 79' lang='grc' dir='ltr'>ἂν</span> <span class='ocrx_word' id='word_1_190' title='bbox 320 1951 361 2018; x_wconf 83' lang='grc' dir='ltr'>εἰς</span> <span class='ocrx_word' id='word_1_191' title='bbox 384 1950 469 2030; x_wconf 81' lang='grc' dir='ltr'>ὑγρόν</span> <span class='ocrx_word' id='word_1_192' title='bbox 492 1949 642 2031; x_wconf 77' lang='grc' dir='ltr'>μεταβάλῃ</span> <span class='ocrx_word' id='word_1_193' title='bbox 664 1949 697 2008; x_wconf 86' lang='grc' dir='ltr'>τὺ</span> <span class='ocrx_word' id='word_1_194' title='bbox 721 1951 777 2030; x_wconf 85' lang='grc' dir='ltr'>πῦρ</span> <span class='ocrx_word' id='word_1_195' title='bbox 801 1943 901 2027; x_wconf 88' lang='grc' dir='ltr'>μόνον,</span> <span class='ocrx_word' id='word_1_196' title='bbox 929 1946 987 2028; x_wconf 77' lang='grc' dir='ltr'>ἀὴρ</span> <span class='ocrx_word' id='word_1_197' title='bbox 1010 1944 1082 2028; x_wconf 80' lang='grc' dir='ltr'>ἤδη·</span> <span class='ocrx_word' id='word_1_198' title='bbox 1115 1946 1161 2006; x_wconf 83' lang='grc' dir='ltr'>δεῖ</span> <span class='ocrx_word' id='word_1_199' title='bbox 1180 1944 1235 2027; x_wconf 74' lang='grc' dir='ltr'>γὰρ</span> <span class='ocrx_word' id='word_1_200' title='bbox 1258 1944 1334 2006; x_wconf 81' lang='grc' dir='ltr'>οῦτοι</span> <span class='ocrx_word' id='word_1_201' title='bbox 1357 1945 1405 2005; x_wconf 85' lang='grc' dir='ltr'>καὶ</span> <span class='ocrx_word' id='word_1_202' title='bbox 1428 1947 1512 2010; x_wconf 77' lang='grc' dir='ltr'>ποιᾶς</span> 
     </span>
     <span class='ocr_line' id='line_1_17' title="bbox 262 2046 1510 2137; baseline -0.008 -21"><span class='ocrx_word' id='word_1_203' title='bbox 262 2051 453 2137; x_wconf 78' lang='grc' dir='ltr'>θερμότητος.</span> <span class='ocrx_word' id='word_1_204' title='bbox 486 2052 530 2113; x_wconf 81' lang='grc' dir='ltr'>διὸ</span> <span class='ocrx_word' id='word_1_205' title='bbox 554 2051 584 2113; x_wconf 85' lang='grc' dir='ltr'>ἐν</span> <span class='ocrx_word' id='word_1_206' title='bbox 608 2050 737 2133; x_wconf 80' lang='grc' dir='ltr'>μεθορίῳ</span> <span class='ocrx_word' id='word_1_207' title='bbox 761 2050 813 2112; x_wconf 78' lang='grc' dir='ltr'>τινὶ</span> <span class='ocrx_word' id='word_1_208' title='bbox 836 2054 950 2133; x_wconf 84' lang='grc' dir='ltr'>πρῶτον</span> <span class='ocrx_word' id='word_1_209' title='bbox 966 2049 1081 2128; x_wconf 86' lang='grc' dir='ltr'>γίνεται.</span> <span class='ocrx_word' id='word_1_210' title='bbox 1117 2048 1132 2109; x_wconf 89' lang='grc' dir='ltr'>ό</span> <span class='ocrx_word' id='word_1_211' title='bbox 1156 2046 1289 2114; x_wconf 83' lang='grc' dir='ltr'>δἀὐτὸς</span> <span class='ocrx_word' id='word_1_212' title='bbox 1312 2049 1359 2109; x_wconf 81' lang='grc' dir='ltr'>καὶ</span> <span class='ocrx_word' id='word_1_213' title='bbox 1383 2047 1430 2109; x_wconf 84' lang='grc' dir='ltr'>ἐπὶ</span> <span class='ocrx_word' id='word_1_214' title='bbox 1454 2053 1510 2108; x_wconf 82' lang='grc' dir='ltr'>τῶν</span> 
     </span>
     <span class='ocr_line' id='line_1_18' title="bbox 260 2148 1553 2237; baseline -0.01 -17"><span class='ocrx_word' id='word_1_215' title='bbox 260 2156 359 2220; x_wconf 73' lang='grc' dir='ltr'>ἄλλων</span> <span class='ocrx_word' id='word_1_216' title='bbox 388 2155 481 2236; x_wconf 83' lang='grc' dir='ltr'>λόγος.</span> <span class='ocrx_word' id='word_1_217' title='bbox 526 2157 577 2216; x_wconf 89' lang='grc' dir='ltr'>τοῦ</span> <span class='ocrx_word' id='word_1_218' title='bbox 600 2154 632 2217; x_wconf 83' lang='grc' dir='ltr'>δὲ</span> <span class='ocrx_word' id='word_1_219' title='bbox 660 2153 762 2221; x_wconf 80' lang='grc' dir='ltr'>ὑδατος</span> <span class='ocrx_word' id='word_1_220' title='bbox 789 2152 864 2220; x_wconf 79' lang='grc' dir='ltr'>είῦος</span> <span class='ocrx_word' id='word_1_221' title='bbox 891 2152 947 2237; x_wconf 85' lang='grc' dir='ltr'>οὐχ</span> <span class='ocrx_word' id='word_1_222' title='bbox 970 2153 1071 2220; x_wconf 84' lang='grc' dir='ltr'>ἁπλῶς</span> <span class='ocrx_word' id='word_1_223' title='bbox 1097 2152 1129 2213; x_wconf 86' lang='grc' dir='ltr'>τὸ</span> <span class='ocrx_word' id='word_1_224' title='bbox 1153 2149 1279 2234; x_wconf 82' lang='grc' dir='ltr'>ψυχρόν,</span> <span class='ocrx_word' id='word_1_225' title='bbox 1310 2151 1334 2213; x_wconf 78' lang='grc' dir='ltr'>εἰ</span> <span class='ocrx_word' id='word_1_226' title='bbox 1361 2152 1409 2213; x_wconf 86' lang='grc' dir='ltr'>καὶ</span> <span class='ocrx_word' id='word_1_227' title='bbox 1438 2148 1553 2213; x_wconf 77' lang='grc' dir='ltr'>κατὰεο</span> 
     </span>
     <span class='ocr_line' id='line_1_19' title="bbox 261 2251 1511 2341; baseline -0.006 -19"><span class='ocrx_word' id='word_1_228' title='bbox 261 2263 350 2322; x_wconf 89' lang='grc' dir='ltr'>τοῦτο</span> <span class='ocrx_word' id='word_1_229' title='bbox 372 2261 497 2339; x_wconf 77' lang='grc' dir='ltr'>μᾶλλον,</span> <span class='ocrx_word' id='word_1_230' title='bbox 528 2257 604 2319; x_wconf 77' lang='grc' dir='ltr'>ἀλλὰ</span> <span class='ocrx_word' id='word_1_231' title='bbox 632 2258 664 2319; x_wconf 81' lang='grc' dir='ltr'>τὸ</span> <span class='ocrx_word' id='word_1_232' title='bbox 686 2258 797 2341; x_wconf 74' lang='grc' dir='ltr'>ψυχρὸν</span> <span class='ocrx_word' id='word_1_233' title='bbox 826 2256 899 2337; x_wconf 83' lang='grc' dir='ltr'>μετὰ</span> <span class='ocrx_word' id='word_1_234' title='bbox 927 2259 977 2318; x_wconf 88' lang='grc' dir='ltr'>τοῦ</span> <span class='ocrx_word' id='word_1_235' title='bbox 1005 2255 1102 2339; x_wconf 88' lang='grc' dir='ltr'>ὑγροῦ.</span> <span class='ocrx_word' id='word_1_236' title='bbox 1147 2252 1206 2317; x_wconf 81' lang='grc' dir='ltr'>ἔστ’</span> <span class='ocrx_word' id='word_1_237' title='bbox 1234 2254 1268 2316; x_wconf 78' lang='grc' dir='ltr'>ἂν</span> <span class='ocrx_word' id='word_1_238' title='bbox 1291 2251 1340 2316; x_wconf 89' lang='grc' dir='ltr'>οὑν</span> <span class='ocrx_word' id='word_1_239' title='bbox 1364 2257 1511 2326; x_wconf 72' lang='grc' dir='ltr'>σώζεσθαι</span> 
     </span>
     <span class='ocr_line' id='line_1_20' title="bbox 262 2357 1511 2445; baseline -0.006 -19"><span class='ocrx_word' id='word_1_240' title='bbox 262 2364 382 2445; x_wconf 84' lang='grc' dir='ltr'>ῦὺνηται</span> <span class='ocrx_word' id='word_1_241' title='bbox 404 2362 437 2424; x_wconf 79' lang='grc' dir='ltr'>τὸ</span> <span class='ocrx_word' id='word_1_242' title='bbox 453 2361 549 2445; x_wconf 85' lang='grc' dir='ltr'>ὑγρόν,</span> <span class='ocrx_word' id='word_1_243' title='bbox 572 2358 653 2428; x_wconf 82' lang='grc' dir='ltr'>ὄντος</span> <span class='ocrx_word' id='word_1_244' title='bbox 675 2359 706 2422; x_wconf 80' lang='grc' dir='ltr'>ἐν</span> <span class='ocrx_word' id='word_1_245' title='bbox 722 2360 804 2444; x_wconf 72' lang='grc' dir='ltr'>αὐτῷ</span> <span class='ocrx_word' id='word_1_246' title='bbox 826 2364 877 2421; x_wconf 86' lang='grc' dir='ltr'>τοῦ</span> <span class='ocrx_word' id='word_1_247' title='bbox 892 2362 1017 2443; x_wconf 78' lang='grc' dir='ltr'>ψυχροῦ,</span> <span class='ocrx_word' id='word_1_248' title='bbox 1040 2358 1116 2426; x_wconf 84' lang='grc' dir='ltr'>εἶδος</span> <span class='ocrx_word' id='word_1_249' title='bbox 1139 2361 1170 2418; x_wconf 84' lang='grc' dir='ltr'>τό</span> <span class='ocrx_word' id='word_1_250' title='bbox 1187 2358 1297 2441; x_wconf 81' lang='grc' dir='ltr'>ψυχρὸν</span> <span class='ocrx_word' id='word_1_251' title='bbox 1321 2360 1371 2418; x_wconf 88' lang='grc' dir='ltr'>τοῦ</span> <span class='ocrx_word' id='word_1_252' title='bbox 1394 2357 1511 2424; x_wconf 80' lang='grc' dir='ltr'>ὕδατος·</span> 
     </span>
     <span class='ocr_line' id='line_1_21' title="bbox 200 2459 1553 2548; baseline -0.007 -21"><span class='ocrx_word' id='word_1_253' title='bbox 200 2488 239 2533; x_wconf 77' lang='lat'>‘20</span> <span class='ocrx_word' id='word_1_254' title='bbox 260 2467 294 2527; x_wconf 86' lang='grc' dir='ltr'>τὸ</span> <span class='ocrx_word' id='word_1_255' title='bbox 321 2465 353 2527; x_wconf 81' lang='grc' dir='ltr'>ὑὲ</span> <span class='ocrx_word' id='word_1_256' title='bbox 368 2464 527 2548; x_wconf 72' lang='grc' dir='ltr'>φθαρτικὸν</span> <span class='ocrx_word' id='word_1_257' title='bbox 550 2467 600 2526; x_wconf 91' lang='grc' dir='ltr'>τοῦ</span> <span class='ocrx_word' id='word_1_258' title='bbox 624 2463 710 2546; x_wconf 88' lang='grc' dir='ltr'>ὑγροῦ</span> <span class='ocrx_word' id='word_1_259' title='bbox 733 2464 844 2547; x_wconf 73' lang='grc' dir='ltr'>ψυχρὸν</span> <span class='ocrx_word' id='word_1_260' title='bbox 868 2462 921 2525; x_wconf 91' lang='grc' dir='ltr'>οὐκ</span> <span class='ocrx_word' id='word_1_261' title='bbox 943 2459 984 2525; x_wconf 84' lang='grc' dir='ltr'>ἔτι</span> <span class='ocrx_word' id='word_1_262' title='bbox 1008 2461 1068 2525; x_wconf 84' lang='grc' dir='ltr'>οἷόν</span> <span class='ocrx_word' id='word_1_263' title='bbox 1092 2485 1121 2523; x_wconf 93' lang='grc' dir='ltr'>τε</span> <span class='ocrx_word' id='word_1_264' title='bbox 1138 2463 1240 2529; x_wconf 82' lang='grc' dir='ltr'>ὑῦατος</span> <span class='ocrx_word' id='word_1_265' title='bbox 1262 2460 1337 2527; x_wconf 81' lang='grc' dir='ltr'>ελῦος</span> <span class='ocrx_word' id='word_1_266' title='bbox 1359 2459 1441 2522; x_wconf 87' lang='grc' dir='ltr'>εἶναι.</span> <span class='ocrx_word' id='word_1_267' title='bbox 1480 2460 1511 2521; x_wconf 86' lang='grc' dir='ltr'>τὸ</span> <span class='ocrx_word' id='word_1_268' title='bbox 1526 2475 1553 2517; x_wconf 80' lang='grc' dir='ltr'>ιιι</span> 
     </span>
     <span class='ocr_line' id='line_1_22' title="bbox 261 2561 1510 2650; baseline -0.006 -18"><span class='ocrx_word' id='word_1_269' title='bbox 261 2573 375 2632; x_wconf 87' lang='grc' dir='ltr'>τοιοῦτο</span> <span class='ocrx_word' id='word_1_270' title='bbox 399 2569 435 2650; x_wconf 77' lang='grc' dir='ltr'>δὴ</span> <span class='ocrx_word' id='word_1_271' title='bbox 459 2567 572 2650; x_wconf 78' lang='grc' dir='ltr'>ψυχρόν</span> <span class='ocrx_word' id='word_1_272' title='bbox 595 2564 672 2634; x_wconf 80' lang='grc' dir='ltr'>εἶδος</span> <span class='ocrx_word' id='word_1_273' title='bbox 694 2565 797 2638; x_wconf 77' lang='grc' dir='ltr'>αὐτοῦ,</span> <span class='ocrx_word' id='word_1_274' title='bbox 820 2565 854 2628; x_wconf 87' lang='grc' dir='ltr'>οὑ</span> <span class='ocrx_word' id='word_1_275' title='bbox 877 2590 895 2647; x_wconf 91' lang='grc' dir='ltr'>η</span> <span class='ocrx_word' id='word_1_276' title='bbox 920 2565 1046 2634; x_wconf 77' lang='grc' dir='ltr'>ἐπίδοσις</span> <span class='ocrx_word' id='word_1_277' title='bbox 1069 2561 1219 2627; x_wconf 87' lang='grc' dir='ltr'>οὐκέστιν</span> <span class='ocrx_word' id='word_1_278' title='bbox 1243 2565 1345 2629; x_wconf 83' lang='grc' dir='ltr'>ῦὺατυς</span> <span class='ocrx_word' id='word_1_279' title='bbox 1366 2563 1510 2625; x_wconf 83' lang='grc' dir='ltr'>τουτέστιν</span> 
     </span>
     <span class='ocr_line' id='line_1_23' title="bbox 262 2668 627 2754; baseline -0.008 -21"><span class='ocrx_word' id='word_1_280' title='bbox 262 2669 419 2754; x_wconf 86' lang='grc' dir='ltr'>ὑγρότητος</span> <span class='ocrx_word' id='word_1_281' title='bbox 441 2668 598 2753; x_wconf 71' lang='grc' dir='ltr'>φθαρτικὴ.</span> <span class='ocrx_word' id='word_1_282' title='bbox 624 2694 627 2743; x_wconf 69' lang='grc' dir='ltr'>γ</span> 
     </span>
    </p>
   </div>
   <div class='ocr_carea' id='block_1_3' title="bbox 200 2981 1566 3274">
    <p class='ocr_par' dir='ltr' id='par_1_3' title="bbox 200 2981 1566 3274">
     <span class='ocr_line' id='line_1_24' title="bbox 261 2981 1566 3065; baseline -0.002 -20"><span class='ocrx_word' id='word_1_283' title='bbox 261 2984 331 3047; x_wconf 73' lang='lat' dir='ltr'>Vll.</span> <span class='ocrx_word' id='word_1_284' title='bbox 378 2981 455 3051; x_wconf 85' lang='grc' dir='ltr'>Πῶς</span> <span class='ocrx_word' id='word_1_285' title='bbox 488 2981 549 3046; x_wconf 88' lang='grc' dir='ltr'>οὐκ</span> <span class='ocrx_word' id='word_1_286' title='bbox 581 2981 718 3045; x_wconf 81' lang='grc' dir='ltr'>ἐναντία</span> <span class='ocrx_word' id='word_1_287' title='bbox 751 2981 788 3045; x_wconf 93' lang='grc' dir='ltr'>τό</span> <span class='ocrx_word' id='word_1_288' title='bbox 821 3006 857 3045; x_wconf 92' lang='grc' dir='ltr'>τε</span> <span class='ocrx_word' id='word_1_289' title='bbox 892 2982 978 3065; x_wconf 83' lang='grc' dir='ltr'>μέγα</span> <span class='ocrx_word' id='word_1_290' title='bbox 1011 2984 1066 3047; x_wconf 88' lang='grc' dir='ltr'>καὶ</span> <span class='ocrx_word' id='word_1_291' title='bbox 1093 2984 1129 3046; x_wconf 83' lang='grc' dir='ltr'>τὸ</span> <span class='ocrx_word' id='word_1_292' title='bbox 1165 2981 1303 3064; x_wconf 91' lang='grc' dir='ltr'>μικρόν,</span> <span class='ocrx_word' id='word_1_293' title='bbox 1336 2981 1371 3046; x_wconf 83' lang='grc' dir='ltr'>εἴ</span> <span class='ocrx_word' id='word_1_294' title='bbox 1399 3004 1436 3064; x_wconf 90' lang='grc' dir='ltr'>γε</span> <span class='ocrx_word' id='word_1_295' title='bbox 1463 2982 1566 3049; x_wconf 78' lang='grc' dir='ltr'>εἰς34</span> 
     </span>
     <span class='ocr_line' id='line_1_25' title="bbox 259 3085 1513 3171; baseline 0 -23"><span class='ocrx_word' id='word_1_296' title='bbox 259 3087 401 3149; x_wconf 80' lang='grc' dir='ltr'>ἐναντία</span> <span class='ocrx_word' id='word_1_297' title='bbox 431 3087 492 3166; x_wconf 83' lang='grc' dir='ltr'>μὲν</span> <span class='ocrx_word' id='word_1_298' title='bbox 519 3110 537 3168; x_wconf 95' lang='grc' dir='ltr'>η</span> <span class='ocrx_word' id='word_1_299' title='bbox 569 3087 757 3171; x_wconf 83' lang='grc' dir='ltr'>μεταβολή,</span> <span class='ocrx_word' id='word_1_300' title='bbox 791 3088 828 3149; x_wconf 82' lang='grc' dir='ltr'>τὸ</span> <span class='ocrx_word' id='word_1_301' title='bbox 856 3085 880 3150; x_wconf 82' lang='grc' dir='ltr'>δ’</span> <span class='ocrx_word' id='word_1_302' title='bbox 916 3086 1108 3168; x_wconf 79' lang='grc' dir='ltr'>αὐξόμενον</span> <span class='ocrx_word' id='word_1_303' title='bbox 1135 3090 1190 3150; x_wconf 84' lang='grc' dir='ltr'>καὶ</span> <span class='ocrx_word' id='word_1_304' title='bbox 1222 3087 1431 3168; x_wconf 87' lang='grc' dir='ltr'>μειοὺμενον</span> <span class='ocrx_word' id='word_1_305' title='bbox 1465 3087 1513 3154; x_wconf 86' lang='grc' dir='ltr'>εἰς</span> 
     </span>
     <span class='ocr_line' id='line_1_26' title="bbox 200 3190 1067 3274; baseline -0.001 -22"><span class='ocrx_word' id='word_1_306' title='bbox 200 3211 240 3258; x_wconf 73' lang='lat'>25</span> <span class='ocrx_word' id='word_1_307' title='bbox 706 3194 814 3252; x_wconf 88' lang='grc' dir='ltr'>ταῦτα</span> <span class='ocrx_word' id='word_1_308' title='bbox 843 3190 1067 3274; x_wconf 73' lang='grc' dir='ltr'>μεταβόλλεκ</span> 
     </span>
    </p>
   </div>
   <div class='ocr_carea' id='block_1_4' title="bbox 204 3373 1553 4082">
    <p class='ocr_par' dir='ltr' id='par_1_4' title="bbox 259 3373 1552 3772">
     <span class='ocr_line' id='line_1_27' title="bbox 346 3373 1552 3462; baseline -0.004 -22"><span class='ocrx_word' id='word_1_309' title='bbox 346 3374 381 3440; x_wconf 77' lang='grc' dir='ltr'>Εἰ</span> <span class='ocrx_word' id='word_1_310' title='bbox 403 3382 463 3444; x_wconf 87' lang='grc' dir='ltr'>τοῖς</span> <span class='ocrx_word' id='word_1_311' title='bbox 485 3377 665 3459; x_wconf 79' lang='grc' dir='ltr'>κινουμένοις</span> <span class='ocrx_word' id='word_1_312' title='bbox 689 3382 773 3441; x_wconf 83' lang='grc' dir='ltr'>πᾶσιν</span> <span class='ocrx_word' id='word_1_313' title='bbox 797 3378 827 3447; x_wconf 81' lang='grc' dir='ltr'>ἐξ</span> <span class='ocrx_word' id='word_1_314' title='bbox 843 3378 970 3440; x_wconf 80' lang='grc' dir='ltr'>ἐναντίου</span> <span class='ocrx_word' id='word_1_315' title='bbox 993 3379 1034 3446; x_wconf 82' lang='grc' dir='ltr'>εἰς</span> <span class='ocrx_word' id='word_1_316' title='bbox 1056 3378 1181 3441; x_wconf 83' lang='grc' dir='ltr'>ἐναντίον</span> <span class='ocrx_word' id='word_1_317' title='bbox 1205 3379 1399 3462; x_wconf 80' lang='grc' dir='ltr'>ημεταβολη.</span> <span class='ocrx_word' id='word_1_318' title='bbox 1422 3378 1457 3440; x_wconf 79' lang='grc' dir='ltr'>τὰ</span> <span class='ocrx_word' id='word_1_319' title='bbox 1480 3373 1504 3439; x_wconf 79' lang='grc' dir='ltr'>δ’</span> <span class='ocrx_word' id='word_1_320' title='bbox 1538 3393 1552 3435; x_wconf 78' lang='grc' dir='ltr'>ο</span> 
     </span>
     <span class='ocr_line' id='line_1_28' title="bbox 259 3480 1511 3565; baseline -0.001 -22"><span class='ocrx_word' id='word_1_321' title='bbox 259 3480 406 3563; x_wconf 78' lang='grc' dir='ltr'>αὐξόμενα</span> <span class='ocrx_word' id='word_1_322' title='bbox 427 3481 476 3542; x_wconf 81' lang='grc' dir='ltr'>καὶ</span> <span class='ocrx_word' id='word_1_323' title='bbox 504 3480 661 3564; x_wconf 83' lang='grc' dir='ltr'>μειυὺμενα</span> <span class='ocrx_word' id='word_1_324' title='bbox 683 3487 814 3554; x_wconf 80' lang='grc' dir='ltr'>κινεῖται,</span> <span class='ocrx_word' id='word_1_325' title='bbox 846 3480 891 3565; x_wconf 82' lang='grc' dir='ltr'>εἴη</span> <span class='ocrx_word' id='word_1_326' title='bbox 920 3481 954 3544; x_wconf 79' lang='grc' dir='ltr'>ἂν</span> <span class='ocrx_word' id='word_1_327' title='bbox 981 3484 1028 3543; x_wconf 83' lang='grc' dir='ltr'>καὶ</span> <span class='ocrx_word' id='word_1_328' title='bbox 1053 3482 1160 3550; x_wconf 86' lang='grc' dir='ltr'>τούτοις</span> <span class='ocrx_word' id='word_1_329' title='bbox 1188 3482 1217 3549; x_wconf 84' lang='grc' dir='ltr'>ἐξ</span> <span class='ocrx_word' id='word_1_330' title='bbox 1240 3482 1375 3544; x_wconf 84' lang='grc' dir='ltr'>ἐναντίων</span> <span class='ocrx_word' id='word_1_331' title='bbox 1406 3483 1446 3552; x_wconf 81' lang='grc' dir='ltr'>εἰς</span> <span class='ocrx_word' id='word_1_332' title='bbox 1470 3482 1511 3544; x_wconf 83' lang='grc' dir='ltr'>ἐν-</span> 
     </span>
     <span class='ocr_line' id='line_1_29' title="bbox 260 3583 1513 3670; baseline -0.001 -23"><span class='ocrx_word' id='word_1_333' title='bbox 260 3583 343 3647; x_wconf 85' lang='grc' dir='ltr'>αντία</span> <span class='ocrx_word' id='word_1_334' title='bbox 366 3585 385 3666; x_wconf 80' lang='grc' dir='ltr'>η</span> <span class='ocrx_word' id='word_1_335' title='bbox 410 3583 566 3667; x_wconf 81' lang='grc' dir='ltr'>μεταβολή.</span> <span class='ocrx_word' id='word_1_336' title='bbox 610 3584 734 3665; x_wconf 89' lang='grc' dir='ltr'>γίγνεται</span> <span class='ocrx_word' id='word_1_337' title='bbox 756 3584 782 3648; x_wconf 81' lang='grc' dir='ltr'>δ’</span> <span class='ocrx_word' id='word_1_338' title='bbox 802 3584 900 3654; x_wconf 84' lang='grc' dir='ltr'>αὐτοῖς</span> <span class='ocrx_word' id='word_1_339' title='bbox 922 3609 941 3669; x_wconf 92' lang='grc' dir='ltr'>η</span> <span class='ocrx_word' id='word_1_340' title='bbox 966 3586 1113 3669; x_wconf 79' lang='grc' dir='ltr'>μεταβολὴ</span> <span class='ocrx_word' id='word_1_341' title='bbox 1137 3587 1177 3652; x_wconf 76' lang='grc' dir='ltr'>εἰς</span> <span class='ocrx_word' id='word_1_342' title='bbox 1200 3584 1323 3666; x_wconf 81' lang='grc' dir='ltr'>μέγεθος</span> <span class='ocrx_word' id='word_1_343' title='bbox 1346 3587 1393 3648; x_wconf 82' lang='grc' dir='ltr'>καὶ</span> <span class='ocrx_word' id='word_1_344' title='bbox 1417 3583 1513 3670; x_wconf 90' lang='grc' dir='ltr'>μικρό·</span> 
     </span>
     <span class='ocr_line' id='line_1_30' title="bbox 260 3685 1552 3772; baseline -0.004 -24"><span class='ocrx_word' id='word_1_345' title='bbox 260 3709 347 3768; x_wconf 84' lang='grc' dir='ltr'>τητα·</span> <span class='ocrx_word' id='word_1_346' title='bbox 371 3691 414 3771; x_wconf 76' lang='grc' dir='ltr'>τῷ</span> <span class='ocrx_word' id='word_1_347' title='bbox 440 3686 491 3769; x_wconf 84' lang='grc' dir='ltr'>μὲν</span> <span class='ocrx_word' id='word_1_348' title='bbox 512 3685 567 3769; x_wconf 85' lang='grc' dir='ltr'>γὰρ</span> <span class='ocrx_word' id='word_1_349' title='bbox 582 3685 731 3770; x_wconf 77' lang='grc' dir='ltr'>αὐξομένῳ</span> <span class='ocrx_word' id='word_1_350' title='bbox 755 3690 796 3756; x_wconf 82' lang='grc' dir='ltr'>είς</span> <span class='ocrx_word' id='word_1_351' title='bbox 820 3689 945 3771; x_wconf 79' lang='grc' dir='ltr'>μέγεθος</span> <span class='ocrx_word' id='word_1_352' title='bbox 966 3690 985 3770; x_wconf 73' lang='grc' dir='ltr'>ἡ</span> <span class='ocrx_word' id='word_1_353' title='bbox 1009 3689 1145 3763; x_wconf 77' lang='grc' dir='ltr'>ἐπίδοσις,</span> <span class='ocrx_word' id='word_1_354' title='bbox 1169 3693 1210 3772; x_wconf 79' lang='grc' dir='ltr'>τῷ</span> <span class='ocrx_word' id='word_1_355' title='bbox 1234 3689 1267 3750; x_wconf 81' lang='grc' dir='ltr'>δὲ</span> <span class='ocrx_word' id='word_1_356' title='bbox 1283 3688 1446 3772; x_wconf 81' lang='grc' dir='ltr'>μειουμένῳ</span> <span class='ocrx_word' id='word_1_357' title='bbox 1470 3688 1511 3755; x_wconf 80' lang='grc' dir='ltr'>εἰς</span> <span class='ocrx_word' id='word_1_358' title='bbox 1526 3705 1552 3745; x_wconf 90' lang='grc' dir='ltr'>ιο</span> 
     </span>
    </p>

    <p class='ocr_par' dir='ltr' id='par_1_5' title="bbox 204 3787 1553 4082">
     <span class='ocr_line' id='line_1_31' title="bbox 204 3787 1513 3875; baseline -0.003 -18"><span class='ocrx_word' id='word_1_359' title='bbox 204 3809 242 3857; x_wconf 84' lang='grc'>30</span> <span class='ocrx_word' id='word_1_360' title='bbox 262 3787 421 3873; x_wconf 79' lang='grc' dir='ltr'>μικρότητα</span> <span class='ocrx_word' id='word_1_361' title='bbox 443 3791 615 3873; x_wconf 76' lang='grc' dir='ltr'>ησυστολή.</span> <span class='ocrx_word' id='word_1_362' title='bbox 651 3791 775 3854; x_wconf 77' lang='grc' dir='ltr'>ἐναντίον</span> <span class='ocrx_word' id='word_1_363' title='bbox 791 3789 874 3874; x_wconf 84' lang='grc' dir='ltr'>&lt;ἄρα&gt;</span> <span class='ocrx_word' id='word_1_364' title='bbox 888 3793 920 3854; x_wconf 83' lang='grc' dir='ltr'>τὸ</span> <span class='ocrx_word' id='word_1_365' title='bbox 938 3791 1011 3874; x_wconf 84' lang='grc' dir='ltr'>μέγα</span> <span class='ocrx_word' id='word_1_366' title='bbox 1035 3793 1131 3854; x_wconf 87' lang='grc' dir='ltr'>καὶτὸ</span> <span class='ocrx_word' id='word_1_367' title='bbox 1149 3791 1258 3875; x_wconf 86' lang='grc' dir='ltr'>μικρόν.</span> <span class='ocrx_word' id='word_1_368' title='bbox 1293 3790 1353 3854; x_wconf 81' lang='grc' dir='ltr'>ἀλλ’</span> <span class='ocrx_word' id='word_1_369' title='bbox 1375 3791 1408 3853; x_wconf 87' lang='grc' dir='ltr'>οὐ</span> <span class='ocrx_word' id='word_1_370' title='bbox 1424 3793 1513 3865; x_wconf 79' lang='grc' dir='ltr'>δοκεῖ,</span> 
     </span>
     <span class='ocr_line' id='line_1_32' title="bbox 262 3891 1513 3980; baseline 0.002 -27"><span class='ocrx_word' id='word_1_371' title='bbox 262 3895 304 3959; x_wconf 81' lang='grc' dir='ltr'>ὡς</span> <span class='ocrx_word' id='word_1_372' title='bbox 326 3892 373 3954; x_wconf 81' lang='grc' dir='ltr'>διὰ</span> <span class='ocrx_word' id='word_1_373' title='bbox 401 3891 541 3954; x_wconf 86' lang='grc' dir='ltr'>πλειόνων</span> <span class='ocrx_word' id='word_1_374' title='bbox 561 3893 763 3978; x_wconf 77' lang='grc' dir='ltr'>Ἀριστοτέλης</span> <span class='ocrx_word' id='word_1_375' title='bbox 790 3895 820 3956; x_wconf 79' lang='grc' dir='ltr'>ἐν</span> <span class='ocrx_word' id='word_1_376' title='bbox 845 3893 1036 3979; x_wconf 82' lang='grc' dir='ltr'>Κατηγορίαις</span> <span class='ocrx_word' id='word_1_377' title='bbox 1063 3893 1177 3964; x_wconf 77' lang='grc' dir='ltr'>ἔλειξεν.</span> <span class='ocrx_word' id='word_1_378' title='bbox 1223 3918 1241 3978; x_wconf 90' lang='grc' dir='ltr'>η</span> <span class='ocrx_word' id='word_1_379' title='bbox 1265 3895 1322 3980; x_wconf 85' lang='grc' dir='ltr'>οὐχ</span> <span class='ocrx_word' id='word_1_380' title='bbox 1350 3897 1449 3965; x_wconf 82' lang='grc' dir='ltr'>ἁπλῶς</span> <span class='ocrx_word' id='word_1_381' title='bbox 1473 3895 1513 3963; x_wconf 77' lang='grc' dir='ltr'>εἰς</span> 
     </span>
     <span class='ocr_line' id='line_1_33' title="bbox 263 3995 1553 4082; baseline -0.001 -26"><span class='ocrx_word' id='word_1_382' title='bbox 263 3995 388 4076; x_wconf 78' lang='grc' dir='ltr'>μέγεθος</span> <span class='ocrx_word' id='word_1_383' title='bbox 414 3996 461 4057; x_wconf 87' lang='grc' dir='ltr'>καὶ</span> <span class='ocrx_word' id='word_1_384' title='bbox 485 3995 643 4080; x_wconf 89' lang='grc' dir='ltr'>μικρότητα</span> <span class='ocrx_word' id='word_1_385' title='bbox 665 3996 711 4081; x_wconf 89' lang='grc' dir='ltr'>&lt;η&gt;</span> <span class='ocrx_word' id='word_1_386' title='bbox 739 3998 884 4082; x_wconf 78' lang='grc' dir='ltr'>μεταβολὴ</span> <span class='ocrx_word' id='word_1_387' title='bbox 912 4003 971 4066; x_wconf 81' lang='grc' dir='ltr'>τοῖς</span> <span class='ocrx_word' id='word_1_388' title='bbox 998 3997 1165 4079; x_wconf 82' lang='grc' dir='ltr'>αὐξομένοις</span> <span class='ocrx_word' id='word_1_389' title='bbox 1193 4021 1223 4060; x_wconf 87' lang='grc' dir='ltr'>τε</span> <span class='ocrx_word' id='word_1_390' title='bbox 1251 4000 1297 4060; x_wconf 86' lang='grc' dir='ltr'>καὶ</span> <span class='ocrx_word' id='word_1_391' title='bbox 1323 3998 1511 4079; x_wconf 81' lang='grc' dir='ltr'>μειουμένοις,</span> <span class='ocrx_word' id='word_1_392' title='bbox 1529 4015 1553 4056; x_wconf 81' lang='grc' dir='ltr'>ιο</span> 
     </span>
    </p>
   </div>
   <div class='ocr_carea' id='block_1_5' title="bbox 208 4152 612 4160">
    <p class='ocr_par' dir='ltr' id='par_1_6' title="bbox 208 4152 612 4160">
     <span class='ocr_line' id='line_1_34' title="bbox 208 4152 612 4160; baseline 0 0"><span class='ocrx_word' id='word_1_393' title='bbox 208 4152 437 4160; x_wconf 43' lang='grc' dir='ltr'>-ς--ῄ--ῇ</span> <span class='ocrx_word' id='word_1_394' title='bbox 445 4153 506 4159; x_wconf 75' lang='lat'>—--</span> <span class='ocrx_word' id='word_1_395' title='bbox 514 4154 582 4160; x_wconf 73' lang='lat'>-—.-</span> <span class='ocrx_word' id='word_1_396' title='bbox 592 4155 612 4160; x_wconf 79' lang='lat'><em>—</em></span> 
     </span>
    </p>
   </div>
   <div class='ocr_carea' id='block_1_6' title="bbox 207 4254 1567 5029">
    <p class='ocr_par' dir='ltr' id='par_1_7' title="bbox 207 4254 1567 4850">
     <span class='ocr_line' id='line_1_35' title="bbox 211 4254 1531 4328; baseline 0.002 -21"><span class='ocrx_word' id='word_1_397' title='bbox 211 4258 221 4307; x_wconf 91' lang='lat' dir='ltr'>l</span> <span class='ocrx_word' id='word_1_398' title='bbox 238 4256 348 4308; x_wconf 73' lang='lat' dir='ltr'>sortasse</span> <span class='ocrx_word' id='word_1_399' title='bbox 360 4254 377 4325; x_wconf 78' lang='grc' dir='ltr'>ἡ</span> <span class='ocrx_word' id='word_1_400' title='bbox 390 4254 416 4306; x_wconf 75' lang='grc' dir='ltr'>ὑὶ</span> <span class='ocrx_word' id='word_1_401' title='bbox 426 4258 481 4320; x_wconf 79' lang='grc' dir='ltr'>(τοῦ</span> <span class='ocrx_word' id='word_1_402' title='bbox 495 4254 595 4319; x_wconf 76' lang='grc' dir='ltr'>ὕδατος)</span> <span class='ocrx_word' id='word_1_403' title='bbox 666 4256 681 4308; x_wconf 79' lang='grc'>’2</span> <span class='ocrx_word' id='word_1_404' title='bbox 695 4255 787 4325; x_wconf 79' lang='grc' dir='ltr'>ὄντως]</span> <span class='ocrx_word' id='word_1_405' title='bbox 800 4257 909 4311; x_wconf 80' lang='lat' dir='ltr'><strong>fortasse</strong></span> <span class='ocrx_word' id='word_1_406' title='bbox 922 4256 1002 4315; x_wconf 81' lang='grc' dir='ltr'>οὑτως</span> <span class='ocrx_word' id='word_1_407' title='bbox 1073 4258 1090 4308; x_wconf 88' lang='grc'>4</span> <span class='ocrx_word' id='word_1_408' title='bbox 1103 4260 1170 4319; x_wconf 76' lang='grc' dir='ltr'>(τοῦ)</span> <span class='ocrx_word' id='word_1_409' title='bbox 1183 4256 1259 4328; x_wconf 86' lang='grc' dir='ltr'>ὑγροῦ</span> <span class='ocrx_word' id='word_1_410' title='bbox 1274 4257 1344 4309; x_wconf 80' lang='lat' dir='ltr'><strong>Diels</strong></span> <span class='ocrx_word' id='word_1_411' title='bbox 1415 4259 1430 4311; x_wconf 88' lang='lat'>5</span> <span class='ocrx_word' id='word_1_412' title='bbox 1444 4264 1531 4310; x_wconf 75' lang='grc' dir='ltr'>πῶσθ</span> 
     </span>
     <span class='ocr_line' id='line_1_36' title="bbox 208 4341 1567 4416; baseline 0.003 -20"><span class='ocrx_word' id='word_1_413' title='bbox 208 4341 377 4414; x_wconf 82' lang='grc' dir='ltr'>τιμὺσταλλσς]</span> <span class='ocrx_word' id='word_1_414' title='bbox 396 4362 413 4394; x_wconf 86' lang='grc' dir='ltr'>κ</span> <span class='ocrx_word' id='word_1_415' title='bbox 432 4345 459 4394; x_wconf 84' lang='lat' dir='ltr'>in</span> <span class='ocrx_word' id='word_1_416' title='bbox 473 4343 545 4395; x_wconf 88' lang='lat' dir='ltr'>lit.V</span> <span class='ocrx_word' id='word_1_417' title='bbox 622 4345 637 4395; x_wconf 87' lang='grc' dir='ltr'>ὑ</span> <span class='ocrx_word' id='word_1_418' title='bbox 656 4343 780 4402; x_wconf 83' lang='grc' dir='ltr'>πεπονθός</span> <span class='ocrx_word' id='word_1_419' title='bbox 794 4343 829 4412; x_wconf 91' lang='grc' dir='ltr'>τι]</span> <span class='ocrx_word' id='word_1_420' title='bbox 850 4345 875 4401; x_wconf 84' lang='grc' dir='ltr'>ός</span> <span class='ocrx_word' id='word_1_421' title='bbox 894 4362 918 4395; x_wconf 90' lang='grc' dir='ltr'>τι</span> <span class='ocrx_word' id='word_1_422' title='bbox 936 4347 965 4397; x_wconf 86' lang='lat' dir='ltr'>in</span> <span class='ocrx_word' id='word_1_423' title='bbox 984 4346 1021 4396; x_wconf 80' lang='lat' dir='ltr'>lit,</span> <span class='ocrx_word' id='word_1_424' title='bbox 1033 4349 1055 4395; x_wconf 88' lang='lat' dir='ltr'>V</span> <span class='ocrx_word' id='word_1_425' title='bbox 1129 4345 1161 4396; x_wconf 84' lang='lat'>14</span> <span class='ocrx_word' id='word_1_426' title='bbox 1180 4344 1237 4396; x_wconf 87' lang='grc' dir='ltr'>οὐτε</span> <span class='ocrx_word' id='word_1_427' title='bbox 1251 4343 1353 4401; x_wconf 90' lang='grc' dir='ltr'>αίθαλος</span> <span class='ocrx_word' id='word_1_428' title='bbox 1371 4345 1419 4416; x_wconf 74' lang='grc' dir='ltr'>ἤδη</span> <span class='ocrx_word' id='word_1_429' title='bbox 1433 4347 1567 4416; x_wconf 79' lang='lat' dir='ltr'><strong>viet.Sp.:</strong></span> 
     </span>
     <span class='ocr_line' id='line_1_37' title="bbox 209 4428 1566 4504; baseline 0.001 -21"><span class='ocrx_word' id='word_1_430' title='bbox 209 4431 268 4483; x_wconf 81' lang='grc' dir='ltr'>οὐτε</span> <span class='ocrx_word' id='word_1_431' title='bbox 280 4429 360 4483; x_wconf 80' lang='grc' dir='ltr'>θάλυσ</span> <span class='ocrx_word' id='word_1_432' title='bbox 378 4429 485 4499; x_wconf 58' lang='lat' dir='ltr'>1&#39;33qV12</span> <span class='ocrx_word' id='word_1_433' title='bbox 505 4428 562 4482; x_wconf 87' lang='grc' dir='ltr'>οὐτε</span> <span class='ocrx_word' id='word_1_434' title='bbox 582 4428 673 4502; x_wconf 72' lang='grc' dir='ltr'>αἰθάλη</span> <span class='ocrx_word' id='word_1_435' title='bbox 692 4432 740 4501; x_wconf 74' lang='grc' dir='ltr'>ἤδη</span> <span class='ocrx_word' id='word_1_436' title='bbox 754 4432 828 4484; x_wconf 76' lang='lat' dir='ltr'>V²132</span> <span class='ocrx_word' id='word_1_437' title='bbox 848 4432 905 4483; x_wconf 80' lang='grc' dir='ltr'>οὐτε</span> <span class='ocrx_word' id='word_1_438' title='bbox 918 4431 993 4488; x_wconf 83' lang='grc' dir='ltr'>ὑαλὸς</span> <span class='ocrx_word' id='word_1_439' title='bbox 1011 4430 1059 4501; x_wconf 76' lang='grc' dir='ltr'>ἤδη</span> <span class='ocrx_word' id='word_1_440' title='bbox 1073 4435 1107 4484; x_wconf 86' lang='lat' dir='ltr'>G:</span> <span class='ocrx_word' id='word_1_441' title='bbox 1128 4431 1156 4483; x_wconf 92' lang='grc' dir='ltr'>οὐ</span> <span class='ocrx_word' id='word_1_442' title='bbox 1176 4431 1252 4490; x_wconf 77' lang='grc' dir='ltr'>θολός</span> <span class='ocrx_word' id='word_1_443' title='bbox 1272 4433 1319 4504; x_wconf 73' lang='grc' dir='ltr'>ἤδη</span> <span class='ocrx_word' id='word_1_444' title='bbox 1339 4436 1372 4484; x_wconf 79' lang='lat' dir='ltr'>F:</span> <span class='ocrx_word' id='word_1_445' title='bbox 1391 4430 1499 4491; x_wconf 86' lang='grc' dir='ltr'>οὑθαλας</span> <span class='ocrx_word' id='word_1_446' title='bbox 1517 4435 1566 4504; x_wconf 78' lang='grc' dir='ltr'>ἤθη</span> 
     </span>
     <span class='ocr_line' id='line_1_38' title="bbox 208 4519 1567 4587; baseline 0.001 -15"><span class='ocrx_word' id='word_1_447' title='bbox 208 4521 269 4572; x_wconf 76' lang='lat' dir='ltr'>SLa</span> <span class='ocrx_word' id='word_1_448' title='bbox 347 4537 380 4587; x_wconf 87' lang='grc' dir='ltr'>γη·</span> <span class='ocrx_word' id='word_1_449' title='bbox 400 4534 450 4569; x_wconf 86' lang='lat' dir='ltr'>om.</span> <span class='ocrx_word' id='word_1_450' title='bbox 469 4520 549 4572; x_wconf 74' lang='lat' dir='ltr'><strong>FsLa</strong></span> <span class='ocrx_word' id='word_1_451' title='bbox 637 4519 667 4571; x_wconf 83' lang='lat'>15</span> <span class='ocrx_word' id='word_1_452' title='bbox 687 4521 764 4586; x_wconf 83' lang='grc' dir='ltr'>μόνον</span> <span class='ocrx_word' id='word_1_453' title='bbox 785 4521 958 4573; x_wconf 75' lang='lat' dir='ltr'><strong>v¹GFsB²a:</strong></span> <span class='ocrx_word' id='word_1_454' title='bbox 979 4520 1052 4586; x_wconf 84' lang='grc' dir='ltr'>μένον</span> <span class='ocrx_word' id='word_1_455' title='bbox 1071 4520 1169 4571; x_wconf 77' lang='lat' dir='ltr'>B¹?V²</span> <span class='ocrx_word' id='word_1_456' title='bbox 1260 4523 1288 4572; x_wconf 83' lang='grc'>17</span> <span class='ocrx_word' id='word_1_457' title='bbox 1310 4526 1353 4571; x_wconf 83' lang='grc' dir='ltr'>τοῦ</span> <span class='ocrx_word' id='word_1_458' title='bbox 1372 4520 1398 4572; x_wconf 77' lang='grc' dir='ltr'>δὲ</span> <span class='ocrx_word' id='word_1_459' title='bbox 1418 4522 1478 4573; x_wconf 83' lang='lat' dir='ltr'>v²ss</span> <span class='ocrx_word' id='word_1_460' title='bbox 1501 4522 1567 4574; x_wconf 74' lang='lat' dir='ltr'><strong>vict.</strong></span> 
     </span>
     <span class='ocr_line' id='line_1_39' title="bbox 208 4605 1531 4678; baseline 0.001 -20"><span class='ocrx_word' id='word_1_461' title='bbox 208 4606 521 4674; x_wconf 65' lang='lat' dir='ltr'><strong>Sp.:20··›v¹GVSLa-</strong></span> <span class='ocrx_word' id='word_1_462' title='bbox 561 4607 593 4657; x_wconf 83' lang='lat'>19</span> <span class='ocrx_word' id='word_1_463' title='bbox 612 4605 675 4664; x_wconf 78' lang='grc' dir='ltr'>εἶδος</span> <span class='ocrx_word' id='word_1_464' title='bbox 690 4606 855 4661; x_wconf 81' lang='lat' dir='ltr'>v²BGvict.</span> <span class='ocrx_word' id='word_1_465' title='bbox 869 4606 925 4672; x_wconf 61' lang='lat' dir='ltr'>Spa</span> <span class='ocrx_word' id='word_1_466' title='bbox 946 4605 1156 4663; x_wconf 64' lang='grc' dir='ltr'>είῦουςιἸθὸλιυ</span> <span class='ocrx_word' id='word_1_467' title='bbox 1228 4607 1531 4678; x_wconf 55' lang='grc' dir='ltr'>θθψυχρὸνοιιιμθγι.</span> 
     </span>
     <span class='ocr_line' id='line_1_40' title="bbox 208 4691 1567 4765; baseline 0.004 -21"><span class='ocrx_word' id='word_1_468' title='bbox 208 4693 254 4744; x_wconf 76' lang='lat' dir='ltr'>alt.</span> <span class='ocrx_word' id='word_1_469' title='bbox 274 4691 315 4759; x_wconf 87' lang='grc' dir='ltr'>τὸ]</span> <span class='ocrx_word' id='word_1_470' title='bbox 334 4693 364 4744; x_wconf 88' lang='grc' dir='ltr'>τὸ</span> <span class='ocrx_word' id='word_1_471' title='bbox 388 4691 485 4764; x_wconf 81' lang='grc' dir='ltr'>ψυχρόν</span> <span class='ocrx_word' id='word_1_472' title='bbox 504 4711 520 4745; x_wconf 78' lang='lat' dir='ltr'>a</span> <span class='ocrx_word' id='word_1_473' title='bbox 538 4693 582 4761; x_wconf 88' lang='lat' dir='ltr'>Sp.</span> <span class='ocrx_word' id='word_1_474' title='bbox 688 4694 722 4745; x_wconf 70' lang='lat'>‘22</span> <span class='ocrx_word' id='word_1_475' title='bbox 741 4695 878 4765; x_wconf 84' lang='grc' dir='ltr'>ὑγρότητος</span> <span class='ocrx_word' id='word_1_476' title='bbox 897 4693 958 4744; x_wconf 80' lang='lat' dir='ltr'>V²B</span> <span class='ocrx_word' id='word_1_477' title='bbox 982 4695 1047 4745; x_wconf 80' lang='lat' dir='ltr'>Vict.</span> <span class='ocrx_word' id='word_1_478' title='bbox 1066 4694 1122 4761; x_wconf 86' lang='lat' dir='ltr'><strong>Sp.:</strong></span> <span class='ocrx_word' id='word_1_479' title='bbox 1143 4695 1248 4764; x_wconf 82' lang='grc' dir='ltr'>ὑγρότης</span> <span class='ocrx_word' id='word_1_480' title='bbox 1269 4697 1389 4746; x_wconf 72' lang='lat' dir='ltr'>v¹FsLa</span> <span class='ocrx_word' id='word_1_481' title='bbox 1472 4696 1505 4747; x_wconf 81' lang='lat'>&#39;28</span> <span class='ocrx_word' id='word_1_482' title='bbox 1525 4717 1567 4764; x_wconf 84' lang='grc' dir='ltr'>με·</span> 
     </span>
     <span class='ocr_line' id='line_1_41' title="bbox 207 4777 1481 4850; baseline 0.002 -19"><span class='ocrx_word' id='word_1_483' title='bbox 207 4779 317 4850; x_wconf 72' lang='grc' dir='ltr'>ταβολη]</span> <span class='ocrx_word' id='word_1_484' title='bbox 341 4777 445 4850; x_wconf 67' lang='grc' dir='ltr'>μεταγλή</span> <span class='ocrx_word' id='word_1_485' title='bbox 465 4781 500 4830; x_wconf 93' lang='lat' dir='ltr'>V¹</span> <span class='ocrx_word' id='word_1_486' title='bbox 524 4781 599 4845; x_wconf 84' lang='grc' dir='ltr'>(οοιι.</span> <span class='ocrx_word' id='word_1_487' title='bbox 618 4781 666 4847; x_wconf 79' lang='lat' dir='ltr'>V²)</span> <span class='ocrx_word' id='word_1_488' title='bbox 768 4782 800 4833; x_wconf 73' lang='lat'>29</span> <span class='ocrx_word' id='word_1_489' title='bbox 819 4782 862 4832; x_wconf 84' lang='lat' dir='ltr'>alt.</span> <span class='ocrx_word' id='word_1_490' title='bbox 882 4779 932 4848; x_wconf 66' lang='grc' dir='ltr'>τιγ]</span> <span class='ocrx_word' id='word_1_491' title='bbox 952 4785 996 4832; x_wconf 86' lang='grc' dir='ltr'>τοῦ</span> <span class='ocrx_word' id='word_1_492' title='bbox 1015 4800 1030 4831; x_wconf 87' lang='lat' dir='ltr'><strong>a</strong></span> <span class='ocrx_word' id='word_1_493' title='bbox 1126 4781 1278 4850; x_wconf 77' lang='grc' dir='ltr'>μειουμένῳ]</span> <span class='ocrx_word' id='word_1_494' title='bbox 1298 4784 1481 4850; x_wconf 82' lang='grc' dir='ltr'>μειουμένουυ</span> 
     </span>
    </p>

    <p class='ocr_par' dir='ltr' id='par_1_8' title="bbox 207 4864 1567 5029">
     <span class='ocr_line' id='line_1_42' title="bbox 207 4864 1567 4940; baseline 0.003 -23"><span class='ocrx_word' id='word_1_495' title='bbox 207 4867 244 4917; x_wconf 75' lang='grc'>311</span> <span class='ocrx_word' id='word_1_496' title='bbox 266 4869 313 4938; x_wconf 76' lang='grc' dir='ltr'>ἄρα</span> <span class='ocrx_word' id='word_1_497' title='bbox 338 4869 396 4919; x_wconf 77' lang='lat' dir='ltr'>add.</span> <span class='ocrx_word' id='word_1_498' title='bbox 420 4869 513 4922; x_wconf 73' lang='lat' dir='ltr'><strong>B²S²a</strong></span> <span class='ocrx_word' id='word_1_499' title='bbox 619 4869 648 4920; x_wconf 80' lang='grc' dir='ltr'>θλ</span> <span class='ocrx_word' id='word_1_500' title='bbox 677 4865 845 4939; x_wconf 76' lang='grc' dir='ltr'>Ἀριστοτέλης</span> <span class='ocrx_word' id='word_1_501' title='bbox 873 4869 899 4918; x_wconf 81' lang='grc' dir='ltr'>ἐν</span> <span class='ocrx_word' id='word_1_502' title='bbox 924 4864 1101 4938; x_wconf 73' lang='grc' dir='ltr'>Κατηγορίαις]</span> <span class='ocrx_word' id='word_1_503' title='bbox 1135 4870 1190 4922; x_wconf 74' lang='grc' dir='ltr'>θυι.</span> <span class='ocrx_word' id='word_1_504' title='bbox 1210 4870 1232 4920; x_wconf 88' lang='grc'>6.</span> <span class='ocrx_word' id='word_1_505' title='bbox 1254 4868 1331 4920; x_wconf 74' lang='lat'><strong>4¹›20</strong></span> <span class='ocrx_word' id='word_1_506' title='bbox 1442 4869 1470 4937; x_wconf 74' lang='grc' dir='ltr'>ἡ]</span> <span class='ocrx_word' id='word_1_507' title='bbox 1497 4871 1512 4940; x_wconf 79' lang='grc' dir='ltr'>η</span> <span class='ocrx_word' id='word_1_508' title='bbox 1534 4873 1567 4921; x_wconf 88' lang='lat' dir='ltr'>V¹</span> 
     </span>
     <span class='ocr_line' id='line_1_43' title="bbox 208 4957 850 5029; baseline 0.002 -22"><span class='ocrx_word' id='word_1_509' title='bbox 208 4960 286 5023; x_wconf 73' lang='lat' dir='ltr'>(corr.</span> <span class='ocrx_word' id='word_1_510' title='bbox 309 4957 352 5022; x_wconf 68' lang='lat' dir='ltr'>W)</span> <span class='ocrx_word' id='word_1_511' title='bbox 459 4958 492 5008; x_wconf 78' lang='lat'>32</span> <span class='ocrx_word' id='word_1_512' title='bbox 512 4975 529 5029; x_wconf 85' lang='grc' dir='ltr'>η</span> <span class='ocrx_word' id='word_1_513' title='bbox 550 4958 618 5009; x_wconf 69' lang='lat' dir='ltr'>WB:</span> <span class='ocrx_word' id='word_1_514' title='bbox 639 4972 688 5009; x_wconf 87' lang='lat' dir='ltr'>om.</span> <span class='ocrx_word' id='word_1_515' title='bbox 710 4959 850 5011; x_wconf 76' lang='lat' dir='ltr'>V¹GFSLa</span> 
     </span>
    </p>
   </div>
   <div class='ocr_carea' id='block_1_7' title="bbox 0 0 1774 5610">
    <p class='ocr_par' dir='ltr' id='par_1_9' title="bbox 0 0 1774 5610">
     <span class='ocr_line' id='line_1_44' title="bbox 0 0 1774 5610; baseline 0 0"><span class='ocrx_word' id='word_1_516' title='bbox 0 0 1774 5610; x_wconf 95' lang='lat' dir='ltr'> </span> 
     </span>
    </p>
   </div>
  </div>
 </body>
</html>
