3540 5610
704 248 716 302 Ι
753 248 797 302 Dll
815 247 1088 312 Quaesulouluus
1534 252 1576 293 vn

214 420 306 506 bant,
329 442 350 488 a
372 421 487 507 quibus
508 421 664 507 penderet
684 420 813 488 solutio.
847 421 897 487 cui
920 421 1123 488 coniecturae
1146 421 1300 489 succurrit
1321 422 1461 507 capitum
1476 421 1574 488 index

214 540 299 607 libro
322 540 495 626 praefixus,
517 540 550 606 in
568 561 634 623 uuo
657 539 787 606 diversa
809 558 830 604 a
852 542 989 625 atil-3
1012 541 1177 626 inscriptio
1200 543 1326 626 legitur.

302 661 409 745 Atque
430 661 512 728 baec
533 660 574 727 de
596 659 820 745 quaestionum
842 660 1078 727 constitutione.
1123 661 1315 728 solutionem
1338 682 1422 746 quae
1444 663 1574 729 inducat

215 779 383 844 sollemnis
404 789 453 848 est
475 779 634 865 particula
661 780 692 865 ἤ,
726 799 810 864 quae
842 779 1002 847 interdum
1035 779 1155 846 excidit
1186 781 1219 846 iu
1241 781 1377 865 Veneto,
1411 788 1446 847 ut
1480 783 1573 866 14,16

214 900 312 984 20,ἳὸ
342 902 437 985 2439
463 901 559 984 3338
584 901 660 985 51‚4
689 899 781 985 878,
815 900 873 966 sed
895 901 1084 985 plerumque
1110 899 1174 965 iam
1197 899 1320 983 pridem
1342 900 1491 966 restituta
1514 909 1571 968 est

213 1019 384 1088 Debebam
406 1020 439 1086 iu
461 1025 583 1086 textum
607 1038 679 1085 eam
702 1019 844 1104 recipere
866 1020 971 1104 3328,
999 1019 1141 1085 nondum
1162 1018 1320 1103 adscripsi
1342 1021 1424 1104 61,8.
1470 1021 1573 1088 rarius

212 1140 356 1224 denique
376 1146 506 1225 praeter
527 1139 547 1224 ἧ
569 1145 741 1223 usurpatur·
763 1137 819 1225 ἆρα
841 1139 934 1222 4Ι,31
958 1140 1054 1222 5534
1076 1146 1109 1206 et
1131 1142 1244 1225 μήποτε
1265 1138 1370 1222 42,25.

305 1258 458 1325 Videmus
483 1257 581 1341 igitur
607 1278 694 1343 eum,
728 1259 783 1344 qui
814 1259 895 1325 haec
926 1257 1127 1343 problemata
1153 1258 1304 1338 confecit,
1334 1259 1512 1326 severiores
1539 1260 1572 1326 in

212 1376 393 1445 formandis
413 1376 549 1460 singulis
570 1377 660 1460 leges
681 1376 742 1444 sibi
765 1397 830 1442 non
853 1375 1053 1461 imposuisse.
1092 1378 1139 1443 ita
1161 1385 1290 1462 praeter
1311 1379 1485 1445 varietates
1507 1380 1572 1447 iam

174 1475 178 1482 ’
213 1498 406 1563 observatas
437 1496 534 1563 modo
567 1516 632 1562 una
660 1496 755 1562 modo
782 1493 927 1580 pluribus
959 1496 1172 1563 solutionibus
1205 1497 1358 1563 enodavit
1389 1500 1422 1562 τὸ
1456 1499 1572 1585 ζήτημα

211 1618 341 1701 (plures
376 1615 557 1682 invenimus
594 1616 620 1699 1,
633 1616 704 1682 Ι.8.
718 1616 767 1683 10.
781 1616 823 1680 20
848 1616 891 1699 ll,
906 1615 950 1702 3).
1005 1615 1165 1682 interdum
1198 1614 1295 1681 etiam
1328 1615 1571 1701 interrogationi

211 1736 297 1803 alias
319 1734 463 1801 adnectit
484 1733 642 1822 (ἐπιζητεῖ)
664 1735 722 1818 Ι,6
744 1734 834 1819 ΙΙΙ,5
857 1737 910 1801 vel
925 1736 1130 1804 difficultates
1149 1735 1181 1800 iu
1202 1734 1316 1818 quibus
1337 1735 1451 1819 aporia
1465 1738 1573 1821 posita

210 1863 276 1936 est,
303 1861 413 1938 auget,
439 1853 480 1920 cs.
501 1855 527 1939 l,
540 1856 581 1922 26
593 1854 626 1942 ¹).
670 1854 754 1920 solet
775 1853 920 1939 aporiam
943 1875 1038 1940 quam
1062 1854 1250 1921 brevissime
1273 1862 1435 1939 exponere
1456 1877 1571 1943 neque,

210 1972 394 2058 ubicunque
417 1973 498 2039 haec
519 1974 563 2040 ad
583 1973 866 2057 interrogationem
882 1975 1014 2043 redacta
1031 1981 1090 2057 est,
1112 1972 1238 2057 longius
1254 1974 1464 2058 exspatiatur.
1502 1984 1571 2042 tan-

210 2101 279 2159 tum
299 2094 384 2160 inter
402 2113 443 2160 ea
464 2094 587 2180 capita,
610 2093 665 2160 ubi
687 2092 879 2159 solutionem
902 2093 999 2178 plena
1020 2092 1255 2175 argumentatio
1283 2093 1458 2178 praecedit,
1484 2095 1571 2162 inve-

210 2213 352 2297 niuntur,
384 2233 469 2298 quac
494 2213 622 2279 solitum
649 2214 733 2279 6-8
760 2232 910 2279 versuum
936 2211 1075 2297 spatium
1109 2211 1279 2277 excedant:
1313 2212 1339 2296 1,
1352 2214 1393 2278 26
1418 2213 1570 2296 (4131-

209 2331 722 2418 42,25)111,5(87‚24-88,19).
758 2332 898 2415 denique
919 2331 1056 2416 scriptor
1084 2330 1179 2396 modo
1202 2330 1273 2415 ipse
1299 2352 1339 2398 ex
1365 2352 1471 2398 rerum
1498 2353 1571 2399 con-

209 2453 422 2536 templatione
458 2453 502 2519 ad
539 2451 771 2518 dubitationem
805 2451 992 2535 pervenisse
1030 2451 1155 2517 videtur
1186 2450 1281 2516 modo
1315 2453 1497 2537 scrupulum
1529 2473 1569 2519 ex

209 2571 424 2640 Aristoteliois
445 2572 573 2658 scriptis
595 2571 791 2657 expiscatur:
814 2571 839 2655 1,
852 2572 881 2636 Ι.
896 2571 945 2636 15.
969 2570 1011 2655 11,
1024 2572 1055 2636 6.
1067 2571 1097 2635 8.
1121 2570 1180 2654 111,
1192 2571 1223 2636 5.

295 2692 385 2759 Haec
408 2691 516 2758 omnia
537 2697 646 2758 autem
668 2690 745 2757 licet
766 2690 857 2756 varia
879 2696 971 2756 veste
993 2692 1111 2774 velata,
1135 2697 1244 2755 tamen
1266 2697 1380 2755 auctor
1402 2690 1506 2756 sciens
1525 2691 1568 2757 ad

208 2832 311 2879 unam
333 2812 495 2896 cogitandi
518 2830 663 2876 normam
686 2809 793 2891 exegit
811 2817 843 2875 et
858 2809 967 2876 aliena
981 2817 1055 2874 sunt
1076 2809 1119 2875 ab
1135 2809 1416 2895 hypomnematico
1440 2831 1567 2893 genere.

207 2953 284 2999 nam
308 2932 368 2999 etsi
391 2931 526 2998 cultiore
552 2929 626 2996 stilo
661 2950 725 2994 non
753 2930 915 3016 perpolita
947 2937 1035 3012 sunt,
1069 2937 1191 2995 certum
1225 2936 1333 2995 tamen
1367 2930 1569 3011 cognoscitur

206 3051 288 3118 artis
321 3051 514 3118 dialecticae
546 3049 714 3116 artificium
748 3056 933 3133 certumque
970 3049 1110 3114 studium
1144 3049 1273 3114 diversa
1306 3046 1478 3130 colligendi
1513 3049 1568 3113 uni

207 3171 369 3238 tractandi
393 3169 510 3236 rationi
531 3177 620 3255 apta,
642 3170 737 3252 quale
760 3188 825 3233 nou
847 3166 875 3233 is
897 3167 1039 3251 adhibet,
1069 3169 1122 3253 qui
1153 3175 1187 3234 ut
1209 3167 1382 3234 memoriae
1404 3176 1568 3234 succurrat

206 3291 355 3357 chartam
377 3290 499 3375 implet.
543 3288 731 3355 Scribuntur
754 3286 834 3351 talia
857 3294 892 3352 ut
914 3288 1060 3354 edantur.

297 3411 366 3476 lam
399 3428 476 3475 vero
510 3406 628 3491 singuli
661 3413 726 3472 tres
753 3406 879 3492 physici
914 3407 986 3474 libri
1018 3405 1183 3471 continent
1211 3405 1566 3491 26÷28÷1soopita‚

209 3550 347 3615 quorum
368 3528 465 3595 tertia
494 3547 569 3611 pars
596 3533 769 3609 occupatur
797 3526 1013 3610 problematis.
1069 3526 1276 3592 Problemata
1309 3525 1393 3591 enim
1427 3534 1501 3590 suut
1533 3526 1566 3590 in

207 3648 291 3715 libro
313 3648 416 3733 primo
440 3647 480 3712 12
502 3645 535 3710 in
557 3645 659 3711 altero
683 3645 733 3728 13,
756 3645 790 3710 in
812 3646 907 3712 tertio
930 3648 960 3712 2.
1015 3665 1115 3728 qnare
1137 3665 1221 3710 nnuc
1243 3644 1348 3709 minus
1370 3643 1567 3710 confidenter

205 3767 459 3853 adstipulaberis
502 3765 773 3830 Fauuuuuuusuro
818 3767 946 3850 ἀποριῶν
991 3765 1116 3829 titulum
1161 3763 1292 3847 opinato
1332 3763 1564 3847 ineptissimum

206 3908 281 3954 esse
301 3907 363 3953 uec
385 3905 482 3973 posse
502 3884 545 3950 ab
560 3883 745 3950 Alexandro
767 3884 933 3950 inventum
955 3903 1037 3968 esse,
1060 3883 1086 3948 si
1109 3882 1228 3948 videris
1244 3882 1359 3949 tertiae
1381 3890 1467 3948 certe
1481 3883 1565 3966 parti

279 4157 297 4216 ¹)
317 4152 438 4207 Nondum
458 4153 487 4205 in
504 4151 618 4205 editione
637 4168 693 4205 mea
711 4154 815 4219 aporiae
834 4153 853 4214 l,
865 4151 898 4203 to
918 4155 1017 4204 textum
1039 4153 1074 4203 ita
1094 4152 1226 4218 proposui,
1248 4156 1285 4210 ut,
1305 4152 1380 4202 cuius
1399 4152 1502 4219 generis
1521 4153 1564 4214 sit,

204 4247 341 4314 appareat.
377 4241 536 4310 colliguntur
553 4242 621 4293 enim
640 4255 724 4308 usque
742 4240 774 4292 ad
793 4239 875 4306 tute
898 4239 1078 4297 difficultates,
1104 4256 1169 4305 quac
1188 4241 1317 4301 oriuntur,
1344 4240 1383 4301 „ri
1399 4257 1434 4296 τις
1453 4238 1519 4307 λέγοι
1537 4239 1563 4290 ἐν

203 4330 305 4406 τῇῦλῃ
326 4328 437 4400 γίνεσθαι
454 4329 484 4382 τὸ
503 4327 566 4386 εἶδος
588 4326 649 4380 καθ’
671 4327 740 4379 αὑτό.
779 4329 888 4394 primum
909 4325 1082 4396 cuppllrlporr'
1106 4326 1135 4378 dv
1157 4327 1173 4395 ἡ
1193 4325 1240 4397 ὕλη
1263 4328 1302 4394 rupi
1320 4326 1378 4379 εἴδει
1397 4325 1563 4396 φθειρομένῳ,

203 4437 265 4474 uam
285 4419 466 4472 materiamen
485 4422 573 4486 potest
595 4432 652 4470 csse
670 4418 726 4469 siue
750 4432 798 4468 sua
816 4417 926 4483 specie.“
965 4421 1037 4482 patet
1059 4417 1125 4467 banc
1145 4431 1248 4467 causam
1272 4416 1401 4466 artissime
1425 4415 1457 4466 ad
1476 4416 1563 4482 priora

202 4526 262 4563 sesa
279 4507 413 4576 adplicata
432 4521 479 4559 uec
491 4505 594 4558 tolerari
610 4507 678 4558 iuter
690 4503 847 4575 φθειρομένῳ
861 4505 915 4567 (24)
929 4509 954 4556 ct
967 4504 997 4557 cb
1010 4505 1056 4575 γὰρ
1070 4504 1123 4566 (25)
1137 4505 1247 4555 alionum
1262 4505 1428 4555 seutentiam.
1466 4509 1562 4566 tamen,

202 4604 233 4651 ut
251 4612 323 4649 nunc
341 4606 395 4659 eat,
419 4600 573 4663 separantur
592 4595 675 4645 verbis
694 4592 710 4663 ἢ
730 4595 772 4644 καὶ
790 4593 816 4644 ἐν
835 4593 869 4663 τῇ
886 4592 958 4661 οὐσίᾳ
976 4593 1027 4644 ἐστὶ
1045 4596 1089 4661 τῆς
1109 4590 1169 4660 ὕλης
1188 4591 1217 4643 τὸ
1237 4591 1314 4658 εἶδος,
1339 4593 1434 4659 quibus
1454 4591 1514 4644 olim
1535 4593 1562 4642 iu

202 4685 322 4753 margine
339 4682 422 4736 lector
440 4684 519 4735 totius
532 4683 628 4750 rapitis
647 4687 827 4751 argumentum
842 4682 1045 4748 comprehendit.
1066 4711 1097 4718 —
1117 4685 1249 4747 praeterea
1268 4686 1353 4732 autem
1369 4682 1465 4748 primae
1484 4680 1562 4730 buius

201 4773 368 4826 difficultatis
386 4771 448 4824 finis
466 4771 550 4833 dccet,
575 4785 651 4837 quam
671 4776 778 4838 apparet
796 4770 911 4822 noudum
932 4770 964 4820 ad
985 4770 1082 4821 exitum
1102 4768 1251 4836 perductam
1271 4785 1340 4834 essa,
1363 4770 1408 4822 ubi
1427 4767 1509 4834 (423)
1529 4768 1561 4818 ed

200 4876 297 4917 noram
316 4861 444 4914 transitur
461 4859 588 4931 particula
607 4858 650 4916 to.
687 4864 747 4914 autc
765 4860 832 4913 banc
851 4859 932 4929 igitur
951 4873 1035 4929 ponas
1055 4858 1164 4910 lacunae
1184 4858 1268 4927 sigua.
