3540 5610
254 306 325 346 xvrrr
836 300 1033 355 PRAEFATIO

253 476 388 542 tustiora
414 484 497 543 sunt.
541 477 603 543 hoc
625 484 732 543 autem
759 483 880 542 certum
902 481 960 558 cst,
988 473 1014 540 si
1043 473 1222 539 uncialibus
1244 473 1380 558 scriptus
1403 480 1473 539 erat
1497 472 1611 557 codex,

254 616 294 662 ex
335 617 396 680 quc
436 595 527 662 fluxit
567 596 725 678 Venetae,
769 596 870 661 multa
907 592 1100 679 compendia
1144 591 1331 660 intermixta
1366 590 1480 677 inisse,
1520 593 1611 660 cuins

253 716 430 801 scripturae
453 715 580 799 generis
602 715 774 797 imaginem
797 715 889 781 nobis
911 713 1069 801 praebent
1091 714 1124 778 in
1148 713 1270 780 Veneto
1293 720 1327 780 et
1350 713 1492 798 capitum
1514 710 1611 778 rubra

254 844 286 901 ct
308 835 503 919 marginales
525 833 751 900 adnotationes
771 842 805 900 et
825 834 1007 917 argumcnti
1031 840 1221 916 conspectus
1244 832 1346 917 primo
1369 832 1504 918 physico
1527 830 1609 895 libro

254 961 287 1020 ct
313 955 425 1019 morali
454 953 614 1038 praefixus
640 956 730 1037 (nam
759 953 857 1038 pinax
885 954 938 1036 qui
970 961 1046 1020 autc
1073 955 1208 1019 alterum
1238 959 1271 1018 et
1304 953 1432 1019 tertium
1461 950 1609 1037 physion

253 1094 321 1137 rum
353 1073 470 1157 legitur
502 1073 686 1139 minusculis
713 1072 912 1157 conscriptus
938 1075 1010 1156 est).
1056 1081 1165 1140 tantus
1191 1079 1241 1139 est
1275 1091 1426 1138 numerus
1452 1071 1610 1155 deprava

252 1200 355 1258 tarum
390 1193 587 1278 syllabarum
621 1191 872 1276 terminantium3
910 1191 949 1258 cf.
979 1193 1074 1275 l,2.9
1100 1191 1174 1276 8,18
1202 1192 1360 1276 10,23.24
1387 1188 1607 1275 racanati

254 1313 409 1395 15,19.2·2
435 1313 526 1397 17,12
549 1312 643 1396 *2137
667 1312 762 1395 naal
784 1312 857 1395 26,6
880 1312 983 1395 27,18.
998 1311 1040 1377 28
1067 1313 1140 1395 29‚5
1167 1312 1249 1389 31‚t›.
1264 1314 1314 1378 10.
1323 1312 1367 1377 20
1394 1311 1491 1395 3635
1513 1309 1606 1385 eall

250 1432 736 1517 48,370‚2883,4112,3ctc.
780 1433 856 1497 nolo
883 1430 944 1496 hoc
971 1431 1042 1496 loco
1071 1451 1182 1497 omncs
1204 1430 1319 1498 Veneti
1346 1429 1546 1513 corruptelas
1574 1428 1608 1493 in

251 1571 310 1616 sua
332 1570 453 1634 genera
474 1550 676 1617 distribuere.
732 1551 790 1617 scd
812 1551 969 1616 conducet
997 1551 1060 1617 duc
1089 1551 1229 1617 breviter
1250 1557 1392 1633 notasse,
1421 1568 1506 1632 quae
1529 1567 1607 1632 prae

251 1671 366 1736 cctcris
399 1671 558 1754 respicere
588 1669 705 1736 debeat
737 1670 973 1737 emendaturus.
1019 1669 1174 1736 latissime
1207 1668 1291 1736 enim
1325 1676 1415 1753 patet
1447 1668 1606 1735 vocalium

251 1789 334 1856 iuter
356 1810 392 1856 sc
414 1797 447 1855 et
468 1789 739 1873 diphthongorum
763 1789 965 1874 permutatio,
996 1809 1079 1872 quac
1106 1811 1171 1856 uon
1194 1790 1297 1854 solum
1320 1788 1352 1854 in
1375 1812 1401 1852 ar
1425 1794 1457 1855 et
1479 1813 1499 1871 r,
1522 1812 1552 1851 ar
1574 1793 1606 1853 ct

250 1909 434 1992 acffcndit,
468 1911 525 1976 scd
548 1918 640 1976 tanta
663 1915 721 1983 est,
755 1917 789 1974 ut
822 1909 962 1975 cuiusvis
985 1908 1106 1975 vocalis
1134 1929 1205 1974 curn
1234 1927 1426 1991 unaquaque
1452 1907 1606 1973 confusae

251 2027 337 2093 haud
359 2028 488 2095 difficile
511 2029 552 2094 sit
574 2029 724 2111 exempla
745 2028 996 2113 deprehendere.
1042 2027 1159 2094 deinde
1181 2027 1296 2094 iterum
1320 2027 1498 2093 miserrima
1513 2027 1605 2093 omis·

249 2146 374 2212 sinuum
396 2149 490 2232 copia
512 2147 739 2231 conquerenda
766 2154 824 2232 cst,
851 2148 892 2214 de
918 2168 982 2232 qua
1004 2145 1070 2212 dixi
1097 2146 1129 2210 in
1157 2145 1358 2230 praefatione
1381 2149 1443 2212 vol.
1467 2148 1492 2231 I,
1516 2169 1547 2233 p.
1562 2148 1604 2215 X.

249 2267 307 2332 scd
329 2268 439 2334 taedet
460 2268 646 2350 singillatim
668 2267 787 2334 referre
803 2275 835 2334 ct
858 2267 981 2334 litteras
997 2273 1029 2333 ct
1050 2265 1194 2351 syllabas
1217 2274 1249 2333 ct
1271 2287 1367 2334 voces
1387 2274 1420 2333 θῖ
1436 2269 1605 2335 enuntiata

248 2406 331 2468 quac
353 2386 510 2453 excidere.
555 2387 736 2471 legentibus
758 2387 843 2452 enim
871 2389 953 2452 ultro
982 2408 1018 2453 sc
1041 2387 1191 2453 obtrudet
1213 2386 1321 2452 lacera
1341 2386 1510 2473 archetypi
1532 2407 1604 2472 spe

248 2505 313 2571 cies
335 2505 436 2569 instar
458 2504 551 2569 cribri
575 2505 736 2588 perforati.
782 2526 854 2571 raro
871 2513 984 2571 contra
1006 2505 1222 2572 removendae
1237 2513 1311 2571 sunt
1330 2506 1454 2573 otiosae
1477 2506 1604 2573 litterae

246 2625 445 2710 syllabaeve,
467 2632 501 2690 ut
523 2626 621 2711 25,13
644 2626 751 2709 aaut.
767 2628 805 2689 15
828 2627 922 2709 3535
945 2626 1014 2710 663
1041 2626 1136 2705 7732
1161 2626 1267 2708 129,1;
1301 2631 1333 2691 θῖ
1355 2645 1431 2690 casu
1454 2625 1606 2692 ridentur

247 2744 322 2809 olim
346 2764 363 2809 c
390 2745 534 2828 margine
567 2745 600 2810 in
634 2751 754 2810 textum
786 2745 954 2828 irrepsisse
987 2763 1091 2829 pauca
1116 2744 1187 2827 illa,
1221 2763 1305 2828 quae
1333 2744 1476 2812 recidere
1504 2744 1602 2812 debui

247 2864 341 2948 ‘2334
363 2864 542 2947 2630-22
564 2864 701 2949 48,4-5
723 2865 818 2948 6722
830 2884 877 2946 sq.
900 2865 1004 2949 92,32.

198 2982 238 3046 V’
335 2983 436 3049 Venio
459 3004 543 3049 nunc
564 2983 606 3047 ad
629 2983 660 3048 id
683 3004 785 3065 genus
807 2983 989 3064 lectionum,
1013 2984 1098 3068 quod
1120 2986 1153 3050 in
1176 2983 1265 3048 libris
1287 2983 1328 3051 de
1348 2984 1458 3051 anima
1478 2984 1520 3051 V²
1540 2986 1603 3070 sig-

247 3101 332 3167 navi.
377 3122 451 3166 nam
476 3102 572 3167 ctiam
596 3102 808 3180 Quaesticncs
830 3102 943 3167 doctus
970 3102 1025 3169 illc
1049 3103 1123 3170 licet
1148 3125 1213 3169 non
1236 3104 1349 3172 eadem
1372 3104 1489 3190 ubique
1512 3105 1603 3172 indu-

247 3221 324 3285 stria
346 3223 563 3304 pertractavit.
611 3223 767 3306 permulta
789 3221 873 3287 cuim
896 3242 966 3286 cunr
994 3223 1198 3289 adnotaverit
1228 3223 1329 3308 primo
1356 3224 1490 3310 physico
1519 3225 1601 3292 libro

247 3348 279 3405 et
307 3341 481 3406 moralibus
508 3342 726 3425 problematis,
754 3349 919 3406 rarescunt
941 3342 1010 3407 cius
1033 3342 1170 3424 vcstigia
1192 3343 1267 3408 indc
1289 3343 1332 3408 ab
1355 3351 1470 3409 octavo
1494 3345 1601 3429 capite

245 3458 317 3523 libri
340 3460 473 3524 alterius
502 3461 635 3545 physici.
685 3460 894 3526 confidentius
921 3469 1029 3526 autem
1055 3482 1139 3526 nunc
1166 3470 1333 3547 postquam
1359 3464 1601 3531 accuratissime

245 3577 358 3643 iterum
382 3580 523 3644 codicem
552 3579 733 3645 examinavi
761 3580 866 3646 cidem
893 3581 1028 3664 tempori
1062 3580 1120 3645 has
1154 3583 1308 3650 lectiones
1340 3582 1449 3651 deberi
1478 3590 1598 3649 certum

246 3717 318 3763 csse
341 3697 509 3775 contendo,
533 3699 710 3764 abeodem
734 3698 863 3764 homine
884 3698 1055 3781 provenire
1083 3700 1265 3766 verisimile.
1314 3709 1400 3769 certe
1427 3722 1521 3769 nemo
1545 3726 1599 3790 po

245 3818 320 3882 terit
342 3818 478 3884 diversis
500 3819 682 3883 auctoribus
705 3837 763 3882 sua
786 3817 931 3882 reddere.
975 3837 1049 3881 nam
1073 3818 1251 3884 litterarum
1267 3821 1368 3905 primo
1384 3824 1496 3889 obtutu
1512 3846 1599 3909 pror-

246 3956 300 3999 sus
323 3936 470 4001 similium
494 3937 731 4021 discrepantiae
759 3938 853 4021 (quas
880 3937 913 4000 in
940 3936 1054 4002 litteris
1082 3940 1097 4000 δ
1121 3945 1152 4003 ct
1175 3960 1192 4003 σ
1215 3961 1287 4007 θεεθ
1310 3962 1373 4006 non
1396 3943 1493 4029 nego)
1515 3946 1598 4012 tales

246 4063 328 4140 suut,
351 4054 463 4139 quales
485 4056 579 4121 facile
603 4058 696 4120 homo
717 4058 829 4122 doctus
851 4056 1041 4122 festinanter
1064 4059 1206 4125 scribens
1228 4060 1384 4128 admittat.
1429 4082 1536 4146 neque
1557 4085 1597 4131 ex

245 4182 425 4240 atramento
448 4175 500 4240 hic
521 4176 658 4242 fusciore
674 4176 738 4241 illic
753 4175 871 4241 atriore
894 4176 1016 4258 aliquid
1038 4178 1230 4246 concludere
1252 4181 1335 4248 licet.
1379 4181 1476 4248 immo
1500 4203 1596 4249 unum

245 4293 361 4375 ubique
383 4294 561 4359 adhibitum
591 4316 661 4361 esse
689 4315 747 4360 cae
776 4315 873 4360 voces
900 4305 1047 4381 arguunt,
1070 4297 1102 4362 in
1126 4298 1240 4380 quihus
1269 4300 1381 4367 cadem
1410 4302 1526 4368 coloris
1552 4302 1598 4369 di·

245 4412 382 4477 versitas
405 4421 552 4498 apparct.
576 4453 616 4461 —
639 4435 743 4497 neque
766 4414 807 4479 dc
829 4415 1019 4482 auctoritato
1047 4437 1156 4481 earum
1186 4439 1271 4484 nunc
1296 4420 1390 4487 aliter
1416 4420 1533 4488 indico.
1576 4442 1598 4488 a

244 4532 312 4596 viro
329 4543 544 4615 provenerunt
568 4533 768 4617 peritissimo,
792 4535 845 4616 qui
862 4536 982 4600 utinam
999 4558 1108 4603 omncs
1125 4538 1300 4604 Alexandri
1316 4541 1414 4607 libros
1434 4541 1503 4625 pari
1520 4561 1598 4608 cura

244 4659 480 4734 pertractasset.
526 4673 596 4718 cam
620 4653 703 4717 enirn
722 4675 851 4736 operam
876 4657 1034 4737 praestitit
1057 4659 1183 4742 scriptis
1205 4680 1264 4744 per
1278 4660 1409 4725 saecula
1430 4660 1597 4745 neglectis,

243 4790 338 4852 cruam
368 4778 399 4835 et
425 4773 623 4854 postulamus
650 4782 682 4838 et
713 4775 880 4839 laudamus
907 4775 940 4838 in
969 4777 1069 4858 primo
1099 4778 1231 4844 editcrc.
1277 4800 1351 4845 nam
1379 4780 1518 4846 rcstituit
1545 4781 1597 4848 hic

243 4890 366 4955 litteras
389 4899 563 4975 corruptas,
587 4893 770 4975 prosodiam
787 4893 942 4977 adpinxit,
966 4893 1047 4961 falso
1064 4906 1188 4964 secreta
1210 4906 1295 4965 recte
1311 4899 1467 4984 distinxit,
1491 4901 1599 4969 otiosa
