3548 5604
203 309 223 372 8
684 307 885 362 λυεκλνιυιι
907 307 949 359 νυ
970 307 1076 358 mm

182 554 188 565 ι
259 485 295 562 τηΙ
319 480 377 564 Ἰῦλη
400 505 431 544 τε
454 482 502 543 καὶ
525 486 567 566 τῷ
585 478 780 563 ὑποκειμένῳ·
803 477 845 542 ἔτι
868 479 1025 562 δὲμᾶλλον
1048 482 1142 551 τοῦτο,
1165 478 1190 540 εἰ
1207 479 1281 561 μηδὲ
1303 477 1333 539 ἓν
1356 476 1401 560 είη
1419 475 1505 558 μόνον

260 587 347 666 σῶμα
370 585 402 646 τδ
425 584 612 667 ὑποκείμενον
639 581 735 665 αὐτῷ,
763 582 779 644 δ
802 581 849 644 ἐπὶ
876 585 934 642 τῶν
957 586 1086 661 φυσικῶν
1114 604 1144 644 τε
1166 581 1214 643 καὶ
1237 578 1385 642 συνθέτων
1408 581 1506 662 σωμοί·

259 708 317 747 των
340 686 503 769 ἀναγκαῖον.
548 684 643 749 οὐδενὶ
664 684 718 768 γὰρ
740 685 849 747 τοὺτων
876 682 907 744 ἓν
935 681 967 743 τό
991 684 1176 768 ὑποκείμενον
1205 687 1291 765 σῶμα
1313 687 1371 744 τῶν
1394 683 1504 746 ἁπλῶν.
1519 700 1547 740 αι
1606 714 1610 719 -

259 791 311 849 τοῦ
333 789 388 872 γὰρ
404 789 467 858 ἑνὸς
489 790 537 852 καὶ
561 790 654 849 ἁπλοῦ
677 790 813 871 σώματος
834 787 853 868 η
875 785 948 848 κατὰ
971 786 1054 868 φὺσιν
1077 785 1222 869 μεταβολὴ
1246 786 1287 853 είς
1302 785 1412 848 ἁπλοῦν
1434 785 1506 849 ἄλλο

218 902 246 947 ὀ
260 895 347 973 σῶμα
368 892 482 973 γίνεται.
520 888 593 953 ὥστ’
622 889 697 953 εἴτι
720 889 817 974 μέλλει
841 888 919 972 παρὰ
941 889 977 950 τὰ
1000 884 1087 949 ἁπλδι
1102 890 1224 968 σώματα
1247 887 1385 951 σύνθετόν
1407 911 1433 950 τι
1455 912 1504 972 φυ-

261 993 340 1054 σικδν
357 991 477 1056 ἔσεσθαι
502 998 599 1075 σῶμα,
622 994 667 1055 δεῖ
688 992 782 1075 τούτῳ
804 991 896 1053 πλείω
915 996 972 1052 τῶν
996 992 1096 1053 ἁπλῶν
1121 992 1264 1073 σωμάτων
1287 989 1359 1052 εἶναι
1380 991 1416 1052 τὰ
1439 991 1505 1053 ὑπο-

260 1095 389 1176 κείμενα,
413 1095 428 1158 ὃ
451 1094 564 1177 πλῆθος
586 1094 665 1179 παρὰ
687 1096 738 1178 τὴν
762 1099 820 1157 τῶν
836 1094 921 1156 εἰδῶν
945 1097 1002 1155 τῶν
1025 1093 1055 1154 ἐν
1071 1092 1168 1162 αὑτοῖς
1190 1095 1329 1176 διαφοράν
1353 1093 1412 1155 ἐστι
1435 1096 1506 1177 πλῆ-

262 1196 324 1272 θος,
348 1198 394 1261 καὶ
417 1196 465 1260 διὰ
486 1201 570 1259 τοῦτο
592 1197 628 1259 τὰ
650 1201 767 1259 τοιαῦτα
794 1200 917 1278 σώματα
938 1195 1070 1258 σύνθετα.
1116 1192 1141 1280 ᾧ
1165 1196 1200 1279 δὴ
1224 1195 1314 1257 πλείω
1340 1197 1388 1258 καλ
1410 1195 1506 1280 διαφέ-

264 1323 349 1382 ροντα
372 1299 436 1383 εἴδη
459 1299 494 1362 τὰ
517 1298 589 1380 μετὰ
611 1303 664 1383 τῆς
686 1299 756 1382 ῦλης
778 1299 964 1381 ὑποκείμενα,
988 1297 1018 1366 ἐξ
1039 1299 1165 1381 ἀνάγκης
1188 1298 1288 1361 τούτου
1311 1299 1358 1360 καὶ
1381 1300 1400 1381 ἡ
1423 1297 1507 1382 φὺσις

221 1417 248 1460 10
262 1404 309 1465 καὶ
332 1403 365 1465 τδ
387 1401 463 1471 εἶδος
485 1401 690 1487 ποικιλώτερόν
713 1425 744 1464 τε
760 1402 806 1464 καὶ
822 1400 1008 1483 τελειότερον,
1032 1402 1155 1484 ἑκάστης
1177 1401 1292 1484 φὺσεως
1314 1405 1372 1464 τῶν
1395 1401 1424 1464 ἐν
1447 1407 1506 1471 τοῖς
1520 1418 1547 1460 ου

261 1504 461 1588 ὑποκειμένοις
482 1504 558 1588 αὑτῇ
576 1507 706 1585 σώμασιν
730 1498 969 1586 συντελοῦσηςτι
990 1504 1062 1586 πρὸς
1082 1504 1114 1565 τδ
1138 1503 1185 1566 ἐπὶ
1206 1506 1291 1566 πᾶσιν
1313 1503 1407 1566 κοινὸν
1430 1504 1506 1573 εἶδος

261 1607 368 1677 αὐτοῖς.
413 1606 489 1676 εἶδος
510 1609 564 1692 γάρ
592 1630 654 1676 πως
677 1608 760 1669 εἰδῶν
787 1613 893 1688 γίνεται
915 1606 947 1667 τδ
970 1610 1098 1668 τοιοῦτον
1125 1604 1201 1675 εἶδος
1228 1607 1277 1668 καὶ
1299 1605 1443 1690 τελειότης
1464 1631 1506 1677 τις

261 1712 458 1795 τελειοτήςων.
495 1711 539 1772 διδ
563 1711 609 1772 καὶ
633 1708 666 1770 οῦ
690 1711 735 1771 δεῖ
754 1709 914 1791 θαυμάζειν
937 1708 989 1790 τὴν
1012 1709 1042 1770 ἐν
1065 1713 1124 1775 τοῖς
1139 1713 1270 1792 φυσικοῖς
1292 1712 1424 1792 σώμασιν
1447 1715 1505 1772 τῶν

260 1814 346 1876 εἰδῶν
369 1812 508 1897 διαφορὰν
536 1810 657 1897 ἔχοντας
678 1811 773 1874 αὐτῶν
801 1816 853 1894 τῆς
880 1812 1067 1893 παραλλαγῆς
1093 1816 1225 1894 φανερῶς
1251 1812 1281 1874 ἐν
1309 1817 1368 1882 τοῖς
1394 1815 1505 1876 ὑποκει-

221 1930 246 1975 15
261 1916 357 1999 μένοις
379 1916 430 1984 τὰς
451 1915 552 1984 αἰτίας.
590 1914 622 1978 τό
644 1938 675 1977 τε
696 1914 749 1998 γὰρ
771 1914 885 1997 πλῆθος
907 1917 964 1975 τῶν
985 1913 1070 1975 εἰδῶν
1092 1919 1149 1976 τῶν
1172 1915 1202 1976 ἐν
1225 1920 1283 1983 τοῖς
1306 1915 1505 1997 ὑποκειμένοις

262 2017 360 2086 αὐτοῖς
383 2021 514 2102 σώμασιν
537 2019 584 2081 καὶ
607 2018 750 2101 ητοὺτων
774 2018 910 2102 διάφορος
932 2015 1005 2097 μῖξις
1024 2021 1076 2100 τῆς
1098 2017 1240 2100 τοσαύτης
1255 2021 1442 2102 παραλλαγῆς
1464 2016 1507 2080 εὑ·
1520 2034 1548 2075 ω

261 2121 355 2204 λόγως
380 2120 413 2183 ἁν
436 2121 486 2190 τὰς
508 2121 599 2189 αἰτίας
620 2119 746 2205 φέροιτο.
792 2120 817 2181 εἰ
839 2118 892 2203 γδιρ
916 2119 979 2187 ένδς
1003 2115 1083 2186 ὄντος
1110 2123 1160 2182 τοῦ
1184 2120 1373 2203 ὑποκειμένου
1395 2122 1444 2183 καὶ
1466 2121 1507 2189 είς

264 2224 406 2306 μήδεμίαν
430 2222 568 2307 διαφυρὰν
590 2228 650 2291 τοῖς
671 2220 829 2304 γινομένοις
851 2221 880 2289 ἐξ
897 2221 992 2283 αὑτοῦ
1014 2224 1215 2290 συντελοῦντος
1242 2220 1276 2304 (ἡ
1299 2221 1352 2305 γὰρ
1377 2222 1431 2306 ῦλη
1454 2247 1507 2286 τοι·

262 2326 361 2408 οῦτον)
389 2325 510 2410 ξηρότης
535 2326 583 2388 καὶ
607 2323 729 2409 ὑγρότης
755 2324 803 2386 καὶ
830 2322 973 2407 θερμότης
1001 2332 1049 2386 καὶ
1072 2323 1219 2409 ψυχρότης
1246 2324 1349 2407 σὺνδυο
1379 2324 1407 2387 ἐν
1431 2324 1504 2409 αὑτῇ

218 2427 393 2512 υυγινόμενα
416 2428 557 2510 τοσαύτης
579 2427 684 2509 γίνεται
706 2429 844 2511 διαφορᾶς
867 2431 925 2495 τοῖς
947 2427 977 2495 ἐξ
999 2426 1090 2509 αὐτῆς
1111 2427 1268 2509 γινομένοις
1290 2427 1381 2503 αἰτία,
1411 2432 1451 2498 ῶς
1472 2431 1505 2491 τδ

262 2534 313 2616 μὲν
336 2531 433 2595 αὐτῶν
456 2536 512 2615 πῦρ
534 2529 673 2613 γίνεσθαι,
698 2530 730 2591 τό
753 2529 785 2592 δὲ
805 2529 886 2613 ἀέρα,
910 2530 943 2592 τδ
966 2530 998 2592 δὲ
1020 2535 1084 2613 γῆν,
1107 2530 1139 2592 τδ
1162 2529 1194 2591 δὲ
1217 2530 1304 2612 ὕδωρ,
1327 2531 1375 2592 καὶ
1398 2531 1430 2592 τδ
1454 2532 1505 2614 μὲν

261 2635 343 2720 βαρύ,
367 2635 399 2697 τδ
423 2635 455 2697 δὲ
478 2637 597 2717 κοῦφον,
624 2633 659 2695 τὰ
682 2634 714 2695 δὲ
737 2632 879 2716 δευτέρως
902 2633 1037 2716 έκαίτερον
1059 2632 1167 2695 τοὺτων
1190 2630 1279 2718 ἔχειν,
1304 2639 1367 2702 πῶς
1389 2612 1441 2696 ὑδκ
1464 2633 1507 2696 εὑ·

260 2741 343 2819 λογον
366 2738 414 2800 καὶ
437 2737 472 2799 τὰ
494 2736 527 2799 ἐκ
550 2740 602 2820 τῆς
623 2735 732 2798 τούτων
755 2736 890 2798 ἁπάντων
919 2739 1004 2804 ποιδις
1027 2735 1130 2817 μίίεῶς
1156 2758 1187 2797 τε
1210 2736 1258 2797 καί
1280 2737 1411 2819 κράσεως
1432 2736 1503 2819 γινό-
1518 2754 1544 2796 ι’,

260 2862 333 2922 μενα
356 2843 479 2922 σώματα
501 2839 639 2922 πάμπολυ
661 2838 805 2923 διαφέρειν
828 2839 962 2921 ἀλλήλων
985 2838 1058 2901 κατὰ
1080 2836 1116 2899 τὰ
1139 2835 1202 2920 εἴδη
1226 2839 1325 2902 τεκαὶ
1348 2839 1399 2908 τὰς
1421 2841 1503 2902 δυναί-

219 2958 246 3002 ιυ
260 2967 322 3025 μεις
349 2942 400 3011 τὰς
426 2941 573 3026 κινητικὰς
599 2940 709 3019 αδτῶν;
743 2939 828 3002 τοῦτό
851 2964 893 3001 τοι
920 2941 967 3002 καὶ
990 2940 1026 3001 τὰ
1053 2939 1155 3023 δένδρα
1179 2941 1283 3003 καὶτὰ
1311 2940 1388 3026 φυτὰ
1414 2944 1506 3006 πάντα

261 3046 370 3130 φυσικὰ
399 3043 467 3108 ὄντα
493 3045 541 3107 καί
569 3042 693 3106 σὺνθετα
720 3046 842 3124 σώματα
872 3047 929 3104 τῶν
959 3044 1059 3105 ἁπλῶν
1090 3045 1234 3127 σωμάτων
1262 3048 1323 3112 ταῖς
1351 3050 1507 3127 κινητικαῖς

209 3287 276 3341 1-2
304 3286 339 3340 ἔτι
357 3286 383 3339 δὲ
403 3286 570 3356 μᾶλλον-τὸ
589 3285 751 3354 ὑποκείμενον
770 3283 853 3354 αὑτῷ]
873 3285 920 3337 Die
938 3285 1036 3353 Κδτρετ
1059 3286 1118 3338 sind
1142 3287 1196 3337 also
1221 3287 1368 3355 geeigneter
1394 3304 1439 3340 zur
1460 3288 1560 3357 Vielge-

207 3375 324 3443 staltung
342 3375 381 3427 als
397 3376 457 3444 jene
477 3375 530 3427 und
549 3374 717 3437 vollendeter,
736 3389 809 3425 wenn
829 3374 869 3425 ihr
882 3373 978 3441 Triger
996 3373 1061 3426 noch
1081 3373 1147 3425 dazu
1166 3374 1238 3426 nicht
1256 3376 1298 3426 ein
1312 3374 1411 3443 Κῦιμετ
1429 3377 1508 3430 ιιθεὶιι
1527 3380 1562 3430 ist

206 3463 223 3514 4
242 3461 300 3534 γὰρ]
319 3461 405 3514 indem
487 3462 554 3514 5-6
574 3460 842 3529 ὥστ’-ὑποκείμενα]
862 3461 945 3513 θαλετ
964 3475 1034 3512 muss
1053 3461 1099 3512 das
1118 3462 1170 3526 (bei
1190 3461 1267 3528 dem),
1286 3478 1338 3513 was
1357 3463 1483 3531 verlangt,
1502 3465 1562 3516 dass

206 3565 254 3603 aus
273 3550 323 3602 den
341 3549 477 3603 einfachen
496 3550 613 3618 Kfirpem
632 3549 723 3617 irgend
743 3550 787 3601 ein
805 3548 964 3600 natfirlicher
982 3552 1257 3616 zusammengesetzter
1277 3549 1375 3617 Κόιρετ
1397 3552 1486 3616 werde,
1505 3553 1561 3605 sein
1639 3598 1647 3613 ,

207 3637 305 3705 Trfiger
324 3652 375 3690 von
393 3639 443 3690 den
461 3637 624 3690 natfirliehen
643 3637 759 3704 Κδιρετιι
785 3636 855 3688 mehr
874 3636 912 3687 als
930 3635 973 3687 ein
991 3635 1090 3702 Κῦνρει
1113 3635 1169 3687 sein
1287 3635 1355 3687 8-9
1385 3635 1406 3707 ᾦ
1426 3637 1561 3707 δὴ-ὑτο-

165 3772 167 3775 .
207 3723 319 3794 κείμενα]
341 3725 476 3793 Derjenige
496 3740 546 3776 νου
560 3725 609 3776 den
622 3725 749 3792 Κῦιγνειιι,
768 3724 845 3776 deren
858 3723 956 3791 Triger
975 3723 1045 3774 mehr
1057 3723 1096 3774 als
1109 3723 1189 3788 einer,
1207 3724 1260 3774 und
1274 3723 1315 3775 die
1334 3724 1361 3776 in
1382 3724 1431 3777 den
1443 3724 1561 3789 Formen,

145 3798 150 3805 ¹
206 3812 301 3865 welche
322 3814 367 3864 mit
386 3812 431 3864 der
450 3812 515 3880 Hyle
534 3812 603 3877 sind,
620 3812 787 3864 verschieden
806 3811 864 3864 sind
976 3809 1074 3860 10-12
1097 3809 1334 3879 ἑκάστης-αὑτοῖς]
1354 3812 1423 3865 deun
1439 3814 1498 3881 ρἐιλυ
1517 3814 1562 3865 der

207 3899 335 3965 Naturen,
358 3900 400 3951 die
419 3901 473 3951 sich
493 3915 526 3950 an
546 3900 596 3951 den
615 3899 727 3952 dieselbe
750 3900 892 3964 tragenden
913 3898 1029 3964 Κόιρυτυ
1048 3896 1149 3962 finden,
1172 3901 1240 3965 trfzgt
1259 3905 1338 3951 etwas
1361 3900 1402 3953 bei
1421 3917 1478 3951 zum
1500 3902 1561 3952 Vor-

207 3987 368 4039 handensein
388 3986 432 4038 der
451 3986 536 4049 Form,
555 3986 650 4040 welche
668 3988 723 4040 sich
743 3987 771 4038 in
791 3987 870 4039 ihnen
889 3985 957 4037 allen
976 3985 1114 4037 verbreitet
1223 3985 1253 4036 13
1281 3984 1429 4055 θαυμάζειν]
1449 3987 1562 4056 languea

211 4073 311 4127 13-14
338 4074 384 4142 τὴν
402 4072 604 4143 ἐν-διαφυράν]
624 4075 665 4126 die
684 4073 912 4141 x‘ersqhiedenheit
930 4072 975 4123 der
994 4071 1113 4132 Fonnen,
1132 4071 1225 4123 welche
1245 4073 1300 4124 sich
1319 4073 1354 4124 im
1372 4073 1514 4126 Einzelnen
1534 4076 1563 4126 in

208 4162 258 4213 den
279 4160 442 4213 natfirlichen
460 4161 576 4229 Κδτρυιιι
596 4160 683 4213 finden
790 4159 820 4212 16
849 4157 970 4225 εὐλόγως]
989 4159 1167 4227 notwendiger
1186 4160 1271 4213 Weise
1381 4160 1415 4214 24
1443 4161 1561 4230 σώματα]

208 4248 317 4315 einige
336 4262 387 4299 von
406 4248 457 4300 den
475 4249 592 4316 Κῦτρειτι
699 4248 731 4300 2.]
750 4246 825 4300 τοῦτό
844 4245 893 4314 τοι]
913 4263 960 4298 aus
980 4246 1064 4298 dieser
1083 4246 1195 4298 Ursache

208 4454 224 4505 4
248 4453 327 4506 ἁπλοῦ
345 4470 361 4506 a
467 4455 482 4507 5
507 4458 573 4526 παρὰ
592 4457 624 4508 cf.
643 4459 710 4526 παρὰ
727 4457 774 4526 τὴν
792 4455 911 4526 διαφοράν
931 4455 980 4507 ν.7
1000 4454 1029 4507 οῦ
1048 4456 1115 4524 παρὰ
1133 4455 1161 4507 τὸ
1181 4454 1255 4507 πλέον
1273 4454 1289 4526 ἢ
1310 4454 1412 4508 έλαττυν
1432 4455 1498 4529 ἔχειν
1517 4459 1563 4526 γῆς

208 4540 237 4593 εδ
256 4542 386 4599 ἁντιτυτὲς
403 4541 482 4613 αὑτιῦ,
501 4542 563 4594 ἁλλὰ
581 4545 647 4614 παρὰ
665 4545 710 4613 τὴν
729 4544 821 4596 οἰκείαν
840 4542 911 4612 φὺσιν
932 4543 1035 4596 1⁴8r17
1056 4548 1082 4594 et
1101 4543 1156 4594 lnd.
1245 4544 1260 4595 6
1279 4542 1360 4613 τοὺτιμ
1380 4544 1487 4611 scripsi:
1506 4543 1563 4596 τοὺ-

208 4647 260 4680 των
281 4629 318 4681 Va
393 4628 448 4700 ὃῷ
467 4630 498 4700 δὴ
517 4632 622 4699 scripsi:
642 4631 664 4683 ιὺ
682 4631 713 4701 δὴ
735 4632 769 4683 V:
789 4631 824 4690 ιὺς
843 4631 874 4700 δὴ
893 4648 909 4683 ιι
987 4632 1017 4682 12
1035 4630 1121 4692 αὑτδίς
1140 4633 1177 4683 sie
1199 4632 1231 4682 V:
1251 4629 1329 4700 αὑτῆς
1347 4648 1363 4682 ιι
1449 4632 1480 4682 16
1500 4631 1564 4698 μίξις

209 4731 308 4783 semper
328 4716 348 4766 V
428 4717 591 4787 ταλλαγῆςα
675 4718 706 4769 Ιθ
731 4718 774 4770 τὺν
792 4717 835 4770 δὺο
855 4719 876 4770 V
957 4717 991 4769 ‘20
1012 4717 1139 4786 γινόμενα]
1162 4717 1194 4769 cf.
1212 4718 1228 4787 ἡ
1248 4717 1273 4770 δὲ
1293 4717 1357 4787 δρμή
1376 4737 1403 4770 τε
1424 4719 1467 4770 καὶ
1486 4717 1564 4787 ὄρεξις

209 4801 328 4871 δραστικὰ
348 4802 442 4870 μᾶλλον
461 4807 504 4857 καὶ
523 4806 641 4875 ποιητικαί
662 4806 749 4858 λδῖτθ
768 4810 794 4857 et
812 4805 868 4858 Ind.
887 4822 907 4857 s.
919 4821 941 4856 τ.
960 4810 1079 4856 neutrum
1156 4819 1243 4857 nonne
1262 4803 1347 4858 αἴτιαδ
1428 4806 1457 4857 “21
1480 4805 1564 4857 αὑτιῖιν

209 4889 241 4942 V:
260 4889 338 4962 αὑτῆς
356 4908 372 4942 υ
453 4891 486 4942 ’23
504 4896 577 4964 ταιῆς
594 4909 610 4944 α
690 4892 724 4946 25
742 4892 817 4946 τοῦτό
835 4910 873 4944 τοι
892 4893 924 4945 cf.
943 4891 1034 4944 τοῦτό
1053 4910 1101 4945 τοι
1119 4892 1162 4945 καὶ
1181 4893 1207 4944 ἐν
1225 4899 1276 4951 τοῖς
1294 4894 1379 4965 φόβοις
1398 4893 1453 4945 κτλ.
1476 4896 1562 4946 14111
