<?xml version="1.0" encoding="UTF-8"?>
<!DOCTYPE html PUBLIC "-//W3C//DTD XHTML 1.0 Transitional//EN"
    "http://www.w3.org/TR/xhtml1/DTD/xhtml1-transitional.dtd">
<html xmlns="http://www.w3.org/1999/xhtml" xml:lang="en" lang="en">
 <head>
  <title>
</title>
<meta http-equiv="Content-Type" content="text/html;charset=utf-8" />
  <meta name='ocr-system' content='tesseract 3.04.00' />
  <meta name='ocr-capabilities' content='ocr_page ocr_carea ocr_par ocr_line ocrx_word'/>
</head>
<body>
  <div class='ocr_page' id='page_1' title='image "./supplementumari02arisgoog/supplementumari02arisgoog_0376.png"; bbox 0 0 3540 5610; ppageno 0'>
   <div class='ocr_carea' id='block_1_1' title="bbox 630 328 1503 395">
    <p class='ocr_par' dir='ltr' id='par_1_1' title="bbox 630 328 1503 395">
     <span class='ocr_line' id='line_1_1' title="bbox 630 328 1503 395; baseline 0.001 -11"><span class='ocrx_word' id='word_1_1' title='bbox 630 328 771 387; x_wconf 80' lang='lat' dir='ltr'>BIBMON</span> <span class='ocrx_word' id='word_1_2' title='bbox 789 328 969 387; x_wconf 76' lang='grc' dir='ltr'><strong>ΔΕΥΊῈΡΟΝ</strong></span> <span class='ocrx_word' id='word_1_3' title='bbox 989 333 1018 385; x_wconf 72' lang='grc' dir='ltr'><strong>ἳΙ</strong></span> <span class='ocrx_word' id='word_1_4' title='bbox 1464 332 1503 395; x_wconf 76' lang='grc'><strong>67</strong></span> 
     </span>
    </p>
   </div>
   <div class='ocr_carea' id='block_1_2' title="bbox 146 503 1508 1932">
    <p class='ocr_par' dir='ltr' id='par_1_2' title="bbox 160 503 1492 1002">
     <span class='ocr_line' id='line_1_2' title="bbox 196 503 1453 589; baseline -0.002 -23"><span class='ocrx_word' id='word_1_5' title='bbox 196 504 293 584; x_wconf 89' lang='grc' dir='ltr'><strong>μένων</strong></span> <span class='ocrx_word' id='word_1_6' title='bbox 321 510 441 589; x_wconf 85' lang='grc' dir='ltr'><strong>σημεῖον</strong></span> <span class='ocrx_word' id='word_1_7' title='bbox 464 503 537 567; x_wconf 79' lang='grc' dir='ltr'><strong>εἶναι</strong></span> <span class='ocrx_word' id='word_1_8' title='bbox 559 506 663 567; x_wconf 85' lang='grc' dir='ltr'><strong>δοκεῖν.</strong></span> <span class='ocrx_word' id='word_1_9' title='bbox 709 505 728 587; x_wconf 75' lang='grc' dir='ltr'>ᾖ</span> <span class='ocrx_word' id='word_1_10' title='bbox 750 505 805 587; x_wconf 82' lang='grc' dir='ltr'><strong>γὰρ</strong></span> <span class='ocrx_word' id='word_1_11' title='bbox 828 506 880 568; x_wconf 88' lang='grc' dir='ltr'><strong>ούκ</strong></span> <span class='ocrx_word' id='word_1_12' title='bbox 907 506 954 567; x_wconf 77' lang='grc' dir='ltr'><strong>ἐπὶ</strong></span> <span class='ocrx_word' id='word_1_13' title='bbox 985 506 1092 567; x_wconf 89' lang='grc' dir='ltr'><strong>τούτων</strong></span> <span class='ocrx_word' id='word_1_14' title='bbox 1116 506 1242 567; x_wconf 85' lang='grc' dir='ltr'><strong>καὶτῶν</strong></span> <span class='ocrx_word' id='word_1_15' title='bbox 1269 504 1361 572; x_wconf 86' lang='grc' dir='ltr'><strong>ούτως</strong></span> <span class='ocrx_word' id='word_1_16' title='bbox 1383 526 1453 585; x_wconf 83' lang='grc' dir='ltr'><strong>γινο-</strong></span> 
     </span>
     <span class='ocr_line' id='line_1_3' title="bbox 197 607 1492 693; baseline 0.003 -25"><span class='ocrx_word' id='word_1_17' title='bbox 197 607 294 690; x_wconf 86' lang='grc' dir='ltr'><strong>μένων</strong></span> <span class='ocrx_word' id='word_1_18' title='bbox 317 613 531 692; x_wconf 68' lang='grc' dir='ltr'><strong>κατηγοροῦμεν</strong></span> <span class='ocrx_word' id='word_1_19' title='bbox 553 610 586 671; x_wconf 83' lang='grc' dir='ltr'><strong>τὸ</strong></span> <span class='ocrx_word' id='word_1_20' title='bbox 609 609 807 693; x_wconf 66' lang='grc' dir='ltr'><strong>συμβεβηκόςγ</strong></span> <span class='ocrx_word' id='word_1_21' title='bbox 1466 621 1492 663; x_wconf 84' lang='lat'><strong>¹⁰</strong></span> 
     </span>
     <span class='ocr_line' id='line_1_4' title="bbox 288 708 1454 795; baseline -0.003 -21"><span class='ocrx_word' id='word_1_22' title='bbox 288 709 444 780; x_wconf 75' lang='grc' dir='ltr'><strong>Κάκεῖνος·</strong></span> <span class='ocrx_word' id='word_1_23' title='bbox 466 711 519 774; x_wconf 82' lang='grc' dir='ltr'><strong>οῦκ</strong></span> <span class='ocrx_word' id='word_1_24' title='bbox 538 708 584 773; x_wconf 82' lang='grc' dir='ltr'><strong>ἐπ’</strong></span> <span class='ocrx_word' id='word_1_25' title='bbox 606 710 703 774; x_wconf 83' lang='grc' dir='ltr'><strong>ἀλλων</strong></span> <span class='ocrx_word' id='word_1_26' title='bbox 727 712 788 793; x_wconf 89' lang='grc' dir='ltr'><strong>μέν.</strong></span> <span class='ocrx_word' id='word_1_27' title='bbox 833 713 886 793; x_wconf 79' lang='grc' dir='ltr'><strong>την</strong></span> <span class='ocrx_word' id='word_1_28' title='bbox 908 716 976 793; x_wconf 88' lang='grc' dir='ltr'><strong>γοῦν</strong></span> <span class='ocrx_word' id='word_1_29' title='bbox 999 712 1090 795; x_wconf 79' lang='grc' dir='ltr'><strong>τύχην</strong></span> <span class='ocrx_word' id='word_1_30' title='bbox 1113 712 1185 774; x_wconf 76' lang='grc' dir='ltr'><strong>κατὰ</strong></span> <span class='ocrx_word' id='word_1_31' title='bbox 1209 711 1392 794; x_wconf 79' lang='grc' dir='ltr'><strong>συμβεβηκὸς</strong></span> <span class='ocrx_word' id='word_1_32' title='bbox 1414 709 1454 771; x_wconf 80' lang='grc' dir='ltr'><strong>οιί·</strong></span> 
     </span>
     <span class='ocr_line' id='line_1_5' title="bbox 197 813 1453 899; baseline -0.003 -23"><span class='ocrx_word' id='word_1_33' title='bbox 197 815 260 877; x_wconf 87' lang='grc' dir='ltr'><strong>τίαν</strong></span> <span class='ocrx_word' id='word_1_34' title='bbox 277 814 350 879; x_wconf 88' lang='grc' dir='ltr'><strong>εἶναι</strong></span> <span class='ocrx_word' id='word_1_35' title='bbox 373 816 502 898; x_wconf 88' lang='grc' dir='ltr'><strong>λέγοντες</strong></span> <span class='ocrx_word' id='word_1_36' title='bbox 524 814 614 897; x_wconf 64' lang='grc' dir='ltr'><strong>γοῦν</strong></span> <span class='ocrx_word' id='word_1_37' title='bbox 630 813 748 878; x_wconf 81' lang='grc' dir='ltr'><strong>ἔλαττον</strong></span> <span class='ocrx_word' id='word_1_38' title='bbox 771 814 861 898; x_wconf 76' lang='grc' dir='ltr'><strong>αὐτὴν</strong></span> <span class='ocrx_word' id='word_1_39' title='bbox 884 816 1016 899; x_wconf 74' lang='grc' dir='ltr'><strong>ὁρίζομεν</strong></span> <span class='ocrx_word' id='word_1_40' title='bbox 1038 820 1089 877; x_wconf 89' lang='grc' dir='ltr'><strong>τοῦ</strong></span> <span class='ocrx_word' id='word_1_41' title='bbox 1113 818 1238 882; x_wconf 79' lang='grc' dir='ltr'><strong>σπανίως</strong></span> <span class='ocrx_word' id='word_1_42' title='bbox 1260 813 1388 896; x_wconf 89' lang='grc' dir='ltr'><strong>γίνεσθαι</strong></span> <span class='ocrx_word' id='word_1_43' title='bbox 1412 817 1453 896; x_wconf 83' lang='grc' dir='ltr'><strong>τῷ</strong></span> 
     </span>
     <span class='ocr_line' id='line_1_6' title="bbox 160 918 383 1002; baseline -0.018 -17"><span class='ocrx_word' id='word_1_44' title='bbox 160 918 383 1002; x_wconf 75' lang='grc' dir='ltr'><strong>ὀάπροοράτιρ.</strong></span> 
     </span>
    </p>

    <p class='ocr_par' dir='ltr' id='par_1_3' title="bbox 195 1020 1493 1416">
     <span class='ocr_line' id='line_1_7' title="bbox 278 1020 1490 1107; baseline 0.002 -23"><span class='ocrx_word' id='word_1_45' title='bbox 278 1020 372 1085; x_wconf 80' lang='grc' dir='ltr'><strong>Ἀλλὰ</strong></span> <span class='ocrx_word' id='word_1_46' title='bbox 400 1024 471 1107; x_wconf 78' lang='grc' dir='ltr'><strong>μήν,</strong></span> <span class='ocrx_word' id='word_1_47' title='bbox 501 1020 574 1107; x_wconf 86' lang='grc' dir='ltr'><strong>ἔφην</strong></span> <span class='ocrx_word' id='word_1_48' title='bbox 603 1023 678 1105; x_wconf 84' lang='grc' dir='ltr'><strong>ἐγώ,</strong></span> <span class='ocrx_word' id='word_1_49' title='bbox 710 1022 844 1105; x_wconf 81' lang='grc' dir='ltr'><strong>τοιαύτης</strong></span> <span class='ocrx_word' id='word_1_50' title='bbox 871 1021 961 1106; x_wconf 85' lang='grc' dir='ltr'><strong>ούσης</strong></span> <span class='ocrx_word' id='word_1_51' title='bbox 992 1028 1044 1106; x_wconf 75' lang='grc' dir='ltr'><strong>τῆς</strong></span> <span class='ocrx_word' id='word_1_52' title='bbox 1072 1046 1103 1084; x_wconf 86' lang='grc' dir='ltr'><strong>τε</strong></span> <span class='ocrx_word' id='word_1_53' title='bbox 1131 1020 1197 1084; x_wconf 75' lang='grc' dir='ltr'><strong>καθ’</strong></span> <span class='ocrx_word' id='word_1_54' title='bbox 1226 1022 1296 1083; x_wconf 80' lang='grc' dir='ltr'><strong>αύτύ</strong></span> <span class='ocrx_word' id='word_1_55' title='bbox 1324 1021 1371 1082; x_wconf 80' lang='grc' dir='ltr'><strong>καὶ</strong></span> <span class='ocrx_word' id='word_1_56' title='bbox 1398 1024 1450 1102; x_wconf 75' lang='grc' dir='ltr'><strong>τῆς</strong></span> <span class='ocrx_word' id='word_1_57' title='bbox 1464 1034 1490 1075; x_wconf 69' lang='grc'><strong>15</strong></span> 
     </span>
     <span class='ocr_line' id='line_1_8' title="bbox 195 1122 1452 1209; baseline -0.001 -24"><span class='ocrx_word' id='word_1_58' title='bbox 195 1123 270 1186; x_wconf 79' lang='grc' dir='ltr'><strong>κατὰ</strong></span> <span class='ocrx_word' id='word_1_59' title='bbox 294 1125 478 1209; x_wconf 85' lang='grc' dir='ltr'><strong>συμβεβηκὸς</strong></span> <span class='ocrx_word' id='word_1_60' title='bbox 501 1127 635 1208; x_wconf 80' lang='grc' dir='ltr'><strong>προνοίας</strong></span> <span class='ocrx_word' id='word_1_61' title='bbox 657 1123 751 1188; x_wconf 82' lang='grc' dir='ltr'><strong>οὐκέτ’</strong></span> <span class='ocrx_word' id='word_1_62' title='bbox 782 1123 866 1206; x_wconf 86' lang='grc' dir='ltr'><strong>οίμαί</strong></span> <span class='ocrx_word' id='word_1_63' title='bbox 886 1146 919 1188; x_wconf 84' lang='grc' dir='ltr'><strong>σε</strong></span> <span class='ocrx_word' id='word_1_64' title='bbox 942 1126 1102 1208; x_wconf 76' lang='grc' dir='ltr'><strong>δεήσεσθαι</strong></span> <span class='ocrx_word' id='word_1_65' title='bbox 1125 1128 1241 1186; x_wconf 82' lang='grc' dir='ltr'><strong>πολλῶν</strong></span> <span class='ocrx_word' id='word_1_66' title='bbox 1264 1122 1357 1205; x_wconf 89' lang='grc' dir='ltr'><strong>λόγων</strong></span> <span class='ocrx_word' id='word_1_67' title='bbox 1380 1123 1452 1206; x_wconf 77' lang='grc' dir='ltr'><strong>πρὸς</strong></span> 
     </span>
     <span class='ocr_line' id='line_1_9' title="bbox 199 1224 1455 1313; baseline -0.001 -26"><span class='ocrx_word' id='word_1_68' title='bbox 199 1228 231 1288; x_wconf 83' lang='grc' dir='ltr'><strong>τό</strong></span> <span class='ocrx_word' id='word_1_69' title='bbox 256 1228 296 1310; x_wconf 75' lang='grc' dir='ltr'><strong>μὴ</strong></span> <span class='ocrx_word' id='word_1_70' title='bbox 320 1228 456 1311; x_wconf 75' lang='grc' dir='ltr'><strong>ἡγεῖσθαι</strong></span> <span class='ocrx_word' id='word_1_71' title='bbox 479 1229 585 1296; x_wconf 81' lang='grc' dir='ltr'><strong>ἱκανῶς</strong></span> <span class='ocrx_word' id='word_1_72' title='bbox 608 1226 687 1313; x_wconf 82' lang='grc' dir='ltr'><strong>ἔχειν</strong></span> <span class='ocrx_word' id='word_1_73' title='bbox 709 1230 761 1311; x_wconf 77' lang='grc' dir='ltr'><strong>τὴν</strong></span> <span class='ocrx_word' id='word_1_74' title='bbox 783 1229 924 1312; x_wconf 74' lang='grc' dir='ltr'><strong>ἐρώτησιν</strong></span> <span class='ocrx_word' id='word_1_75' title='bbox 947 1229 998 1311; x_wconf 80' lang='grc' dir='ltr'><strong>τὴν</strong></span> <span class='ocrx_word' id='word_1_76' title='bbox 1022 1228 1156 1296; x_wconf 76' lang='grc' dir='ltr'><strong>ἀξιοῦσαν</strong></span> <span class='ocrx_word' id='word_1_77' title='bbox 1180 1229 1231 1310; x_wconf 77' lang='grc' dir='ltr'><strong>τὴν</strong></span> <span class='ocrx_word' id='word_1_78' title='bbox 1255 1225 1388 1310; x_wconf 86' lang='grc' dir='ltr'><strong>πρόνοιαν</strong></span> <span class='ocrx_word' id='word_1_79' title='bbox 1413 1224 1455 1293; x_wconf 85' lang='grc' dir='ltr'><strong>είς</strong></span> 
     </span>
     <span class='ocr_line' id='line_1_10' title="bbox 210 1328 1493 1416; baseline 0.001 -25"><span class='ocrx_word' id='word_1_80' title='bbox 210 1353 240 1391; x_wconf 84' lang='grc' dir='ltr'><strong>τε</strong></span> <span class='ocrx_word' id='word_1_81' title='bbox 263 1331 315 1412; x_wconf 79' lang='grc' dir='ltr'><strong>τὴν</strong></span> <span class='ocrx_word' id='word_1_82' title='bbox 338 1328 406 1393; x_wconf 89' lang='grc' dir='ltr'><strong>καθ’</strong></span> <span class='ocrx_word' id='word_1_83' title='bbox 434 1331 505 1394; x_wconf 82' lang='grc' dir='ltr'><strong>αύτθ</strong></span> <span class='ocrx_word' id='word_1_84' title='bbox 528 1333 576 1395; x_wconf 89' lang='grc' dir='ltr'><strong>καὶ</strong></span> <span class='ocrx_word' id='word_1_85' title='bbox 600 1333 652 1415; x_wconf 80' lang='grc' dir='ltr'><strong>τὴν</strong></span> <span class='ocrx_word' id='word_1_86' title='bbox 675 1332 748 1394; x_wconf 89' lang='grc' dir='ltr'><strong>κατά</strong></span> <span class='ocrx_word' id='word_1_87' title='bbox 772 1333 960 1416; x_wconf 82' lang='grc' dir='ltr'><strong>συμβεβηκὸς</strong></span> <span class='ocrx_word' id='word_1_88' title='bbox 982 1331 1116 1414; x_wconf 77' lang='grc' dir='ltr'><strong>διαίρεσιν</strong></span> <span class='ocrx_word' id='word_1_89' title='bbox 1141 1332 1238 1410; x_wconf 87' lang='grc' dir='ltr'><strong>μόνας.</strong></span> <span class='ocrx_word' id='word_1_90' title='bbox 1464 1345 1493 1386; x_wconf 72' lang='lat'><strong>2⁰</strong></span> 
     </span>
    </p>

    <p class='ocr_par' dir='ltr' id='par_1_4' title="bbox 146 1430 1508 1932">
     <span class='ocr_line' id='line_1_11' title="bbox 146 1430 1455 1518; baseline -0.002 -21"><span class='ocrx_word' id='word_1_91' title='bbox 146 1452 176 1497; x_wconf 86' lang='grc' dir='ltr'><strong>ιο</strong></span> <span class='ocrx_word' id='word_1_92' title='bbox 280 1430 395 1517; x_wconf 84' lang='grc' dir='ltr'><strong>Ὀρθῶς</strong></span> <span class='ocrx_word' id='word_1_93' title='bbox 417 1433 517 1517; x_wconf 86' lang='grc' dir='ltr'><strong>λέγεις,</strong></span> <span class='ocrx_word' id='word_1_94' title='bbox 541 1433 634 1497; x_wconf 83' lang='grc' dir='ltr'><strong>εἶπεν·</strong></span> <span class='ocrx_word' id='word_1_95' title='bbox 666 1435 692 1497; x_wconf 88' lang='grc' dir='ltr'><strong>εί</strong></span> <span class='ocrx_word' id='word_1_96' title='bbox 715 1437 769 1518; x_wconf 84' lang='grc' dir='ltr'><strong>γάρ</strong></span> <span class='ocrx_word' id='word_1_97' title='bbox 791 1458 831 1503; x_wconf 87' lang='grc' dir='ltr'><strong>τις</strong></span> <span class='ocrx_word' id='word_1_98' title='bbox 854 1435 983 1518; x_wconf 82' lang='grc' dir='ltr'><strong>γνωρίζει</strong></span> <span class='ocrx_word' id='word_1_99' title='bbox 1013 1435 1064 1516; x_wconf 81' lang='grc' dir='ltr'><strong>τὴν</strong></span> <span class='ocrx_word' id='word_1_100' title='bbox 1087 1434 1240 1516; x_wconf 88' lang='grc' dir='ltr'><strong>γινομένην</strong></span> <span class='ocrx_word' id='word_1_101' title='bbox 1263 1433 1390 1515; x_wconf 82' lang='grc' dir='ltr'><strong>ὠφελίαν</strong></span> <span class='ocrx_word' id='word_1_102' title='bbox 1414 1431 1455 1501; x_wconf 85' lang='grc' dir='ltr'><strong>είς</strong></span> 
     </span>
     <span class='ocr_line' id='line_1_12' title="bbox 200 1536 1454 1622; baseline 0.002 -25"><span class='ocrx_word' id='word_1_103' title='bbox 200 1558 262 1597; x_wconf 83' lang='grc' dir='ltr'><strong>τινα</strong></span> <span class='ocrx_word' id='word_1_104' title='bbox 284 1536 398 1599; x_wconf 78' lang='grc' dir='ltr'><strong>ἐκτῶν</strong></span> <span class='ocrx_word' id='word_1_105' title='bbox 421 1536 471 1620; x_wconf 80' lang='grc' dir='ltr'><strong>ὑφ’</strong></span> <span class='ocrx_word' id='word_1_106' title='bbox 499 1539 590 1601; x_wconf 88' lang='grc' dir='ltr'><strong>αύτοῦ</strong></span> <span class='ocrx_word' id='word_1_107' title='bbox 612 1538 769 1621; x_wconf 81' lang='grc' dir='ltr'><strong>γινομένων</strong></span> <span class='ocrx_word' id='word_1_108' title='bbox 793 1537 883 1601; x_wconf 87' lang='grc' dir='ltr'><strong>ἀλλου</strong></span> <span class='ocrx_word' id='word_1_109' title='bbox 906 1539 1008 1622; x_wconf 77' lang='grc' dir='ltr'><strong>χάριν,</strong></span> <span class='ocrx_word' id='word_1_110' title='bbox 1037 1541 1125 1620; x_wconf 75' lang='grc' dir='ltr'><strong>ῦηλον</strong></span> <span class='ocrx_word' id='word_1_111' title='bbox 1148 1539 1180 1600; x_wconf 83' lang='grc' dir='ltr'><strong>ἐκ</strong></span> <span class='ocrx_word' id='word_1_112' title='bbox 1204 1543 1261 1598; x_wconf 84' lang='grc' dir='ltr'><strong>τῶν</strong></span> <span class='ocrx_word' id='word_1_113' title='bbox 1286 1538 1454 1620; x_wconf 84' lang='grc' dir='ltr'><strong>τροειρημέ·</strong></span> 
     </span>
     <span class='ocr_line' id='line_1_13' title="bbox 199 1639 1494 1726; baseline -0.001 -27"><span class='ocrx_word' id='word_1_114' title='bbox 199 1663 256 1700; x_wconf 93' lang='grc' dir='ltr'><strong>νων</strong></span> <span class='ocrx_word' id='word_1_115' title='bbox 280 1639 323 1702; x_wconf 84' lang='grc' dir='ltr'><strong>ότι</strong></span> <span class='ocrx_word' id='word_1_116' title='bbox 347 1643 421 1724; x_wconf 74' lang='grc' dir='ltr'><strong>μήτε</strong></span> <span class='ocrx_word' id='word_1_117' title='bbox 443 1639 510 1704; x_wconf 82' lang='grc' dir='ltr'><strong>καθ’</strong></span> <span class='ocrx_word' id='word_1_118' title='bbox 539 1643 610 1704; x_wconf 88' lang='grc' dir='ltr'><strong>αύτύ</strong></span> <span class='ocrx_word' id='word_1_119' title='bbox 635 1642 709 1723; x_wconf 79' lang='grc' dir='ltr'><strong>μήτε</strong></span> <span class='ocrx_word' id='word_1_120' title='bbox 731 1642 805 1704; x_wconf 83' lang='grc' dir='ltr'><strong>κατὰ</strong></span> <span class='ocrx_word' id='word_1_121' title='bbox 828 1642 1013 1726; x_wconf 79' lang='grc' dir='ltr'><strong>συμβεβηκὸς</strong></span> <span class='ocrx_word' id='word_1_122' title='bbox 1036 1640 1118 1710; x_wconf 79' lang='grc' dir='ltr'><strong>οὗτος</strong></span> <span class='ocrx_word' id='word_1_123' title='bbox 1143 1645 1261 1724; x_wconf 81' lang='grc' dir='ltr'><strong>προνοεῖ</strong></span> <span class='ocrx_word' id='word_1_124' title='bbox 1280 1644 1330 1702; x_wconf 89' lang='grc' dir='ltr'><strong>τοῦ</strong></span> <span class='ocrx_word' id='word_1_125' title='bbox 1354 1645 1453 1702; x_wconf 82' lang='grc' dir='ltr'><strong>τοῦτον</strong></span> <span class='ocrx_word' id='word_1_126' title='bbox 1467 1656 1494 1698; x_wconf 74' lang='grc' dir='ltr'><strong>κο</strong></span> 
     </span>
     <span class='ocr_line' id='line_1_14' title="bbox 200 1742 1274 1829; baseline 0.004 -27"><span class='ocrx_word' id='word_1_127' title='bbox 200 1743 249 1804; x_wconf 75' lang='grc' dir='ltr'><strong>τόν</strong></span> <span class='ocrx_word' id='word_1_128' title='bbox 273 1742 380 1825; x_wconf 84' lang='grc' dir='ltr'><strong>τρόπον</strong></span> <span class='ocrx_word' id='word_1_129' title='bbox 403 1742 460 1806; x_wconf 85' lang='grc' dir='ltr'><strong>ύπό</strong></span> <span class='ocrx_word' id='word_1_130' title='bbox 480 1768 556 1814; x_wconf 94' lang='grc' dir='ltr'><strong>τινος</strong></span> <span class='ocrx_word' id='word_1_131' title='bbox 577 1750 635 1808; x_wconf 83' lang='grc' dir='ltr'><strong>τῶν</strong></span> <span class='ocrx_word' id='word_1_132' title='bbox 659 1744 708 1829; x_wconf 84' lang='grc' dir='ltr'><strong>ὑφ’</strong></span> <span class='ocrx_word' id='word_1_133' title='bbox 735 1746 824 1807; x_wconf 92' lang='grc' dir='ltr'><strong>αύτοῦ</strong></span> <span class='ocrx_word' id='word_1_134' title='bbox 847 1745 1004 1827; x_wconf 81' lang='grc' dir='ltr'><strong>γινομένων</strong></span> <span class='ocrx_word' id='word_1_135' title='bbox 1027 1745 1244 1826; x_wconf 82' lang='grc' dir='ltr'><strong>ὠφελουμένου.</strong></span> <span class='ocrx_word' id='word_1_136' title='bbox 1271 1743 1274 1828; x_wconf 66' lang='grc' dir='ltr'><strong>ί</strong></span> 
     </span>
     <span class='ocr_line' id='line_1_15' title="bbox 288 1843 1508 1932; baseline 0.001 -24"><span class='ocrx_word' id='word_1_137' title='bbox 288 1843 328 1908; x_wconf 85' lang='grc' dir='ltr'><strong>Τί</strong></span> <span class='ocrx_word' id='word_1_138' title='bbox 347 1846 390 1923; x_wconf 83' lang='grc' dir='ltr'><strong>δέ,</strong></span> <span class='ocrx_word' id='word_1_139' title='bbox 412 1846 492 1910; x_wconf 84' lang='grc' dir='ltr'><strong>εἷπον</strong></span> <span class='ocrx_word' id='word_1_140' title='bbox 516 1847 584 1930; x_wconf 84' lang='grc' dir='ltr'><strong>ἐγώ,</strong></span> <span class='ocrx_word' id='word_1_141' title='bbox 609 1850 635 1911; x_wconf 86' lang='grc' dir='ltr'><strong>εί</strong></span> <span class='ocrx_word' id='word_1_142' title='bbox 657 1851 729 1932; x_wconf 78' lang='grc' dir='ltr'><strong>πρὸς</strong></span> <span class='ocrx_word' id='word_1_143' title='bbox 752 1854 794 1932; x_wconf 79' lang='grc' dir='ltr'><strong>τῷ</strong></span> <span class='ocrx_word' id='word_1_144' title='bbox 817 1849 964 1931; x_wconf 76' lang='grc' dir='ltr'><strong>γνωρίζειν</strong></span> <span class='ocrx_word' id='word_1_145' title='bbox 988 1847 1039 1929; x_wconf 82' lang='grc' dir='ltr'><strong>τὴν</strong></span> <span class='ocrx_word' id='word_1_146' title='bbox 1062 1848 1188 1931; x_wconf 86' lang='grc' dir='ltr'><strong>ὠφελίαν</strong></span> <span class='ocrx_word' id='word_1_147' title='bbox 1212 1850 1263 1930; x_wconf 81' lang='grc' dir='ltr'><strong>τὴν</strong></span> <span class='ocrx_word' id='word_1_148' title='bbox 1286 1847 1437 1930; x_wconf 80' lang='grc' dir='ltr'><strong>γινομένην</strong></span> <span class='ocrx_word' id='word_1_149' title='bbox 1462 1852 1508 1909; x_wconf 79' lang='grc'><strong>126</strong></span> 
     </span>
    </p>
   </div>
   <div class='ocr_carea' id='block_1_3' title="bbox 144 1946 1452 2035">
    <p class='ocr_par' dir='ltr' id='par_1_5' title="bbox 144 1946 1452 2035">
     <span class='ocr_line' id='line_1_16' title="bbox 144 1946 1452 2035; baseline -0.001 -22"><span class='ocrx_word' id='word_1_150' title='bbox 144 1968 175 2015; x_wconf 77' lang='lat'><strong>15</strong></span> <span class='ocrx_word' id='word_1_151' title='bbox 198 1946 241 2015; x_wconf 87' lang='grc' dir='ltr'><strong>εῖς</strong></span> <span class='ocrx_word' id='word_1_152' title='bbox 264 1972 326 2010; x_wconf 91' lang='grc' dir='ltr'><strong>τινα</strong></span> <span class='ocrx_word' id='word_1_153' title='bbox 354 1953 401 2012; x_wconf 83' lang='grc' dir='ltr'><strong>καὶ</strong></span> <span class='ocrx_word' id='word_1_154' title='bbox 424 1949 497 2013; x_wconf 83' lang='grc' dir='ltr'><strong>κατὰ</strong></span> <span class='ocrx_word' id='word_1_155' title='bbox 525 1953 577 2034; x_wconf 80' lang='grc' dir='ltr'><strong>τὴν</strong></span> <span class='ocrx_word' id='word_1_156' title='bbox 601 1952 705 2014; x_wconf 83' lang='grc' dir='ltr'><strong>ἑαυτοῦ</strong></span> <span class='ocrx_word' id='word_1_157' title='bbox 733 1952 868 2035; x_wconf 88' lang='grc' dir='ltr'><strong>βούλησιν</strong></span> <span class='ocrx_word' id='word_1_158' title='bbox 895 1952 1015 2032; x_wconf 83' lang='grc' dir='ltr'><strong>γίνοιτο,</strong></span> <span class='ocrx_word' id='word_1_159' title='bbox 1046 1951 1079 2013; x_wconf 91' lang='grc' dir='ltr'><strong>ού</strong></span> <span class='ocrx_word' id='word_1_160' title='bbox 1108 1950 1181 2013; x_wconf 84' lang='grc' dir='ltr'><strong>πολύ</strong></span> <span class='ocrx_word' id='word_1_161' title='bbox 1210 1955 1307 2013; x_wconf 84' lang='grc' dir='ltr'><strong>πλεῖον</strong></span> <span class='ocrx_word' id='word_1_162' title='bbox 1336 1949 1377 2013; x_wconf 83' lang='grc' dir='ltr'><strong>ἔτι</strong></span> <span class='ocrx_word' id='word_1_163' title='bbox 1401 1951 1452 2033; x_wconf 76' lang='grc' dir='ltr'><strong>τὴν</strong></span> 
     </span>
    </p>
   </div>
   <div class='ocr_carea' id='block_1_4' title="bbox 134 2051 1505 4012">
    <p class='ocr_par' dir='ltr' id='par_1_6' title="bbox 199 2051 1497 2352">
     <span class='ocr_line' id='line_1_17' title="bbox 199 2051 1497 2138; baseline 0 -27"><span class='ocrx_word' id='word_1_164' title='bbox 199 2051 293 2118; x_wconf 88' lang='grc' dir='ltr'><strong>οῦτως</strong></span> <span class='ocrx_word' id='word_1_165' title='bbox 315 2052 465 2136; x_wconf 84' lang='grc' dir='ltr'><strong>γινομένην</strong></span> <span class='ocrx_word' id='word_1_166' title='bbox 488 2052 623 2137; x_wconf 89' lang='grc' dir='ltr'><strong>πρόνοιαν</strong></span> <span class='ocrx_word' id='word_1_167' title='bbox 646 2054 721 2135; x_wconf 82' lang='grc' dir='ltr'><strong>ἐρεῖς</strong></span> <span class='ocrx_word' id='word_1_168' title='bbox 745 2054 902 2138; x_wconf 70' lang='grc' dir='ltr'><strong>ἀφεστάναι</strong></span> <span class='ocrx_word' id='word_1_169' title='bbox 926 2059 977 2136; x_wconf 76' lang='grc' dir='ltr'><strong>τῆς</strong></span> <span class='ocrx_word' id='word_1_170' title='bbox 1000 2053 1073 2115; x_wconf 91' lang='grc' dir='ltr'><strong>κατά</strong></span> <span class='ocrx_word' id='word_1_171' title='bbox 1097 2053 1292 2138; x_wconf 85' lang='grc' dir='ltr'><strong>συμβεβηκύς;</strong></span> <span class='ocrx_word' id='word_1_172' title='bbox 1482 2070 1497 2111; x_wconf 77' lang='grc' dir='ltr'><strong>ε</strong></span> 
     </span>
     <span class='ocr_line' id='line_1_18' title="bbox 287 2159 1455 2249; baseline 0.002 -24"><span class='ocrx_word' id='word_1_173' title='bbox 287 2159 344 2225; x_wconf 82' lang='grc' dir='ltr'><strong>Καὶ</strong></span> <span class='ocrx_word' id='word_1_174' title='bbox 368 2164 413 2232; x_wconf 83' lang='grc' dir='ltr'><strong>ύς·</strong></span> <span class='ocrx_word' id='word_1_175' title='bbox 441 2165 516 2226; x_wconf 81' lang='grc' dir='ltr'><strong>πάνυ</strong></span> <span class='ocrx_word' id='word_1_176' title='bbox 544 2165 595 2246; x_wconf 82' lang='grc' dir='ltr'><strong>μὲν</strong></span> <span class='ocrx_word' id='word_1_177' title='bbox 619 2161 678 2227; x_wconf 91' lang='grc' dir='ltr'><strong>ούν.</strong></span> <span class='ocrx_word' id='word_1_178' title='bbox 724 2165 831 2249; x_wconf 82' lang='grc' dir='ltr'><strong>σχεδὸν</strong></span> <span class='ocrx_word' id='word_1_179' title='bbox 853 2163 908 2248; x_wconf 81' lang='grc' dir='ltr'><strong>γὰρ</strong></span> <span class='ocrx_word' id='word_1_180' title='bbox 936 2165 955 2247; x_wconf 74' lang='grc' dir='ltr'>ἡ</span> <span class='ocrx_word' id='word_1_181' title='bbox 983 2168 1083 2226; x_wconf 87' lang='grc' dir='ltr'><strong>τοῦτον</strong></span> <span class='ocrx_word' id='word_1_182' title='bbox 1110 2164 1245 2245; x_wconf 84' lang='grc' dir='ltr'><strong>γινομένη</strong></span> <span class='ocrx_word' id='word_1_183' title='bbox 1274 2166 1322 2226; x_wconf 79' lang='grc' dir='ltr'><strong>τὸν</strong></span> <span class='ocrx_word' id='word_1_184' title='bbox 1350 2167 1455 2248; x_wconf 85' lang='grc' dir='ltr'><strong>τρόπον</strong></span> 
     </span>
     <span class='ocr_line' id='line_1_19' title="bbox 199 2264 1454 2352; baseline 0.002 -26"><span class='ocrx_word' id='word_1_185' title='bbox 199 2264 269 2327; x_wconf 78' lang='grc' dir='ltr'><strong>ὄντα</strong></span> <span class='ocrx_word' id='word_1_186' title='bbox 297 2265 364 2329; x_wconf 87' lang='grc' dir='ltr'><strong>καθ’</strong></span> <span class='ocrx_word' id='word_1_187' title='bbox 392 2267 463 2330; x_wconf 82' lang='grc' dir='ltr'><strong>αύτὸ</strong></span> <span class='ocrx_word' id='word_1_188' title='bbox 491 2272 624 2352; x_wconf 84' lang='grc' dir='ltr'><strong>προνοεῖν</strong></span> <span class='ocrx_word' id='word_1_189' title='bbox 652 2291 726 2336; x_wconf 89' lang='grc' dir='ltr'><strong>τινος</strong></span> <span class='ocrx_word' id='word_1_190' title='bbox 761 2269 793 2329; x_wconf 83' lang='grc' dir='ltr'><strong>τὸ</strong></span> <span class='ocrx_word' id='word_1_191' title='bbox 816 2268 901 2330; x_wconf 78' lang='grc' dir='ltr'><strong>ἕνεκα</strong></span> <span class='ocrx_word' id='word_1_192' title='bbox 925 2272 973 2329; x_wconf 84' lang='grc' dir='ltr'><strong>τοῦ</strong></span> <span class='ocrx_word' id='word_1_193' title='bbox 999 2268 1213 2351; x_wconf 83' lang='grc' dir='ltr'><strong>προνοουμένου</strong></span> <span class='ocrx_word' id='word_1_194' title='bbox 1237 2270 1329 2330; x_wconf 82' lang='grc' dir='ltr'><strong>πάντα</strong></span> <span class='ocrx_word' id='word_1_195' title='bbox 1352 2273 1454 2344; x_wconf 82' lang='grc' dir='ltr'><strong>ποιεῖν,</strong></span> 
     </span>
    </p>

    <p class='ocr_par' dir='ltr' id='par_1_7' title="bbox 136 2369 1497 2661">
     <span class='ocr_line' id='line_1_20' title="bbox 199 2369 1497 2455; baseline -0.001 -25"><span class='ocrx_word' id='word_1_196' title='bbox 199 2369 276 2431; x_wconf 82' lang='grc' dir='ltr'><strong>κατὰ</strong></span> <span class='ocrx_word' id='word_1_197' title='bbox 299 2370 483 2454; x_wconf 82' lang='grc' dir='ltr'><strong>συμβεβηκὸς</strong></span> <span class='ocrx_word' id='word_1_198' title='bbox 509 2372 541 2433; x_wconf 80' lang='grc' dir='ltr'><strong>δὲ</strong></span> <span class='ocrx_word' id='word_1_199' title='bbox 564 2372 596 2434; x_wconf 83' lang='grc' dir='ltr'><strong>τὸ</strong></span> <span class='ocrx_word' id='word_1_200' title='bbox 620 2370 704 2434; x_wconf 77' lang='grc' dir='ltr'><strong>ἕνεκα</strong></span> <span class='ocrx_word' id='word_1_201' title='bbox 728 2371 780 2451; x_wconf 85' lang='grc' dir='ltr'><strong>μὲν</strong></span> <span class='ocrx_word' id='word_1_202' title='bbox 803 2371 893 2434; x_wconf 82' lang='grc' dir='ltr'><strong>ἄλλου</strong></span> <span class='ocrx_word' id='word_1_203' title='bbox 916 2371 977 2433; x_wconf 83' lang='grc' dir='ltr'><strong>τινὰ</strong></span> <span class='ocrx_word' id='word_1_204' title='bbox 1004 2376 1105 2445; x_wconf 81' lang='grc' dir='ltr'><strong>ποιεῖν,</strong></span> <span class='ocrx_word' id='word_1_205' title='bbox 1133 2371 1166 2434; x_wconf 88' lang='grc' dir='ltr'><strong>ού</strong></span> <span class='ocrx_word' id='word_1_206' title='bbox 1189 2373 1326 2453; x_wconf 90' lang='grc' dir='ltr'><strong>γνωρίζον</strong></span> <span class='ocrx_word' id='word_1_207' title='bbox 1350 2373 1382 2434; x_wconf 78' lang='grc' dir='ltr'><strong>δὲ</strong></span> <span class='ocrx_word' id='word_1_208' title='bbox 1404 2373 1455 2455; x_wconf 84' lang='grc' dir='ltr'><strong>τὴν</strong></span> <span class='ocrx_word' id='word_1_209' title='bbox 1471 2388 1497 2430; x_wconf 85' lang='grc' dir='ltr'><strong>ιυ</strong></span> 
     </span>
     <span class='ocr_line' id='line_1_21' title="bbox 136 2473 1454 2559; baseline -0.001 -20"><span class='ocrx_word' id='word_1_210' title='bbox 136 2493 175 2539; x_wconf 77' lang='lat'><strong>⁴20</strong></span> <span class='ocrx_word' id='word_1_211' title='bbox 197 2474 241 2542; x_wconf 84' lang='grc' dir='ltr'><strong>είς</strong></span> <span class='ocrx_word' id='word_1_212' title='bbox 263 2477 348 2537; x_wconf 90' lang='grc' dir='ltr'><strong>τοῦτο</strong></span> <span class='ocrx_word' id='word_1_213' title='bbox 370 2473 409 2537; x_wconf 86' lang='grc' dir='ltr'><strong>δι’</strong></span> <span class='ocrx_word' id='word_1_214' title='bbox 430 2473 546 2538; x_wconf 84' lang='grc' dir='ltr'><strong>ἐκείνου</strong></span> <span class='ocrx_word' id='word_1_215' title='bbox 568 2475 719 2559; x_wconf 82' lang='grc' dir='ltr'><strong>γινομένην</strong></span> <span class='ocrx_word' id='word_1_216' title='bbox 743 2475 879 2558; x_wconf 85' lang='grc' dir='ltr'><strong>ὠφελίαν,</strong></span> <span class='ocrx_word' id='word_1_217' title='bbox 904 2474 971 2536; x_wconf 78' lang='grc' dir='ltr'><strong>ούύὲ</strong></span> <span class='ocrx_word' id='word_1_218' title='bbox 987 2473 1172 2558; x_wconf 88' lang='grc' dir='ltr'><strong>βουλόμενον.</strong></span> <span class='ocrx_word' id='word_1_219' title='bbox 1208 2477 1239 2537; x_wconf 83' lang='grc' dir='ltr'><strong>τὸ</strong></span> <span class='ocrx_word' id='word_1_220' title='bbox 1263 2476 1295 2538; x_wconf 76' lang='grc' dir='ltr'><strong>δὲ</strong></span> <span class='ocrx_word' id='word_1_221' title='bbox 1311 2476 1352 2557; x_wconf 76' lang='grc' dir='ltr'><strong>μη</strong></span> <span class='ocrx_word' id='word_1_222' title='bbox 1368 2474 1454 2538; x_wconf 84' lang='grc' dir='ltr'><strong>ένεκα</strong></span> 
     </span>
     <span class='ocr_line' id='line_1_22' title="bbox 199 2576 1460 2661; baseline 0 -21"><span class='ocrx_word' id='word_1_223' title='bbox 199 2579 254 2660; x_wconf 81' lang='grc' dir='ltr'><strong>μὲν</strong></span> <span class='ocrx_word' id='word_1_224' title='bbox 277 2577 378 2640; x_wconf 88' lang='grc' dir='ltr'><strong>τούτου</strong></span> <span class='ocrx_word' id='word_1_225' title='bbox 401 2581 511 2650; x_wconf 88' lang='grc' dir='ltr'><strong>ποιοῦν,</strong></span> <span class='ocrx_word' id='word_1_226' title='bbox 534 2577 671 2660; x_wconf 86' lang='grc' dir='ltr'><strong>γνωρίζυν</strong></span> <span class='ocrx_word' id='word_1_227' title='bbox 695 2578 727 2639; x_wconf 80' lang='grc' dir='ltr'><strong>δὲ</strong></span> <span class='ocrx_word' id='word_1_228' title='bbox 750 2580 797 2639; x_wconf 82' lang='grc' dir='ltr'><strong>καὶ</strong></span> <span class='ocrx_word' id='word_1_229' title='bbox 821 2576 995 2660; x_wconf 86' lang='grc' dir='ltr'><strong>βουλόμενον</strong></span> <span class='ocrx_word' id='word_1_230' title='bbox 1020 2579 1198 2660; x_wconf 87' lang='grc' dir='ltr'><strong>ὠφελεῖσθαι</strong></span> <span class='ocrx_word' id='word_1_231' title='bbox 1221 2582 1316 2648; x_wconf 89' lang='grc' dir='ltr'><strong>τοῦτο,</strong></span> <span class='ocrx_word' id='word_1_232' title='bbox 1340 2583 1460 2661; x_wconf 90' lang='grc' dir='ltr'><strong>προνοοῖ</strong></span> 
     </span>
    </p>

    <p class='ocr_par' dir='ltr' id='par_1_8' title="bbox 195 2677 1497 2972">
     <span class='ocr_line' id='line_1_23' title="bbox 195 2677 1497 2764; baseline -0.002 -24"><span class='ocrx_word' id='word_1_233' title='bbox 195 2681 252 2762; x_wconf 83' lang='grc' dir='ltr'><strong>μὲν</strong></span> <span class='ocrx_word' id='word_1_234' title='bbox 275 2677 309 2742; x_wconf 80' lang='grc' dir='ltr'><strong>ἄν</strong></span> <span class='ocrx_word' id='word_1_235' title='bbox 333 2678 446 2753; x_wconf 88' lang='grc' dir='ltr'><strong>τούτου,</strong></span> <span class='ocrx_word' id='word_1_236' title='bbox 470 2677 537 2743; x_wconf 81' lang='grc' dir='ltr'><strong>οὔτε</strong></span> <span class='ocrx_word' id='word_1_237' title='bbox 560 2681 592 2742; x_wconf 79' lang='grc' dir='ltr'><strong>δὲ</strong></span> <span class='ocrx_word' id='word_1_238' title='bbox 615 2678 682 2743; x_wconf 83' lang='grc' dir='ltr'><strong>καθ’</strong></span> <span class='ocrx_word' id='word_1_239' title='bbox 705 2680 775 2742; x_wconf 84' lang='grc' dir='ltr'><strong>οιύτὸ</strong></span> <span class='ocrx_word' id='word_1_240' title='bbox 799 2678 865 2742; x_wconf 85' lang='grc' dir='ltr'><strong>ούτε</strong></span> <span class='ocrx_word' id='word_1_241' title='bbox 888 2680 960 2742; x_wconf 82' lang='grc' dir='ltr'><strong>κατὰ</strong></span> <span class='ocrx_word' id='word_1_242' title='bbox 985 2680 1180 2764; x_wconf 87' lang='grc' dir='ltr'><strong>συμβεβηκός.</strong></span> <span class='ocrx_word' id='word_1_243' title='bbox 1214 2680 1274 2760; x_wconf 76' lang='grc' dir='ltr'><strong>[καὶ</strong></span> <span class='ocrx_word' id='word_1_244' title='bbox 1298 2682 1324 2742; x_wconf 87' lang='grc' dir='ltr'><strong>εί</strong></span> <span class='ocrx_word' id='word_1_245' title='bbox 1346 2684 1459 2764; x_wconf 82' lang='grc' dir='ltr'><strong>ὠφελοῖ</strong></span> <span class='ocrx_word' id='word_1_246' title='bbox 1472 2697 1497 2738; x_wconf 84' lang='grc' dir='ltr'><strong>ιο</strong></span> 
     </span>
     <span class='ocr_line' id='line_1_24' title="bbox 196 2780 1455 2866; baseline 0.002 -23"><span class='ocrx_word' id='word_1_247' title='bbox 196 2784 252 2865; x_wconf 82' lang='grc' dir='ltr'><strong>μὲν</strong></span> <span class='ocrx_word' id='word_1_248' title='bbox 275 2787 375 2857; x_wconf 85' lang='grc' dir='ltr'><strong>τοῦτο,</strong></span> <span class='ocrx_word' id='word_1_249' title='bbox 403 2780 449 2866; x_wconf 82' lang='grc' dir='ltr'><strong>ἐφ’</strong></span> <span class='ocrx_word' id='word_1_250' title='bbox 479 2784 566 2846; x_wconf 77' lang='grc' dir='ltr'><strong>ἑαυτό</strong></span> <span class='ocrx_word' id='word_1_251' title='bbox 594 2784 700 2865; x_wconf 79' lang='grc' dir='ltr'><strong>δὲτὴν</strong></span> <span class='ocrx_word' id='word_1_252' title='bbox 723 2783 870 2866; x_wconf 83' lang='grc' dir='ltr'><strong>ἀναφορὰν</strong></span> <span class='ocrx_word' id='word_1_253' title='bbox 900 2788 1010 2845; x_wconf 84' lang='grc' dir='ltr'><strong>ποιοῖτο</strong></span> <span class='ocrx_word' id='word_1_254' title='bbox 1037 2789 1089 2865; x_wconf 76' lang='grc' dir='ltr'><strong>τῆς</strong></span> <span class='ocrx_word' id='word_1_255' title='bbox 1112 2784 1252 2866; x_wconf 88' lang='grc' dir='ltr'><strong>ὠφελίας,</strong></span> <span class='ocrx_word' id='word_1_256' title='bbox 1281 2782 1455 2847; x_wconf 82' lang='grc' dir='ltr'><strong>οὐδὲτοῦτο</strong></span> 
     </span>
     <span class='ocr_line' id='line_1_25' title="bbox 197 2884 1449 2972; baseline -0.001 -22"><span class='ocrx_word' id='word_1_257' title='bbox 197 2884 270 2950; x_wconf 84' lang='grc' dir='ltr'><strong>καθ’</strong></span> <span class='ocrx_word' id='word_1_258' title='bbox 292 2888 363 2950; x_wconf 77' lang='grc' dir='ltr'><strong>αὑτό</strong></span> <span class='ocrx_word' id='word_1_259' title='bbox 387 2886 455 2950; x_wconf 77' lang='grc' dir='ltr'><strong>οὐδὲ</strong></span> <span class='ocrx_word' id='word_1_260' title='bbox 470 2887 544 2950; x_wconf 81' lang='grc' dir='ltr'><strong>κατὰ</strong></span> <span class='ocrx_word' id='word_1_261' title='bbox 567 2887 750 2972; x_wconf 86' lang='grc' dir='ltr'><strong>συμβεβηκὸς</strong></span> <span class='ocrx_word' id='word_1_262' title='bbox 766 2892 896 2970; x_wconf 88' lang='grc' dir='ltr'><strong>προνοεῖ·</strong></span> <span class='ocrx_word' id='word_1_263' title='bbox 921 2890 968 2950; x_wconf 77' lang='grc' dir='ltr'><strong>καί</strong></span> <span class='ocrx_word' id='word_1_264' title='bbox 992 2886 1023 2949; x_wconf 80' lang='grc' dir='ltr'><strong>εί</strong></span> <span class='ocrx_word' id='word_1_265' title='bbox 1037 2911 1063 2948; x_wconf 88' lang='grc' dir='ltr'><strong>τι</strong></span> <span class='ocrx_word' id='word_1_266' title='bbox 1085 2893 1143 2948; x_wconf 81' lang='grc' dir='ltr'><strong>τῶν</strong></span> <span class='ocrx_word' id='word_1_267' title='bbox 1161 2888 1212 2969; x_wconf 83' lang='grc' dir='ltr'><strong>μὲν</strong></span> <span class='ocrx_word' id='word_1_268' title='bbox 1228 2886 1357 2950; x_wconf 90' lang='grc' dir='ltr'><strong>καθόλου</strong></span> <span class='ocrx_word' id='word_1_269' title='bbox 1381 2886 1449 2949; x_wconf 78' lang='grc' dir='ltr'><strong>καθ’</strong></span> 
     </span>
    </p>

    <p class='ocr_par' dir='ltr' id='par_1_9' title="bbox 134 2988 1497 3487">
     <span class='ocr_line' id='line_1_26' title="bbox 134 2988 1497 3076; baseline -0.005 -20"><span class='ocrx_word' id='word_1_270' title='bbox 134 3009 174 3058; x_wconf 81' lang='lat'><strong>25</strong></span> <span class='ocrx_word' id='word_1_271' title='bbox 194 2989 281 3064; x_wconf 86' lang='grc' dir='ltr'><strong>αύτό,</strong></span> <span class='ocrx_word' id='word_1_272' title='bbox 303 2989 403 3052; x_wconf 80' lang='grc' dir='ltr'><strong>τῶνδ’</strong></span> <span class='ocrx_word' id='word_1_273' title='bbox 423 2990 454 3053; x_wconf 85' lang='grc' dir='ltr'><strong>ἐν</strong></span> <span class='ocrx_word' id='word_1_274' title='bbox 478 2990 559 3074; x_wconf 87' lang='grc' dir='ltr'><strong>μέρει</strong></span> <span class='ocrx_word' id='word_1_275' title='bbox 581 2992 654 3054; x_wconf 82' lang='grc' dir='ltr'><strong>κατὰ</strong></span> <span class='ocrx_word' id='word_1_276' title='bbox 676 2990 870 3076; x_wconf 86' lang='grc' dir='ltr'><strong>συμβεβηκός,</strong></span> <span class='ocrx_word' id='word_1_277' title='bbox 896 2991 1064 3053; x_wconf 72' lang='grc' dir='ltr'><strong>οὐδὲτοῦτο</strong></span> <span class='ocrx_word' id='word_1_278' title='bbox 1081 2991 1182 3058; x_wconf 85' lang='grc' dir='ltr'><strong>ἀπλώς</strong></span> <span class='ocrx_word' id='word_1_279' title='bbox 1205 2989 1270 3052; x_wconf 77' lang='grc' dir='ltr'><strong>οὔτε</strong></span> <span class='ocrx_word' id='word_1_280' title='bbox 1295 2988 1363 3053; x_wconf 78' lang='grc' dir='ltr'><strong>καθ’</strong></span> <span class='ocrx_word' id='word_1_281' title='bbox 1384 2992 1455 3053; x_wconf 87' lang='grc' dir='ltr'><strong>αύτὸ</strong></span> <span class='ocrx_word' id='word_1_282' title='bbox 1469 3008 1497 3049; x_wconf 76' lang='grc' dir='ltr'><strong>ευ</strong></span> 
     </span>
     <span class='ocr_line' id='line_1_27' title="bbox 196 3092 1455 3179; baseline 0.001 -23"><span class='ocrx_word' id='word_1_283' title='bbox 196 3093 266 3156; x_wconf 83' lang='grc' dir='ltr'><strong>οὔτε</strong></span> <span class='ocrx_word' id='word_1_284' title='bbox 289 3094 363 3157; x_wconf 80' lang='grc' dir='ltr'><strong>κατὰ</strong></span> <span class='ocrx_word' id='word_1_285' title='bbox 385 3095 570 3179; x_wconf 85' lang='grc' dir='ltr'><strong>συμβεβηκὸς</strong></span> <span class='ocrx_word' id='word_1_286' title='bbox 595 3099 654 3156; x_wconf 82' lang='grc' dir='ltr'><strong>τῶν</strong></span> <span class='ocrx_word' id='word_1_287' title='bbox 677 3093 746 3157; x_wconf 77' lang='grc' dir='ltr'><strong>καθ’</strong></span> <span class='ocrx_word' id='word_1_288' title='bbox 775 3094 883 3157; x_wconf 77' lang='grc' dir='ltr'><strong>ἕκαστα</strong></span> <span class='ocrx_word' id='word_1_289' title='bbox 906 3100 1037 3177; x_wconf 88' lang='grc' dir='ltr'><strong>προνοεῖ,</strong></span> <span class='ocrx_word' id='word_1_290' title='bbox 1066 3094 1100 3156; x_wconf 91' lang='grc' dir='ltr'><strong>ού</strong></span> <span class='ocrx_word' id='word_1_291' title='bbox 1124 3092 1192 3156; x_wconf 89' lang='grc' dir='ltr'><strong>καθ’</strong></span> <span class='ocrx_word' id='word_1_292' title='bbox 1221 3095 1292 3156; x_wconf 79' lang='grc' dir='ltr'><strong>αύτύ</strong></span> <span class='ocrx_word' id='word_1_293' title='bbox 1316 3095 1382 3173; x_wconf 87' lang='grc' dir='ltr'><strong>μέν,</strong></span> <span class='ocrx_word' id='word_1_294' title='bbox 1411 3094 1455 3157; x_wconf 81' lang='grc' dir='ltr'><strong>ότι</strong></span> 
     </span>
     <span class='ocr_line' id='line_1_28' title="bbox 194 3195 1454 3282; baseline 0.002 -25"><span class='ocrx_word' id='word_1_295' title='bbox 194 3195 259 3280; x_wconf 90' lang='grc' dir='ltr'><strong>&lt;ού&gt;</strong></span> <span class='ocrx_word' id='word_1_296' title='bbox 280 3196 391 3259; x_wconf 93' lang='grc' dir='ltr'><strong>τούτων</strong></span> <span class='ocrx_word' id='word_1_297' title='bbox 413 3197 508 3269; x_wconf 78' lang='grc' dir='ltr'><strong>ἕνεκα,</strong></span> <span class='ocrx_word' id='word_1_298' title='bbox 531 3197 565 3260; x_wconf 88' lang='grc' dir='ltr'><strong>ού</strong></span> <span class='ocrx_word' id='word_1_299' title='bbox 582 3198 654 3261; x_wconf 86' lang='grc' dir='ltr'><strong>κατὰ</strong></span> <span class='ocrx_word' id='word_1_300' title='bbox 677 3199 860 3282; x_wconf 82' lang='grc' dir='ltr'><strong>συμβεβηκός</strong></span> <span class='ocrx_word' id='word_1_301' title='bbox 877 3198 919 3266; x_wconf 76' lang='grc' dir='ltr'><strong>δέ,</strong></span> <span class='ocrx_word' id='word_1_302' title='bbox 942 3197 986 3259; x_wconf 86' lang='grc' dir='ltr'><strong>ότι</strong></span> <span class='ocrx_word' id='word_1_303' title='bbox 1003 3197 1058 3281; x_wconf 82' lang='grc' dir='ltr'><strong>ούχ</strong></span> <span class='ocrx_word' id='word_1_304' title='bbox 1081 3198 1228 3280; x_wconf 79' lang='grc' dir='ltr'><strong>ἕτεροντὸ</strong></span> <span class='ocrx_word' id='word_1_305' title='bbox 1246 3198 1373 3259; x_wconf 77' lang='grc' dir='ltr'><strong>καθόλου</strong></span> <span class='ocrx_word' id='word_1_306' title='bbox 1397 3202 1454 3260; x_wconf 84' lang='grc' dir='ltr'><strong>τῶν</strong></span> 
     </span>
     <span class='ocr_line' id='line_1_29' title="bbox 194 3299 1496 3386; baseline 0 -26"><span class='ocrx_word' id='word_1_307' title='bbox 194 3299 271 3361; x_wconf 85' lang='grc' dir='ltr'><strong>κατὰ</strong></span> <span class='ocrx_word' id='word_1_308' title='bbox 294 3300 383 3384; x_wconf 84' lang='grc' dir='ltr'><strong>μέρος</strong></span> <span class='ocrx_word' id='word_1_309' title='bbox 403 3299 448 3382; x_wconf 83' lang='grc' dir='ltr'><strong>(ἐν</strong></span> <span class='ocrx_word' id='word_1_310' title='bbox 466 3300 520 3385; x_wconf 84' lang='grc' dir='ltr'><strong>γὰρ</strong></span> <span class='ocrx_word' id='word_1_311' title='bbox 537 3301 648 3370; x_wconf 85' lang='grc' dir='ltr'><strong>τούτοις</strong></span> <span class='ocrx_word' id='word_1_312' title='bbox 670 3300 750 3386; x_wconf 76' lang='grc' dir='ltr'><strong>αύτῷ</strong></span> <span class='ocrx_word' id='word_1_313' title='bbox 769 3303 801 3363; x_wconf 81' lang='grc' dir='ltr'><strong>τὸ</strong></span> <span class='ocrx_word' id='word_1_314' title='bbox 825 3300 913 3383; x_wconf 85' lang='grc' dir='ltr'><strong>εἶναι)</strong></span> <span class='ocrx_word' id='word_1_315' title='bbox 933 3302 1052 3363; x_wconf 79' lang='grc' dir='ltr'><strong>ἀποδεῖν</strong></span> <span class='ocrx_word' id='word_1_316' title='bbox 1077 3305 1126 3363; x_wconf 86' lang='grc' dir='ltr'><strong>τοῦ</strong></span> <span class='ocrx_word' id='word_1_317' title='bbox 1149 3301 1294 3382; x_wconf 86' lang='grc' dir='ltr'><strong>γίγνεσθαι</strong></span> <span class='ocrx_word' id='word_1_318' title='bbox 1318 3300 1386 3363; x_wconf 84' lang='grc' dir='ltr'><strong>καθ’</strong></span> <span class='ocrx_word' id='word_1_319' title='bbox 1407 3305 1454 3364; x_wconf 83' lang='grc' dir='ltr'><strong>αύ·</strong></span> <span class='ocrx_word' id='word_1_320' title='bbox 1468 3319 1496 3360; x_wconf 72' lang='grc' dir='ltr'><strong>ιε</strong></span> 
     </span>
     <span class='ocr_line' id='line_1_30' title="bbox 195 3403 525 3487; baseline 0.003 -3"><span class='ocrx_word' id='word_1_321' title='bbox 195 3403 250 3484; x_wconf 74' lang='grc' dir='ltr'><strong>τὴν</strong></span> <span class='ocrx_word' id='word_1_322' title='bbox 273 3403 525 3487; x_wconf 59' lang='grc' dir='ltr'><strong>προηγουμένου]</strong></span> 
     </span>
    </p>

    <p class='ocr_par' dir='ltr' id='par_1_10' title="bbox 135 3510 1505 4012">
     <span class='ocr_line' id='line_1_31' title="bbox 135 3510 1452 3600; baseline -0.003 -20"><span class='ocrx_word' id='word_1_323' title='bbox 135 3533 175 3580; x_wconf 79' lang='grc'><strong>30</strong></span> <span class='ocrx_word' id='word_1_324' title='bbox 283 3510 320 3576; x_wconf 86' lang='grc' dir='ltr'><strong>Τί</strong></span> <span class='ocrx_word' id='word_1_325' title='bbox 341 3512 367 3576; x_wconf 82' lang='grc' dir='ltr'><strong>δ’</strong></span> <span class='ocrx_word' id='word_1_326' title='bbox 395 3513 440 3587; x_wconf 85' lang='grc' dir='ltr'><strong>ἀν,</strong></span> <span class='ocrx_word' id='word_1_327' title='bbox 463 3513 558 3588; x_wconf 85' lang='grc' dir='ltr'><strong>εἶπον,</strong></span> <span class='ocrx_word' id='word_1_328' title='bbox 584 3516 678 3596; x_wconf 88' lang='grc' dir='ltr'><strong>λέγοις</strong></span> <span class='ocrx_word' id='word_1_329' title='bbox 702 3517 767 3600; x_wconf 82' lang='grc' dir='ltr'><strong>περὶ</strong></span> <span class='ocrx_word' id='word_1_330' title='bbox 791 3520 841 3578; x_wconf 93' lang='grc' dir='ltr'><strong>τοῦ</strong></span> <span class='ocrx_word' id='word_1_331' title='bbox 866 3518 1053 3599; x_wconf 79' lang='grc' dir='ltr'><strong>προνοοῦντος</strong></span> <span class='ocrx_word' id='word_1_332' title='bbox 1077 3514 1129 3593; x_wconf 87' lang='grc' dir='ltr'><strong>μέν</strong></span> <span class='ocrx_word' id='word_1_333' title='bbox 1152 3538 1251 3583; x_wconf 84' lang='grc' dir='ltr'><strong>τινων,</strong></span> <span class='ocrx_word' id='word_1_334' title='bbox 1275 3513 1321 3599; x_wconf 80' lang='grc' dir='ltr'><strong>ἐφ’</strong></span> <span class='ocrx_word' id='word_1_335' title='bbox 1351 3517 1452 3578; x_wconf 80' lang='grc' dir='ltr'><strong>ἑαυτόν</strong></span> 
     </span>
     <span class='ocr_line' id='line_1_32' title="bbox 195 3615 1505 3703; baseline 0.003 -25"><span class='ocrx_word' id='word_1_336' title='bbox 195 3615 295 3698; x_wconf 87' lang='grc' dir='ltr'><strong>μέντοι</strong></span> <span class='ocrx_word' id='word_1_337' title='bbox 316 3618 369 3701; x_wconf 78' lang='grc' dir='ltr'><strong>τὴν</strong></span> <span class='ocrx_word' id='word_1_338' title='bbox 388 3619 447 3680; x_wconf 81' lang='grc' dir='ltr'><strong>ἀπὸ</strong></span> <span class='ocrx_word' id='word_1_339' title='bbox 470 3622 528 3680; x_wconf 86' lang='grc' dir='ltr'><strong>τῶν</strong></span> <span class='ocrx_word' id='word_1_340' title='bbox 551 3619 780 3702; x_wconf 70' lang='grc' dir='ltr'><strong>προξνουυμένων</strong></span> <span class='ocrx_word' id='word_1_341' title='bbox 805 3620 934 3703; x_wconf 88' lang='grc' dir='ltr'><strong>ὠφελίαν</strong></span> <span class='ocrx_word' id='word_1_342' title='bbox 957 3617 1163 3701; x_wconf 81' lang='grc' dir='ltr'><strong>ἀναφέροντος;</strong></span> <span class='ocrx_word' id='word_1_343' title='bbox 1188 3617 1218 3679; x_wconf 79' lang='grc' dir='ltr'><strong>ὃν</strong></span> <span class='ocrx_word' id='word_1_344' title='bbox 1236 3618 1341 3701; x_wconf 87' lang='grc' dir='ltr'><strong>τρόπον</strong></span> <span class='ocrx_word' id='word_1_345' title='bbox 1365 3620 1437 3702; x_wconf 87' lang='grc' dir='ltr'><strong>όρώ·</strong></span> <span class='ocrx_word' id='word_1_346' title='bbox 1461 3627 1505 3682; x_wconf 76' lang='grc'><strong>127</strong></span> 
     </span>
     <span class='ocr_line' id='line_1_33' title="bbox 199 3721 1453 3807; baseline 0.002 -26"><span class='ocrx_word' id='word_1_347' title='bbox 199 3740 252 3800; x_wconf 84' lang='grc' dir='ltr'><strong>μεν</strong></span> <span class='ocrx_word' id='word_1_348' title='bbox 275 3722 342 3788; x_wconf 92' lang='grc' dir='ltr'><strong>τυύς</strong></span> <span class='ocrx_word' id='word_1_349' title='bbox 367 3743 398 3783; x_wconf 90' lang='grc' dir='ltr'><strong>τε</strong></span> <span class='ocrx_word' id='word_1_350' title='bbox 425 3721 563 3803; x_wconf 85' lang='grc' dir='ltr'><strong>ποιμένας</strong></span> <span class='ocrx_word' id='word_1_351' title='bbox 590 3726 648 3784; x_wconf 84' lang='grc' dir='ltr'><strong>τῶν</strong></span> <span class='ocrx_word' id='word_1_352' title='bbox 677 3724 830 3807; x_wconf 82' lang='grc' dir='ltr'><strong>προβάτων</strong></span> <span class='ocrx_word' id='word_1_353' title='bbox 859 3722 1101 3805; x_wconf 83' lang='grc' dir='ltr'><strong>προνοουμένους,</strong></span> <span class='ocrx_word' id='word_1_354' title='bbox 1128 3723 1175 3783; x_wconf 87' lang='grc' dir='ltr'><strong>καὶ</strong></span> <span class='ocrx_word' id='word_1_355' title='bbox 1204 3722 1270 3788; x_wconf 84' lang='grc' dir='ltr'><strong>τούς</strong></span> <span class='ocrx_word' id='word_1_356' title='bbox 1293 3722 1453 3804; x_wconf 77' lang='grc' dir='ltr'><strong>βουκόλους</strong></span> 
     </span>
     <span class='ocr_line' id='line_1_34' title="bbox 195 3823 1453 3906; baseline 0.002 -22"><span class='ocrx_word' id='word_1_357' title='bbox 195 3828 255 3884; x_wconf 80' lang='grc' dir='ltr'><strong>τῶν</strong></span> <span class='ocrx_word' id='word_1_358' title='bbox 278 3823 371 3906; x_wconf 83' lang='grc' dir='ltr'><strong>βοῶν,</strong></span> <span class='ocrx_word' id='word_1_359' title='bbox 400 3825 448 3886; x_wconf 84' lang='grc' dir='ltr'><strong>καὶ</strong></span> <span class='ocrx_word' id='word_1_360' title='bbox 471 3829 529 3886; x_wconf 82' lang='grc' dir='ltr'><strong>τῶν</strong></span> <span class='ocrx_word' id='word_1_361' title='bbox 553 3826 641 3906; x_wconf 86' lang='grc' dir='ltr'><strong>αίγών</strong></span> <span class='ocrx_word' id='word_1_362' title='bbox 664 3825 731 3893; x_wconf 88' lang='grc' dir='ltr'><strong>τούς</strong></span> <span class='ocrx_word' id='word_1_363' title='bbox 756 3826 908 3897; x_wconf 79' lang='grc' dir='ltr'><strong>αἰπόλους,</strong></span> <span class='ocrx_word' id='word_1_364' title='bbox 932 3825 1040 3905; x_wconf 84' lang='grc' dir='ltr'><strong>ὁμοίως</strong></span> <span class='ocrx_word' id='word_1_365' title='bbox 1063 3826 1095 3886; x_wconf 79' lang='grc' dir='ltr'><strong>δὲ</strong></span> <span class='ocrx_word' id='word_1_366' title='bbox 1118 3826 1164 3886; x_wconf 88' lang='grc' dir='ltr'><strong>καὶ</strong></span> <span class='ocrx_word' id='word_1_367' title='bbox 1188 3826 1254 3892; x_wconf 83' lang='grc' dir='ltr'><strong>τούς</strong></span> <span class='ocrx_word' id='word_1_368' title='bbox 1276 3826 1453 3905; x_wconf 80' lang='grc' dir='ltr'><strong>ἱππονόμους</strong></span> 
     </span>
     <span class='ocr_line' id='line_1_35' title="bbox 195 3925 1491 4012; baseline -0.001 -24"><span class='ocrx_word' id='word_1_369' title='bbox 195 3927 244 3988; x_wconf 85' lang='grc' dir='ltr'><strong>καί</strong></span> <span class='ocrx_word' id='word_1_370' title='bbox 266 3926 334 3993; x_wconf 85' lang='grc' dir='ltr'><strong>τούς</strong></span> <span class='ocrx_word' id='word_1_371' title='bbox 355 3926 491 4011; x_wconf 88' lang='grc' dir='ltr'><strong>συβώτας</strong></span> <span class='ocrx_word' id='word_1_372' title='bbox 514 3932 571 3989; x_wconf 83' lang='grc' dir='ltr'><strong>τῶν</strong></span> <span class='ocrx_word' id='word_1_373' title='bbox 594 3928 762 4010; x_wconf 89' lang='grc' dir='ltr'><strong>νεμομένων</strong></span> <span class='ocrx_word' id='word_1_374' title='bbox 786 3929 887 3992; x_wconf 82' lang='grc' dir='ltr'><strong>τεκαὶ</strong></span> <span class='ocrx_word' id='word_1_375' title='bbox 911 3927 1096 4012; x_wconf 85' lang='grc' dir='ltr'><strong>βοσκομένων</strong></span> <span class='ocrx_word' id='word_1_376' title='bbox 1121 3925 1168 3989; x_wconf 81' lang='grc' dir='ltr'><strong>ὑπ’</strong></span> <span class='ocrx_word' id='word_1_377' title='bbox 1197 3928 1301 3990; x_wconf 83' lang='grc' dir='ltr'><strong>αὐτῶν.</strong></span> <span class='ocrx_word' id='word_1_378' title='bbox 1478 3945 1491 3987; x_wconf 79' lang='grc' dir='ltr'><strong>ε</strong></span> 
     </span>
    </p>
   </div>
   <div class='ocr_carea' id='block_1_5' title="bbox 136 4155 1505 5096">
    <p class='ocr_par' dir='ltr' id='par_1_11' title="bbox 136 4155 1505 5014">
     <span class='ocr_line' id='line_1_36' title="bbox 142 4155 1505 4226; baseline 0.001 -18"><span class='ocrx_word' id='word_1_379' title='bbox 142 4157 153 4208; x_wconf 96' lang='grc' dir='ltr'>Ι</span> <span class='ocrx_word' id='word_1_380' title='bbox 175 4156 247 4210; x_wconf 77' lang='grc' dir='ltr'><strong>δοκεῖ</strong></span> <span class='ocrx_word' id='word_1_381' title='bbox 263 4157 308 4224; x_wconf 82' lang='lat' dir='ltr'><strong>Sp.</strong></span> <span class='ocrx_word' id='word_1_382' title='bbox 330 4157 393 4226; x_wconf 74' lang='lat' dir='ltr'><strong>quia</strong></span> <span class='ocrx_word' id='word_1_383' title='bbox 410 4158 475 4209; x_wconf 77' lang='lat' dir='ltr'><strong>falso</strong></span> <span class='ocrx_word' id='word_1_384' title='bbox 494 4158 659 4225; x_wconf 77' lang='lat' dir='ltr'>interpunxit</span> <span class='ocrx_word' id='word_1_385' title='bbox 678 4163 739 4209; x_wconf 75' lang='lat' dir='ltr'>ante</span> <span class='ocrx_word' id='word_1_386' title='bbox 759 4166 862 4226; x_wconf 83' lang='grc' dir='ltr'><strong>σημεῖον</strong></span> <span class='ocrx_word' id='word_1_387' title='bbox 963 4158 978 4208; x_wconf 74' lang='grc'>4</span> <span class='ocrx_word' id='word_1_388' title='bbox 998 4156 1112 4224; x_wconf 83' lang='grc' dir='ltr'><strong>λέγοντες</strong></span> <span class='ocrx_word' id='word_1_389' title='bbox 1131 4155 1221 4208; x_wconf 79' lang='grc' dir='ltr'><strong>εἶναιιι</strong></span> <span class='ocrx_word' id='word_1_390' title='bbox 1239 4159 1282 4222; x_wconf 81' lang='lat' dir='ltr'><strong>Sp.</strong></span> <span class='ocrx_word' id='word_1_391' title='bbox 1382 4156 1440 4224; x_wconf 67' lang='grc' dir='ltr'><strong>ούκλ</strong></span> <span class='ocrx_word' id='word_1_392' title='bbox 1462 4156 1505 4209; x_wconf 77' lang='grc' dir='ltr'><strong>ἐπ’</strong></span> 
     </span>
     <span class='ocr_line' id='line_1_37' title="bbox 136 4243 1502 4312; baseline -0.001 -16"><span class='ocrx_word' id='word_1_393' title='bbox 136 4243 294 4312; x_wconf 73' lang='lat' dir='ltr'>13²s’asp.;</span> <span class='ocrx_word' id='word_1_394' title='bbox 314 4244 423 4298; x_wconf 69' lang='lat' dir='ltr'><strong>fortasse</strong></span> <span class='ocrx_word' id='word_1_395' title='bbox 442 4249 509 4298; x_wconf 77' lang='lat' dir='ltr'>recte</span> <span class='ocrx_word' id='word_1_396' title='bbox 528 4244 560 4297; x_wconf 78' lang='lat' dir='ltr'><strong>cf.</strong></span> <span class='ocrx_word' id='word_1_397' title='bbox 579 4244 670 4312; x_wconf 82' lang='lat' dir='ltr'><strong>simpl.</strong></span> <span class='ocrx_word' id='word_1_398' title='bbox 690 4244 722 4297; x_wconf 77' lang='lat' dir='ltr'><strong>ad</strong></span> <span class='ocrx_word' id='word_1_399' title='bbox 743 4246 821 4312; x_wconf 83' lang='lat' dir='ltr'><strong>Phys.</strong></span> <span class='ocrx_word' id='word_1_400' title='bbox 835 4246 868 4307; x_wconf 82' lang='grc' dir='ltr'><strong>ΙΙ,</strong></span> <span class='ocrx_word' id='word_1_401' title='bbox 882 4245 906 4297; x_wconf 80' lang='grc' dir='ltr'><strong>ί).</strong></span> <span class='ocrx_word' id='word_1_402' title='bbox 926 4244 1008 4307; x_wconf 74' lang='lat' dir='ltr'>334,ss</span> <span class='ocrx_word' id='word_1_403' title='bbox 1020 4262 1075 4312; x_wconf 81' lang='lat' dir='ltr'><strong>sqq.</strong></span> <span class='ocrx_word' id='word_1_404' title='bbox 1167 4243 1224 4312; x_wconf 79' lang='grc' dir='ltr'><strong>τοῦ]</strong></span> <span class='ocrx_word' id='word_1_405' title='bbox 1244 4243 1273 4295; x_wconf 77' lang='grc' dir='ltr'><strong>ού</strong></span> <span class='ocrx_word' id='word_1_406' title='bbox 1292 4247 1330 4312; x_wconf 73' lang='grc' dir='ltr'><strong>τῷ</strong></span> <span class='ocrx_word' id='word_1_407' title='bbox 1351 4246 1432 4296; x_wconf 72' lang='lat' dir='ltr'><strong>B²S²a</strong></span> <span class='ocrx_word' id='word_1_408' title='bbox 1445 4249 1502 4311; x_wconf 49' lang='grc' dir='ltr'><strong>ὅρη</strong></span> 
     </span>
     <span class='ocr_line' id='line_1_38' title="bbox 137 4329 1503 4402; baseline 0 -18"><span class='ocrx_word' id='word_1_409' title='bbox 137 4332 179 4400; x_wconf 74' lang='grc' dir='ltr'><strong>τῷ</strong></span> <span class='ocrx_word' id='word_1_410' title='bbox 192 4332 264 4385; x_wconf 80' lang='lat' dir='ltr'>Diels</span> <span class='ocrx_word' id='word_1_411' title='bbox 336 4331 530 4402; x_wconf 81' lang='grc' dir='ltr'><strong>5ἀπρυσράτιρ]</strong></span> <span class='ocrx_word' id='word_1_412' title='bbox 551 4332 706 4402; x_wconf 84' lang='grc' dir='ltr'><strong>ἀπροαιρέτῳ</strong></span> <span class='ocrx_word' id='word_1_413' title='bbox 718 4333 784 4384; x_wconf 83' lang='lat' dir='ltr'>vict.</span> <span class='ocrx_word' id='word_1_414' title='bbox 857 4332 1002 4384; x_wconf 63' lang='grc' dir='ltr'><strong>θίυιῐυυυυ</strong></span> <span class='ocrx_word' id='word_1_415' title='bbox 1015 4330 1160 4402; x_wconf 76' lang='grc' dir='ltr'><strong>διαιρεῖσθαι</strong></span> <span class='ocrx_word' id='word_1_416' title='bbox 1235 4333 1265 4383; x_wconf 79' lang='grc'><strong>18</strong></span> <span class='ocrx_word' id='word_1_417' title='bbox 1285 4331 1343 4384; x_wconf 83' lang='grc' dir='ltr'><strong>ὄντα</strong></span> <span class='ocrx_word' id='word_1_418' title='bbox 1358 4329 1415 4383; x_wconf 69' lang='grc' dir='ltr'><strong>καθ’</strong></span> <span class='ocrx_word' id='word_1_419' title='bbox 1430 4331 1503 4401; x_wconf 71' lang='grc' dir='ltr'><strong>αὐτὸ]</strong></span> 
     </span>
     <span class='ocr_line' id='line_1_39' title="bbox 139 4415 1503 4487; baseline 0 -16"><span class='ocrx_word' id='word_1_420' title='bbox 139 4415 201 4471; x_wconf 77' lang='grc' dir='ltr'><strong>καθ’</strong></span> <span class='ocrx_word' id='word_1_421' title='bbox 215 4419 277 4471; x_wconf 85' lang='grc' dir='ltr'><strong>αύτά</strong></span> <span class='ocrx_word' id='word_1_422' title='bbox 296 4418 359 4472; x_wconf 78' lang='grc' dir='ltr'><strong>ὄντα</strong></span> <span class='ocrx_word' id='word_1_423' title='bbox 377 4416 435 4472; x_wconf 83' lang='grc' dir='ltr'><strong>καθ’</strong></span> <span class='ocrx_word' id='word_1_424' title='bbox 454 4419 516 4472; x_wconf 85' lang='grc' dir='ltr'><strong>αύτό</strong></span> <span class='ocrx_word' id='word_1_425' title='bbox 531 4420 612 4472; x_wconf 62' lang='lat' dir='ltr'>vich:</span> <span class='ocrx_word' id='word_1_426' title='bbox 631 4415 689 4472; x_wconf 78' lang='grc' dir='ltr'><strong>καθ’</strong></span> <span class='ocrx_word' id='word_1_427' title='bbox 710 4419 771 4472; x_wconf 85' lang='grc' dir='ltr'><strong>αύτύ</strong></span> <span class='ocrx_word' id='word_1_428' title='bbox 791 4418 819 4471; x_wconf 82' lang='grc' dir='ltr'><strong>ὃν</strong></span> <span class='ocrx_word' id='word_1_429' title='bbox 838 4419 866 4471; x_wconf 90' lang='grc' dir='ltr'><strong>τὸ</strong></span> <span class='ocrx_word' id='word_1_430' title='bbox 885 4415 942 4471; x_wconf 73' lang='grc' dir='ltr'><strong>καθ’</strong></span> <span class='ocrx_word' id='word_1_431' title='bbox 963 4419 1023 4471; x_wconf 81' lang='grc' dir='ltr'><strong>αύτὸ</strong></span> <span class='ocrx_word' id='word_1_432' title='bbox 1037 4420 1093 4487; x_wconf 57' lang='lat' dir='ltr'><strong>Spa</strong></span> <span class='ocrx_word' id='word_1_433' title='bbox 1114 4436 1206 4471; x_wconf 70' lang='lat' dir='ltr'>sensus</span> <span class='ocrx_word' id='word_1_434' title='bbox 1225 4421 1340 4487; x_wconf 80' lang='lat' dir='ltr'><strong>postulat</strong></span> <span class='ocrx_word' id='word_1_435' title='bbox 1359 4421 1409 4471; x_wconf 79' lang='grc' dir='ltr'><strong>ιυίυ</strong></span> <span class='ocrx_word' id='word_1_436' title='bbox 1429 4421 1503 4486; x_wconf 80' lang='lat' dir='ltr'>quid:</span> 
     </span>
     <span class='ocr_line' id='line_1_40' title="bbox 138 4503 1502 4579; baseline -0.001 -21"><span class='ocrx_word' id='word_1_437' title='bbox 138 4506 199 4572; x_wconf 80' lang='grc'>(17)</span> <span class='ocrx_word' id='word_1_438' title='bbox 217 4506 271 4576; x_wconf 80' lang='grc' dir='ltr'><strong>σύν,</strong></span> <span class='ocrx_word' id='word_1_439' title='bbox 296 4508 539 4579; x_wconf 74' lang='grc' dir='ltr'><strong>είπεν,ι“γτοῦτον</strong></span> <span class='ocrx_word' id='word_1_440' title='bbox 558 4513 584 4559; x_wconf 74' lang='grc' dir='ltr'><strong>εί</strong></span> <span class='ocrx_word' id='word_1_441' title='bbox 602 4507 656 4572; x_wconf 84' lang='grc'><strong>(17.</strong></span> <span class='ocrx_word' id='word_1_442' title='bbox 673 4507 714 4572; x_wconf 83' lang='grc'><strong>18)</strong></span> <span class='ocrx_word' id='word_1_443' title='bbox 733 4508 824 4578; x_wconf 88' lang='grc' dir='ltr'><strong>τρόπον</strong></span> <span class='ocrx_word' id='word_1_444' title='bbox 844 4503 970 4559; x_wconf 76' lang='grc' dir='ltr'><strong>ύτικαθ</strong></span> <span class='ocrx_word' id='word_1_445' title='bbox 1064 4508 1094 4558; x_wconf 82' lang='grc'><strong>18</strong></span> <span class='ocrx_word' id='word_1_446' title='bbox 1113 4506 1295 4577; x_wconf 79' lang='grc' dir='ltr'><strong>τινοςῇτύυ</strong></span> <span class='ocrx_word' id='word_1_447' title='bbox 1388 4510 1417 4558; x_wconf 77' lang='grc' dir='ltr'><strong>1θ</strong></span> <span class='ocrx_word' id='word_1_448' title='bbox 1436 4506 1502 4574; x_wconf 85' lang='grc' dir='ltr'><strong>τινά]</strong></span> 
     </span>
     <span class='ocr_line' id='line_1_41' title="bbox 138 4593 1504 4665; baseline -0.001 -19"><span class='ocrx_word' id='word_1_449' title='bbox 138 4593 207 4652; x_wconf 82' lang='grc' dir='ltr'><strong>τινὸς</strong></span> <span class='ocrx_word' id='word_1_450' title='bbox 225 4593 310 4648; x_wconf 78' lang='lat' dir='ltr'><strong>B²s¹a</strong></span> <span class='ocrx_word' id='word_1_451' title='bbox 380 4602 457 4648; x_wconf 79' lang='grc' dir='ltr'><strong>ποιεῖν</strong></span> <span class='ocrx_word' id='word_1_452' title='bbox 475 4594 559 4649; x_wconf 76' lang='lat' dir='ltr'>B²s²a</span> <span class='ocrx_word' id='word_1_453' title='bbox 571 4597 628 4661; x_wconf 87' lang='lat' dir='ltr'>Sp.:</span> <span class='ocrx_word' id='word_1_454' title='bbox 649 4603 713 4647; x_wconf 88' lang='grc' dir='ltr'><strong>ποιεῖ</strong></span> <span class='ocrx_word' id='word_1_455' title='bbox 726 4596 837 4648; x_wconf 80' lang='lat' dir='ltr'>VFB¹S¹</span> <span class='ocrx_word' id='word_1_456' title='bbox 910 4594 1013 4645; x_wconf 56' lang='grc' dir='ltr'><strong>(λέ-25)</strong></span> <span class='ocrx_word' id='word_1_457' title='bbox 1033 4596 1075 4646; x_wconf 83' lang='grc' dir='ltr'><strong>καλ</strong></span> <span class='ocrx_word' id='word_1_458' title='bbox 1094 4595 1152 4645; x_wconf 88' lang='grc' dir='ltr'><strong>εί--</strong></span> <span class='ocrx_word' id='word_1_459' title='bbox 1163 4597 1359 4665; x_wconf 85' lang='grc' dir='ltr'><strong>προηγουμένως</strong></span> <span class='ocrx_word' id='word_1_460' title='bbox 1378 4597 1504 4646; x_wconf 64' lang='lat' dir='ltr'>emblema</span> 
     </span>
     <span class='ocr_line' id='line_1_42' title="bbox 139 4678 1502 4750; baseline -0.001 -17"><span class='ocrx_word' id='word_1_461' title='bbox 139 4697 172 4733; x_wconf 79' lang='lat' dir='ltr'><strong>ex</strong></span> <span class='ocrx_word' id='word_1_462' title='bbox 192 4679 293 4749; x_wconf 77' lang='lat' dir='ltr'>30³qq.</span> <span class='ocrx_word' id='word_1_463' title='bbox 377 4682 410 4735; x_wconf 79' lang='lat'><strong>24</strong></span> <span class='ocrx_word' id='word_1_464' title='bbox 428 4679 508 4746; x_wconf 84' lang='grc' dir='ltr'><strong>&lt;ούτι&gt;</strong></span> <span class='ocrx_word' id='word_1_465' title='bbox 527 4678 584 4735; x_wconf 82' lang='grc' dir='ltr'><strong>καθ’</strong></span> <span class='ocrx_word' id='word_1_466' title='bbox 605 4682 666 4734; x_wconf 85' lang='grc' dir='ltr'><strong>αύτό</strong></span> <span class='ocrx_word' id='word_1_467' title='bbox 685 4681 755 4734; x_wconf 88' lang='grc' dir='ltr'><strong>σύτε</strong></span> <span class='ocrx_word' id='word_1_468' title='bbox 775 4685 843 4735; x_wconf 85' lang='lat' dir='ltr'>coni.</span> <span class='ocrx_word' id='word_1_469' title='bbox 858 4683 901 4750; x_wconf 89' lang='lat' dir='ltr'><strong>Sp.</strong></span> <span class='ocrx_word' id='word_1_470' title='bbox 992 4682 1081 4733; x_wconf 47' lang='lat'><strong>2526</strong></span> <span class='ocrx_word' id='word_1_471' title='bbox 1101 4681 1331 4750; x_wconf 65' lang='grc' dir='ltr'><strong>ούτε-ούτεδμ.ι</strong></span> <span class='ocrx_word' id='word_1_472' title='bbox 1352 4681 1502 4734; x_wconf 69' lang='grc' dir='ltr'><strong>οῦδὲ-οὔδε</strong></span> 
     </span>
     <span class='ocr_line' id='line_1_43' title="bbox 139 4768 1503 4839; baseline 0 -20"><span class='ocrx_word' id='word_1_473' title='bbox 139 4769 199 4820; x_wconf 76' lang='lat' dir='ltr'><strong>libri</strong></span> <span class='ocrx_word' id='word_1_474' title='bbox 289 4768 324 4821; x_wconf 72' lang='lat'><strong>26</strong></span> <span class='ocrx_word' id='word_1_475' title='bbox 351 4768 381 4822; x_wconf 82' lang='grc' dir='ltr'><strong>ού</strong></span> <span class='ocrx_word' id='word_1_476' title='bbox 403 4769 485 4824; x_wconf 76' lang='lat' dir='ltr'>B²S²a</span> <span class='ocrx_word' id='word_1_477' title='bbox 507 4770 563 4838; x_wconf 84' lang='lat' dir='ltr'><strong>Sp.:</strong></span> <span class='ocrx_word' id='word_1_478' title='bbox 592 4770 718 4839; x_wconf 49' lang='lat' dir='ltr'>qu¹s¹</span> <span class='ocrx_word' id='word_1_479' title='bbox 818 4777 875 4838; x_wconf 80' lang='lat' dir='ltr'><strong>post</strong></span> <span class='ocrx_word' id='word_1_480' title='bbox 894 4769 931 4821; x_wconf 85' lang='grc' dir='ltr'><strong>ότι</strong></span> <span class='ocrx_word' id='word_1_481' title='bbox 956 4770 1014 4820; x_wconf 77' lang='lat' dir='ltr'>add.</span> <span class='ocrx_word' id='word_1_482' title='bbox 1041 4769 1171 4821; x_wconf 64' lang='lat'><strong>051323221</strong></span> <span class='ocrx_word' id='word_1_483' title='bbox 1195 4770 1238 4837; x_wconf 75' lang='lat' dir='ltr'><strong>Sp.</strong></span> <span class='ocrx_word' id='word_1_484' title='bbox 1333 4771 1366 4819; x_wconf 65' lang='lat'><strong>:³⁸</strong></span> <span class='ocrx_word' id='word_1_485' title='bbox 1395 4770 1503 4819; x_wconf 68' lang='lat' dir='ltr'><strong>fortasse</strong></span> 
     </span>
     <span class='ocr_line' id='line_1_44' title="bbox 137 4854 1406 4928; baseline -0.002 -20"><span class='ocrx_word' id='word_1_486' title='bbox 137 4854 244 4925; x_wconf 77' lang='grc' dir='ltr'><strong>(ὀλίγον)</strong></span> <span class='ocrx_word' id='word_1_487' title='bbox 262 4854 351 4910; x_wconf 76' lang='grc' dir='ltr'><strong>ἀποδεῖ</strong></span> <span class='ocrx_word' id='word_1_488' title='bbox 437 4858 479 4910; x_wconf 76' lang='grc'><strong>28.</strong></span> <span class='ocrx_word' id='word_1_489' title='bbox 499 4857 532 4910; x_wconf 74' lang='grc'><strong>’29</strong></span> <span class='ocrx_word' id='word_1_490' title='bbox 561 4857 651 4928; x_wconf 76' lang='grc' dir='ltr'><strong>σίντην]</strong></span> <span class='ocrx_word' id='word_1_491' title='bbox 675 4858 736 4909; x_wconf 83' lang='grc' dir='ltr'><strong>αύτό</strong></span> <span class='ocrx_word' id='word_1_492' title='bbox 755 4862 797 4911; x_wconf 82' lang='grc' dir='ltr'><strong>καί</strong></span> <span class='ocrx_word' id='word_1_493' title='bbox 816 4861 884 4911; x_wconf 75' lang='lat' dir='ltr'>coni.</span> <span class='ocrx_word' id='word_1_494' title='bbox 907 4862 949 4925; x_wconf 71' lang='lat' dir='ltr'><strong>Sp.</strong></span> <span class='ocrx_word' id='word_1_495' title='bbox 972 4865 1039 4908; x_wconf 77' lang='grc' dir='ltr'><strong>ιιιῐυ</strong></span> <span class='ocrx_word' id='word_1_496' title='bbox 1137 4859 1165 4908; x_wconf 75' lang='grc'><strong>31</strong></span> <span class='ocrx_word' id='word_1_497' title='bbox 1198 4859 1359 4927; x_wconf 87' lang='grc' dir='ltr'><strong>προουμένων</strong></span> <span class='ocrx_word' id='word_1_498' title='bbox 1387 4862 1406 4906; x_wconf 78' lang='lat' dir='ltr'>V</span> 
     </span>
     <span class='ocr_line' id='line_1_45' title="bbox 138 4942 1293 5014; baseline 0 -19"><span class='ocrx_word' id='word_1_499' title='bbox 138 4944 172 4995; x_wconf 73' lang='lat'><strong>32</strong></span> <span class='ocrx_word' id='word_1_500' title='bbox 204 4942 336 5012; x_wconf 74' lang='grc' dir='ltr'><strong>ποιμένας]</strong></span> <span class='ocrx_word' id='word_1_501' title='bbox 361 4946 428 4996; x_wconf 78' lang='lat' dir='ltr'>inter</span> <span class='ocrx_word' id='word_1_502' title='bbox 449 4963 457 4998; x_wconf 88' lang='grc' dir='ltr'><strong>ι</strong></span> <span class='ocrx_word' id='word_1_503' title='bbox 476 4951 502 4998; x_wconf 83' lang='grc' dir='ltr'><strong>ει</strong></span> <span class='ocrx_word' id='word_1_504' title='bbox 525 4946 577 5012; x_wconf 72' lang='grc' dir='ltr'><strong>μθ</strong></span> <span class='ocrx_word' id='word_1_505' title='bbox 602 4944 650 4997; x_wconf 74' lang='lat' dir='ltr'>litt.</span> <span class='ocrx_word' id='word_1_506' title='bbox 675 4962 762 4997; x_wconf 76' lang='lat' dir='ltr'>erasae</span> <span class='ocrx_word' id='word_1_507' title='bbox 783 4950 804 4995; x_wconf 93' lang='lat' dir='ltr'>V</span> <span class='ocrx_word' id='word_1_508' title='bbox 890 4950 1056 5014; x_wconf 76' lang='grc' dir='ltr'><strong>προνοοῦντας</strong></span> <span class='ocrx_word' id='word_1_509' title='bbox 1075 4947 1142 4996; x_wconf 72' lang='lat' dir='ltr'><strong>coni.</strong></span> <span class='ocrx_word' id='word_1_510' title='bbox 1163 4945 1206 5012; x_wconf 84' lang='lat' dir='ltr'><strong>Sp.</strong></span> <span class='ocrx_word' id='word_1_511' title='bbox 1226 4952 1293 4996; x_wconf 75' lang='lat' dir='ltr'>recte</span> 
     </span>
    </p>

    <p class='ocr_par' dir='ltr' id='par_1_12' title="bbox 1253 5031 1297 5096">
     <span class='ocr_line' id='line_1_46' title="bbox 1253 5031 1297 5096; baseline 0 -26"><span class='ocrx_word' id='word_1_512' title='bbox 1253 5031 1297 5096; x_wconf 62' lang='grc' dir='ltr'><strong>ὑ*</strong></span> 
     </span>
    </p>
   </div>
   <div class='ocr_carea' id='block_1_6' title="bbox 0 0 1786 5610">
    <p class='ocr_par' dir='ltr' id='par_1_13' title="bbox 0 0 1786 5610">
     <span class='ocr_line' id='line_1_47' title="bbox 0 0 1786 5610; baseline 0 0"><span class='ocrx_word' id='word_1_513' title='bbox 0 0 1786 5610; x_wconf 95' lang='lat' dir='ltr'><strong> </strong></span> 
     </span>
    </p>
   </div>
  </div>
 </body>
</html>
