3540 5610
688 317 888 370 ALEXANDRI
908 318 951 370 DE
971 317 1079 370 ANlhlh
1518 318 1560 383 25

261 490 293 551 δὲ
317 495 368 573 τῆς
390 489 556 572 ἑμπλὰστου
579 490 697 573 δύναμις
719 489 772 553 οὐκ
794 487 869 554 ἔστιν
898 491 913 552 ό
937 490 1020 572 λόγος
1043 492 1110 554 καθ’
1139 493 1171 556 ὃν
1195 493 1327 576 μέμικται
1352 492 1387 554 τὰ
1410 513 1507 573 μεμιγ-

261 591 343 674 μένα.
389 597 518 655 τοιοῦτον
541 593 642 656 δὲκαὶ
665 596 684 676 ἡ
707 596 801 678 ψυχή.
847 592 941 676 ιἠγόιρ
964 594 1082 676 δύναμις
1104 598 1152 657 καὶ
1180 596 1212 658 τδ
1235 595 1312 664 εἶδος
1332 597 1365 657 τδ
1389 591 1508 675 ἐπιγινό·

261 717 345 774 μενον
370 700 407 778 τῇ
429 696 503 759 κατὰ
525 696 574 759 τὸν
596 694 706 758 τοιόνδε
728 694 813 778 λόγον
835 697 936 778 κράσει
958 702 1015 759 τῶν
1039 699 1183 780 σωμάτων
1206 700 1298 783 ψυχή,
1325 697 1384 761 ἀλλ’
1412 696 1469 780 οὐχ
1491 695 1507 756 ἁ

261 796 346 879 λόγος
369 804 421 883 τῆς
443 800 575 882 κράσεως
597 798 665 862 οὐδὲ
687 798 865 883 ησόνθεσις.
901 801 1010 880 μᾶλλον
1033 800 1086 883 γὰρ
1110 799 1144 862 ἂν
1167 801 1219 883 τὴν
1243 801 1348 881 όγίειοίν
1371 823 1413 867 τις
1428 795 1508 861 εὐλό-

232 914 321 980 ὁγως
344 902 492 984 ἁρμονίαν,
514 902 602 984 ἢτὴν
625 903 722 986 ψυχὴν
738 902 824 983 λέγοι.
859 902 1004 986 ἐγγυτέρω
1026 903 1080 988 γὰρ
1097 904 1234 986 ἁρμονίας
1257 905 1310 986 ἥδε
1332 908 1383 985 τῆς
1399 905 1507 986 ψυχῆς.

263 1005 282 1084 ί,
308 1004 435 1089 μὲνγὰρ
460 1006 551 1091 ὑγίεια
577 1005 738 1089 συμμετρία
760 1004 852 1067 τῶνδέ
874 1029 973 1078 τινων,
1000 1007 1062 1090 ἥτις
1086 1005 1246 1089 συμμετρία
1270 1005 1402 1072 σύνθεσίς
1423 1025 1508 1091 τινων

260 1106 309 1167 καὶ
334 1108 407 1189 μῖξίς
430 1108 491 1170 ἐστι
513 1107 587 1171 κατὰ
609 1105 692 1189 λόγον
715 1109 787 1184 τινὰ,
810 1110 828 1191 η
852 1108 884 1170 δὲ
907 1109 987 1192 ψυχὴ
1011 1108 1067 1193 οὐχ
1089 1110 1108 1191 ί,
1132 1108 1308 1192 συμμετρία,
1331 1107 1391 1170 ἀλλ’
1419 1109 1438 1189 η
1462 1106 1508 1168 ἐπὶ
1523 1121 1550 1162 25

260 1213 298 1289 τῇ
323 1211 483 1294 συμμετρία
505 1211 624 1294 δύναμις
652 1209 714 1272 οδκ.
727 1209 795 1273 ἄνευ
820 1211 871 1292 μὲν
893 1211 1000 1294 ταύτης
1022 1209 1093 1273 εἶναι
1117 1210 1275 1293 δυναμένη,
1306 1210 1359 1273 οὐκ
1381 1209 1454 1273 οὖσα
1476 1210 1509 1272 δὲ
1586 1238 1590 1251 ·

262 1312 349 1394 αὕτη.
394 1314 486 1397 διχῶς
509 1313 541 1375 δὲ
563 1317 615 1395 τῆς
638 1313 775 1395 ἁρμονίας
796 1312 969 1395 λεγομένης,
993 1318 1043 1396 τῆς
1067 1314 1118 1396 μὲν
1142 1313 1189 1374 ἐπὶ
1212 1318 1262 1396 της
1285 1320 1342 1375 τῶν
1365 1314 1508 1396 σωμάτων

218 1428 248 1471 10
262 1414 428 1483 συνθέσεως
449 1413 533 1497 (ὅταν
549 1415 603 1496 γὰρ
619 1415 710 1483 οὕτως
733 1410 753 1498 γ’,
773 1417 954 1499 συγκείμενα,
978 1420 1020 1484 ὡς
1034 1417 1124 1499 μηδὲν
1147 1415 1243 1478 αὐτῶν
1268 1415 1399 1497 συγγενὲς
1421 1438 1509 1499 παρα-

262 1517 404 1601 δέχεσθαι
427 1515 547 1597 μεταξό,
573 1516 721 1600 ἡρμόσθαι
743 1516 870 1598 λέγεται,
898 1520 945 1580 καί
970 1519 1091 1601 ἁρμονία
1113 1520 1132 1601 η
1157 1519 1254 1580 τοιάδε
1276 1517 1433 1601 σύνθεσις),
1458 1522 1509 1599 τῆς

259 1620 294 1682 δὲ
317 1619 364 1681 ἐπὶ
385 1624 436 1681 τοδ
460 1618 547 1702 λόγου
568 1624 627 1682 τῶν
651 1620 844 1703 μιγνυμένων,
871 1620 930 1682 οἷον
954 1619 979 1682 εἰ
1003 1621 1075 1683 κατὰ
1097 1622 1245 1683 διιτλοίσιον
1272 1618 1356 1702 λόγον
1382 1618 1427 1703 <ί>
1450 1620 1509 1682 ἐτί-

263 1745 356 1806 τριτον
379 1721 425 1807 εἴη
450 1723 624 1806 μεμιγμένον
651 1724 698 1806 (τό
721 1723 774 1807 γὰρ
802 1722 893 1791 οὕτως
918 1712 1106 1807 μεμιγμένον,
1133 1720 1196 1807 φέρ’
1225 1723 1315 1785 εἰπεῖν
1339 1725 1379 1790 ὡς
1400 1723 1434 1783 τδ
1458 1722 1508 1801 μὲν

259 1824 334 1888 εἶναι
358 1827 522 1896 διπλάσιον,
550 1826 582 1888 τὸ
607 1825 639 1888 δὲ
661 1826 752 1909 ἥμισυ
776 1832 832 1888 τῶν
856 1827 885 1888 ἐν
909 1832 945 1908 τῇ
971 1826 1057 1907 μίξει,
1090 1825 1157 1889 καθ’
1185 1825 1321 1908 ἁρμονίαν
1345 1824 1406 1887 τινὰ
1429 1829 1509 1906 μεμῑ-
1523 1840 1551 1882 ου

218 1943 247 1988 15
260 1928 334 2012 χθαι
356 1929 507 1990 δοκεῖκαὶ
530 1926 601 1990 εἶναι
623 1929 670 1990 καὶ
686 1930 705 2011 ἡ
721 1930 817 1991 τοιάδε
841 1928 913 2011 μῖξις
936 1929 1080 2011 ἁρμονία),
1103 1928 1151 1990 ἐπὶ
1166 1932 1218 2011 τῆς
1234 1931 1350 2011 πρώτης
1374 1928 1511 2011 ἁρμονίας

258 2029 295 2094 οδ
317 2029 420 2093 ταύτὸν
443 2055 462 2113 η
488 2031 610 2113 ἁρμονία
637 2032 684 2093 καί
707 2031 740 2093 τὸ
762 2029 908 2115 γινόμενον
932 2031 965 2093 ἐκ
988 2036 1045 2093 τῶν
1068 2030 1268 2114 ἡρμοσμένων.
1314 2029 1348 2092 οδ
1371 2029 1424 2113 γὰρ
1447 2029 1510 2091 ἐπεὶ

257 2132 327 2196 καθ’
356 2134 493 2217 ἁρμονίαν
518 2135 687 2216 παράκειται
714 2134 750 2196 τὰ
774 2133 842 2203 ξύλα
865 2134 1002 2218 ἀλληλοις
1027 2133 1062 2196 τὰ
1089 2133 1119 2195 ἐν
1142 2137 1183 2216 τῷ
1210 2132 1327 2218 βὰθριμ,
1356 2133 1402 2195 διὰ
1425 2137 1508 2195 τοῦτο

259 2237 294 2298 τὸ
317 2236 426 2320 βόθρον
457 2235 590 2318 ἁρμονία.
636 2231 695 2298 οὐδ’
724 2235 788 2298 ἐπεὶ
816 2238 842 2298 οί
865 2237 942 2299 λίθοι
969 2236 1039 2299 εἰσὶν
1062 2234 1129 2299 καθ’
1158 2235 1295 2319 ἁρμονίαν
1322 2235 1509 2318 συγκείμενοι,

259 2338 317 2422 ἤδη
341 2340 387 2401 καὶ
411 2339 427 2399 ό
450 2339 524 2405 νεὼς
547 2338 669 2420 ἁρμονία
697 2338 712 2401 ό
736 2338 769 2401 ἐκ
797 2344 849 2422 τῆς
872 2334 980 2401 τούτων
1008 2341 1132 2421 γεγονὼς
1155 2337 1300 2422 ἁρμονίας.
1346 2341 1386 2406 ὡς
1408 2339 1441 2401 δὲ
1463 2337 1510 2399 ἐπὶ

217 2458 247 2501 ευ
261 2441 369 2524 ταύτης
395 2446 448 2524 της
471 2441 608 2524 ἁρμονίας
636 2424 755 2522 ἁλλοή
779 2441 899 2525 ἁρμονία
927 2442 974 2504 καὶ
1002 2440 1073 2504 ἄλλο
1101 2441 1133 2502 τό
1156 2440 1273 2522 γεγονὸς
1301 2440 1414 2503 ἐκτῶν
1438 2437 1505 2503 καθ’
1524 2455 1551 2498 τι

260 2544 400 2629 ἁρμονίαν
423 2542 633 2624 συγκειμένων,
663 2543 756 2611 οὕτως
778 2541 842 2628 ἔχει
864 2544 913 2606 καὶ
936 2543 984 2606 ἐπὶ
1011 2547 1062 2626 τῆς
1085 2542 1159 2605 κατὰ
1184 2543 1232 2605 τδν
1256 2541 1340 2624 λόγον
1362 2543 1509 2626 ἁρμονίας.

259 2647 296 2710 οδ
319 2647 373 2730 γὰρ
396 2644 427 2708 εἴ
446 2668 508 2708 τινα
530 2645 560 2706 ἐν
582 2646 660 2729 λόγῳ
692 2645 743 2707 τινί
767 2646 901 2728 μέμικται
924 2646 972 2708 καὶ
994 2640 1063 2709 καθ’
1093 2644 1244 2728 ἁρμονίαν,
1271 2644 1329 2729 ἤδη
1352 2647 1400 2708 καὶ
1422 2646 1454 2709 τδ
1477 2647 1510 2708 ἐκ

258 2755 314 2833 τῆς
336 2748 470 2830 τοιαύτης
492 2748 606 2830 γεγονὸς
630 2747 733 2831 μίξεως
754 2749 877 2831 ἁρμονία
900 2772 931 2811 τε
953 2749 1001 2811 καὶ
1023 2745 1122 2829 λόγος,
1150 2746 1218 2809 οὐδὲ
1240 2746 1353 2813 ταδτδν,
1366 2749 1398 2812 τὸ
1422 2746 1510 2832 ἡρμό-

201 3040 475 3114 θτοιοῦτον-ψυχη
494 3057 543 3093 om.
651 3040 720 3093 2-3
742 3042 757 3110 η
777 3041 950 3110 γὰρ-ψυχή]
972 3043 1073 3095 Είνειιυυ
1093 3043 1127 3093 ist
1145 3042 1210 3093 euch
1230 3041 1272 3092 die
1290 3040 1362 3092 Seele
1381 3040 1427 3092 das
1446 3040 1562 3094 verhelt-
1599 3028 1602 3033 ⁵

200 3131 261 3183 niss
281 3129 336 3180 und
355 3128 397 3179 die
417 3128 686 3194 Zusammensetzung
705 3129 750 3182 der
768 3128 844 3180 Κιοίι
861 3130 917 3181 und
936 3130 977 3181 elie
997 3129 1086 3193 Form,
1109 3129 1205 3182 welche
1224 3128 1339 3180 entsteht
1356 3128 1437 3180 durch
1456 3129 1498 3180 die
1516 3131 1564 3182 hi-

203 3218 308 3284 schung
328 3216 373 3267 der
390 3215 489 3282 Khrper
507 3217 535 3267 in
554 3217 646 3284 irgend
665 3218 749 3268 einem
769 3216 814 3268 der
832 3216 1009 3268 Verhhltuisse
1113 3217 1182 3269 4-5
1201 3213 1409 3284 μᾶλλον-λέγοι]
1430 3216 1499 3268 denn
1517 3216 1563 3269 das

139 3316 145 3323 ·
201 3303 473 3355 Wahrscheinlichste
491 3303 545 3355 und
564 3303 610 3355 des
629 3318 671 3354 am
690 3304 795 3356 ehesten
814 3305 868 3356 sich
882 3304 1033 3371 Ergebende
1051 3306 1094 3369 ist,
1114 3305 1173 3356 dass
1192 3319 1253 3355 men
1271 3318 1342 3370 sege,
1361 3302 1421 3355 dass
1439 3305 1481 3357 die
1501 3305 1562 3356 Ver-

203 3391 328 3459 bindung
346 3390 399 3443 des
418 3390 536 3442 Leihes
554 3390 597 3443 die
615 3389 776 3443 Gesundheit
795 3392 840 3453 sei,
863 3391 934 3443 nic-ht
953 3391 996 3444 die
1015 3391 1087 3444 Seele
1163 3390 1178 3442 6
1198 3388 1348 3461 συμμετρία]
1366 3390 1451 3442 addit:
1471 3391 1564 3457 irgend

203 3482 264 3533 eine
349 3475 495 3546 8δθναμις]
515 3478 600 3529 addit:
619 3478 713 3530 welche
732 3479 847 3531 entsteht
933 3480 965 3529 10
983 3476 1144 3547 συγκείμενα]
1163 3477 1324 3547 angeordnet
1408 3477 1506 3528 10-11
1528 3475 1564 3534 ὡς

205 3563 352 3634 -μεταξῆ
377 3566 457 3617 ιτοοει·
482 3581 508 3617 es
527 3565 677 3634 unmhglich
696 3568 743 3631 ist,
767 3566 827 3618 dass
851 3567 888 3618 sie
912 3567 1040 3619 zwischen
1063 3566 1118 3617 sich
1138 3566 1223 3617 Ehwas
1247 3580 1297 3618 von
1316 3565 1425 3633 auderet
1445 3562 1563 3631 Gattung

204 3654 364 3707 aufnehmen
482 3653 582 3705 12-15
610 3652 661 3705 οἶον
679 3654 699 3705 εί
718 3653 945 3725 κατὰ-ἁρμονία]
966 3671 987 3704 z.
1001 3654 1030 3705 B.
1049 3653 1109 3705 dass
1129 3654 1175 3705 das
1194 3653 1265 3721 Ding
1283 3654 1318 3705 im
1337 3652 1500 3704 Verhhltniss
1519 3652 1563 3703 des

203 3741 364 3809 doppelten,·
387 3739 462 3790 oder
493 3741 527 3791 im
557 3741 718 3794 Verhhhniss
746 3741 791 3793 der
819 3741 1002 3793 hehnliehkeit
1030 3739 1199 3806 (Gleiehheit)
1230 3740 1284 3793 und
1313 3741 1357 3793 des
1384 3739 1492 3791 Drittels
1520 3755 1563 3807 ge-

204 3829 299 3880 mischt
319 3828 366 3879 sei.
402 3826 477 3878 Denn
497 3842 559 3901 was·
574 3829 699 3893 gemischt
718 3829 794 3891 νιὶιιί,
817 3843 845 3880 so
865 3829 924 3879 dass
946 3827 975 3879 in
994 3827 1047 3879 ihm
1067 3843 1124 3879 zum
1144 3826 1258 3894 Beispiel
1283 3827 1329 3878 das
1347 3829 1405 3879 eine
1429 3826 1476 3878 das
1494 3826 1563 3893 θυμ-

203 3916 273 3983 pelte
296 3915 342 3967 des
360 3914 474 3967 anderen
497 3915 552 3965 und
576 3914 622 3967 das
647 3915 741 3968 andere
764 3917 806 3968 die
824 3915 911 3968 Πδίίίο
932 3916 1006 3983 jones
1024 3913 1199 3983 Gemngten,
1223 3914 1269 3966 das
1293 3914 1348 3966 lhlt
1372 3930 1432 3966 men
1455 3913 1496 3965 hir
1520 3915 1563 3965 ein

205 4004 363 4070 ‹iemeugtes
393 4004 419 4054 in
449 4003 540 4069 irgend
569 4003 641 4054 einer
663 4003 835 4070 Verbindung
863 4002 918 4054 und
947 4001 1006 4053 dass
1034 4018 1061 4054 es
1090 4002 1277 4054 verbunden
1300 4000 1489 4068 (hermonisirt)
1518 4002 1564 4063 sei,

204 4090 259 4143 und
280 4106 341 4141 man
360 4089 413 4141 ίιῑιίι
433 4089 504 4141 diosc
522 4091 655 4158 hlengung
672 4090 713 4142 fhr
732 4092 790 4143 eine
810 4082 982 4156 Verhi'ndung
1091 4080 1120 4139 17
1140 4087 1299 4160 παράκειται]
1319 4088 1443 4157 geordnet
1460 4088 1495 4140 ist

206 4176 309 4248 βάθρῳ]
329 4177 440 4229 Sessel·
538 4178 569 4229 18
598 4178 764 4247 συγκείμενοι]
784 4179 916 4247 geordnet,
935 4182 961 4229 et
979 4175 1066 4227 addit:
1085 4177 1113 4228 in
1132 4178 1204 4229 einer
1221 4178 1309 4230 Mauer
1429 4176 1460 4227 19
1487 4173 1563 4243 νεὼς]

204 4266 293 4317 λίτυον
401 4264 434 4316 ⁴22
454 4264 519 4333 τινα]
539 4267 581 4318 die
601 4266 693 4332 θίιιγγε,
712 4282 765 4317 τοι.
786 4266 857 4318 lech:
877 4265 939 4316 zwei
958 4265 1042 4331 Dinge

205 4546 221 4591 :5
239 4539 321 4610 ψυχὴ]
342 4541 354 4609 ¹!
381 4542 409 4592 in
428 4541 466 4592 lit.
478 4540 499 4590 V
571 4539 637 4593 'oh'z
657 4541 713 4592 οίυ
788 4539 915 4609 4θγιειοιν
935 4556 962 4591 e:
982 4537 1065 4608 ὑγείαν
1083 4540 1106 4590 V
1181 4540 1229 4610 τις]
1250 4560 1257 4594 ι
1276 4542 1304 4593 in
1322 4541 1393 4592 hev
1465 4540 1480 4589 θ
1499 4536 1563 4610 αὕτη

205 4630 308 4697 scripsi:
341 4646 405 4698 αντη
432 4629 466 4679 V:
490 4627 589 4697 αδτηυ
679 4624 684 4635 ’
731 4628 762 4679 12
790 4629 806 4696 ἢ
831 4627 919 4680 addidi
942 4626 974 4679 cf.
998 4644 1063 4680 vers.
1087 4629 1158 4681 hebr.
1303 4628 1333 4679 13
1361 4627 1511 4695 μεμιγμένον
1535 4643 1585 4679 ez.

205 4734 338 4785 μιμιγμεν·
360 4717 382 4766 V
492 4715 522 4767 15
551 4715 593 4768 καί
612 4716 769 4787 ἡρμοσμένον
788 4716 848 4767 εἶναι
867 4717 944 4769 vertit
963 4717 1048 4767 Arabs
1066 4715 1181 4768 offensus
1199 4715 1308 4767 fortasse
1327 4714 1403 4766 solite
1421 4716 1465 4765 καί
1483 4715 1564 4781 perti·

206 4805 277 4855 culae
295 4805 468 4857 abundantia.
495 4803 533 4856 Cf.
553 4805 596 4855 καί
615 4803 675 4872 τρδς
693 4802 791 4861 τυθτοις
809 4805 852 4855 καί
872 4803 906 4861 ὡς
925 4819 950 4870 γι.
961 4801 1038 4861 mh
1059 4801 1123 4854 ἀλλὰ
1142 4803 1185 4853 καί
1204 4801 1349 4872 ἐμφοίνεταί
1366 4819 1421 4852 τινα
1439 4799 1564 4874 χρώματα

207 4892 291 4943 ιιαίέν
310 4895 350 4960 τῷ
371 4891 476 4945 ίῖιθῐίθ
496 4896 520 4944 eh
541 4892 597 4943 ίιιιί.
695 4891 724 4942 16
743 4890 798 4960 καί]
819 4910 853 4942 κα
872 4892 900 4942 in
919 4890 989 4942 θλ]
1082 4890 1113 4941 18
1133 4889 1285 4961 ἀρμονίανυ
1373 4887 1406 4940 '23
1426 4889 1469 4940 καί
1487 4890 1565 4941 καίει
1633 4951 1637 4957 Ι
