3540 5610
559 295 562 300 ’
652 331 732 391 σενι
752 329 987 388 τιιιιειιοιιιιν
1006 334 1109 387 οο-οτ
1497 337 1557 401 211

253 507 403 576 ἀκώλυτος
432 508 481 570 καί
506 506 758 590 ἀπαρεμπόδιστος
788 508 807 589 ἡ
834 511 886 570 τοῦ
912 506 1025 589 κόσμου
1051 504 1199 591 διοίκησις’
1227 504 1285 591 [ἐν]
1312 510 1355 592 τῷ
1377 505 1507 589 γίνεσθαι

252 609 289 672 τὰ
316 610 368 691 μὲν
391 608 421 678 ἐξ
443 609 579 691 ἀνάγκης,
613 608 648 671 τὰ
671 609 704 671 δὲ
725 607 935 692 ἐνδεχομένως,
969 609 1017 671 καὶ
1040 609 1149 670 τούτων
1183 608 1293 690 τὰμὲν
1317 607 1391 671 κατὰ
1411 607 1508 693 φύσιν,

253 710 289 774 τὰ
311 711 344 773 δὲ
365 712 439 774 κατὰ
462 708 629 794 προαίρεσίν
651 732 683 772 τε
705 711 752 772 καὶ
775 708 869 792 λόγον,
893 710 928 774 τὰ
951 710 984 773 δὲ
1006 709 1075 773 καθ’
1095 712 1199 794 ὁρμήν,
1221 711 1257 773 τὰ
1280 709 1305 773 δ’
1333 710 1392 773 ἀπὸ
1414 709 1508 794 τύχης
1521 725 1550 766 ⁸⁰

253 835 284 874 τε
299 813 348 874 καὶ
363 811 545 894 αὐτομάτως.
583 811 743 894 ἀναιρεῖται
766 812 798 873 δὲ
820 812 914 874 πάντα
936 811 972 873 τὰ
994 810 1069 875 ἄλλα
1085 812 1142 875 ύπδ
1156 817 1209 896 τῆς
1231 811 1416 896 εἱμαρμένης.
1455 809 1509 873 οὐκ

217 933 234 982 5
253 912 311 997 ἄρα
327 911 394 997 (οὐκ
410 912 457 997 ἂν)
476 912 727 998 ἀπαρεμπόδιστυς
742 912 811 976 οὐδὲ
826 913 1010 996 ἀκώλυτοςη
1032 918 1083 976 τού
1103 914 1213 997 κόσμου
1233 915 1372 999 διοίκησις
1392 913 1483 996 μένοι.
1502 914 1506 993 Ι

253 1014 314 1079 ἀλλ’
335 1017 361 1078 εἰ
384 1016 432 1078 καί
454 1015 662 1100 συγχωρηθείη
685 1015 771 1078 τούτύ
795 1038 826 1078 τε
848 1017 896 1079 καί
918 1016 951 1078 τδ
975 1015 1083 1096 κόσμος
1105 1016 1179 1078 εἰναι
1203 1017 1250 1079 καί
1272 1017 1384 1098 κόσμου
1407 1014 1489 1083 ὄντος
1512 1020 1559 1089 120

254 1117 351 1195 θεούς,
373 1118 465 1181 καίτοι
488 1115 551 1181 κατ’
576 1113 749 1200 Ἐπίκουρον
770 1117 854 1186 έκτδς
878 1115 961 1185 ὄντας
983 1117 1097 1193 αύτούς,
1120 1119 1167 1182 καί
1192 1118 1256 1187 τούς
1276 1117 1363 1187 θεοὺς
1379 1116 1507 1199 ἀγαθούς

252 1219 335 1297 εἰναι,
367 1219 413 1304 εἰη
437 1220 469 1282 δὲ
491 1221 540 1282 καί
563 1221 595 1282 τὸ
618 1219 725 1303 ἀρετὴν
746 1218 818 1281 εἰναι
840 1224 900 1288 τοῖς
922 1219 1001 1288 θεοῖς
1023 1220 1176 1305 ἑπόμενον,
1209 1224 1273 1288 πῶς
1306 1213 1425 1304 τῷὶτὴν
1448 1224 1506 1283 τῶν
1535 1238 1549 1281 ο

255 1324 334 1387 θεῶν
357 1322 465 1406 ἀρετὴν
500 1321 574 1385 εἰναι
597 1321 689 1384 έποιτ’
718 1320 752 1384 ἂν
774 1323 807 1384 τδ
829 1321 902 1385 εἰναι
924 1322 1078 1406 φρόνησιν;
1115 1323 1156 1390 τίς
1188 1323 1243 1406 γὰρ
1270 1325 1290 1405 ἡ
1314 1328 1367 1407 τῆς
1388 1324 1508 1386 ἀκολου·

204 1446 237 1492 ιο
255 1425 321 1495 θίας
340 1425 449 1508 ταύτης
471 1424 596 1508 ἀνάγκη;
619 1425 647 1486 εἰ
669 1425 722 1507 μὲν
745 1424 798 1507 γὰρ
821 1422 857 1507 ἦν
880 1424 1054 1507 εἰλημμένον
1083 1425 1115 1486 τδ
1139 1426 1190 1507 τὴν
1214 1425 1379 1508 ἀνθρώπων
1403 1425 1508 1509 ἀρετὴν

253 1527 336 1602 εἰναι,
359 1524 450 1590 έποιτ’
477 1525 512 1589 ἀν
535 1526 630 1610 τούτῳ
653 1528 701 1589 καί
724 1528 743 1609 ἡ
767 1524 916 1609 φρόνησις,
939 1527 1002 1589 ἐπεὶ
1025 1523 1050 1589 δ’
1078 1526 1112 1589 ἐκ
1135 1531 1192 1590 τῶν
1215 1529 1356 1611 κειμένων
1371 1527 1506 1611 εἰληπται

252 1631 286 1693 τδ
308 1629 361 1713 τἠν
383 1633 442 1692 τῶν
465 1628 544 1691 θεῶν
568 1628 673 1712 ἀρετὴν
696 1626 779 1704 εἶναι,
813 1633 877 1696 πῶς
911 1627 945 1690 ἂν
967 1626 1009 1691 ἔτι
1032 1628 1131 1691 έποιτο
1165 1634 1203 1712 τῇ
1227 1634 1285 1691 τῶν
1313 1631 1392 1694 θεῶν
1415 1630 1506 1714 ἀρετῇ
1523 1648 1549 1689 ιο

253 1731 403 1817 φρόνησις,
425 1731 592 1814 ἀνθρώπων
615 1728 688 1794 ούσα
710 1730 815 1813 ἀρετή;
839 1729 872 1793 ού
896 1731 950 1814 γὰρ
972 1733 1023 1800 τὰς
1045 1731 1134 1800 αὐτὰς
1156 1732 1261 1816 ἀρετὰς
1283 1732 1344 1795 οἷόν
1367 1756 1399 1795 τε
1414 1732 1508 1816 λέγειν

254 1835 327 1898 εἶναι
349 1839 408 1897 τῶν
429 1857 461 1896 τε
482 1833 648 1916 ἀνθρώπων
671 1834 719 1896 καὶ
741 1837 800 1895 τῶν
823 1832 911 1896 θεῶν.
957 1831 1024 1896 ούτε
1056 1833 1111 1917 γάρ
1132 1833 1229 1902 άλλως
1261 1834 1371 1916 ἀληθές
1403 1836 1436 1898 τό
1458 1836 1510 1905 τὰς

203 1958 234 2005 15
252 1942 311 2000 τῶν
333 1939 469 2000 τοσοῦτον
492 1935 629 2018 ἀλλήλων
663 1935 736 1997 κατὰ
758 1936 811 2018 τὴν
833 1936 920 2020 φύσιν
943 1937 1107 1998 διεστώτων
1141 1937 1193 2005 τός
1215 1936 1306 2005 αὐτὰς
1327 1938 1510 2021 τελειότητος

252 2063 285 2104 τε
307 2040 355 2102 καί
378 2037 483 2121 ἀρετὰς
504 2037 608 2120 λέγειν,
641 2035 708 2099 οὔθ’
736 2038 763 2099 οἱ
786 2039 858 2120 πρὸς
889 2036 986 2100 αὐτῶν
1020 2040 1085 2121 περὶ
1119 2038 1217 2102 αὐτῶν
1250 2038 1401 2123 λεγόμενοι
1430 2038 1509 2123 λόγοι
1524 2057 1550 2099 ιι

254 2139 373 2222 εὔλογόν
395 2163 422 2202 τι
445 2139 475 2201 έν
497 2140 596 2208 αὑτοῖς
617 2137 744 2223 ἔχουσιν.
790 2140 948 2223 ἀνθρώπου
982 2141 1015 2202 δὲ
1036 2142 1056 2223 ἡ
1079 2140 1218 2224 φρόνησις
1243 2141 1346 2225 ἀρετή,
1378 2143 1398 2224 ἧ
1422 2141 1508 2216 ἐστιν,

252 2243 294 2310 ὥς
315 2262 412 2327 φασιν,
435 2243 581 2326 ἐπιστήμη
605 2241 750 2324 ποιητέων
772 2265 803 2304 τε
825 2244 873 2305 καὶ
896 2241 930 2305 ού
953 2241 1106 2325 ποιητέων.
1139 2243 1169 2304 ἐν
1185 2242 1228 2312 οἱς
1243 2243 1297 2327 γὰρ
1313 2242 1374 2306 υίόν
1390 2267 1421 2307 τε
1436 2242 1506 2327 (μὴ)

254 2345 426 2430 πραχθῆναί
440 2368 466 2408 τι
482 2345 530 2408 καί
545 2349 603 2406 τῶν
626 2344 779 2427 ποιητέων,
803 2344 834 2406 ἐν
856 2344 967 2413 τούτοις
990 2346 1009 2427 ἡ
1034 2349 1091 2407 τῶν
1107 2344 1253 2428 ποιητέων
1275 2348 1370 2409 τεκαὶ
1393 2345 1427 2409 ού
1450 2369 1510 2409 ποι-

202 2467 237 2514 20
254 2447 349 2530 ητέων
371 2447 517 2531 ἐπιστήμη
540 2449 643 2531 χώραν
666 2444 739 2531 ἔχει.
782 2446 857 2509 ἀλλὰ
880 2447 936 2529 μὴν
959 2447 1074 2509 πάντων
1098 2446 1254 2530 γινομένων
1277 2446 1345 2511 καθ’
1373 2448 1510 2533 εἱμαρμέ·
1523 2465 1552 2507 ευ

253 2575 305 2634 νην
328 2549 476 2635 ἄχρηστος
498 2551 517 2632 ἡ
541 2554 646 2632 γνῶσις
668 2553 727 2611 τῶν
742 2549 887 2632 ποιητέων
909 2572 941 2611 τε
963 2550 1010 2612 καί
1034 2551 1086 2632 μή.
1126 2549 1155 2613 τί
1174 2550 1229 2632 γὰρ
1253 2546 1359 2634 όφελος
1382 2555 1433 2634 τῆς
1455 2573 1510 2614 τοι·

255 2653 346 2737 αύτης
366 2655 503 2735 γνώσεως
524 2656 583 2720 τοῖς
605 2651 697 2734 μηδὲν
720 2652 761 2714 ὧν
777 2653 933 2735 πράττουσι
948 2651 1132 2735 φυλάὶασθαι
1154 2652 1337 2734 δυναμένοις;
1360 2653 1434 2716 εἰδὲ
1457 2677 1510 2736 μη·

252 2756 301 2818 δέν
323 2756 343 2837 ἡ
365 2752 475 2817 τούτων
498 2754 645 2837 ἐπιστήμη
668 2755 823 2837 χρήσιμον,
846 2752 985 2839 ἀναιροῖτ’
1013 2752 1048 2815 ἀν
1071 2755 1090 2837 ἡ
1113 2754 1262 2839 φρόνησις,
1297 2758 1338 2823 ὡς
1360 2754 1432 2819 εἰναι
1454 2757 1507 2839 την
1522 2773 1549 2815 ει

253 2857 429 2920 ἀκολουθίαν
452 2855 652 2939 ἀληθεστέραν
674 2857 726 2938 τὴν
748 2857 775 2918 εἰ
796 2854 872 2920 ἔστιν
894 2855 1066 2940 εἱμαρμένη,
1090 2857 1130 2939 μὴ
1154 2855 1225 2919 εἰναι
1249 2856 1397 2941 φρόνησιν.
1432 2855 1501 2922 καθ’

199 2979 233 3026 25
252 2958 285 3022 ὃν
307 2960 361 3042 γὰρ
384 2960 468 3041 λόγον
491 2956 611 3041 όνόμος
624 2957 758 3040 ἀνῃρεῖτο
773 2957 909 3041 κειμένης
931 2963 983 3042 τῆς
1006 2958 1193 3043 εἱμαρμένης,
1217 2959 1291 3022 κατὰ
1307 2964 1407 3023 τοῦτον
1431 2960 1507 3023 ἀναι-

254 3061 409 3145 ρεθήσεται
432 3062 479 3123 καὶ
495 3058 542 3144 (ἡ)
555 3061 704 3145 φρόνησις,
738 3061 774 3142 ἧς
797 3060 1008 3145 ἀναιρουμένης
1031 3063 1119 3142 δῆλον
1143 3064 1184 3129 ὥς
1206 3063 1253 3125 καί
1276 3066 1334 3125 τῶν
1350 3060 1455 3145 1ἄλλων
1477 3062 1509 3125 ἓν

256 3163 376 3228 ἕκαστον
399 3161 538 3246 ἀναιροῖτ’
567 3161 601 3225 ἀν
624 3167 681 3225 τῶν
704 3164 778 3226 κατὰ
800 3165 852 3246 τἠν
869 3164 1042 3226 ἀκολουθίαν
1066 3164 1117 3247 τὴν
1141 3164 1212 3247 πρδς
1233 3167 1286 3248 τὴν
1309 3164 1449 3251 φρόνησιν
1473 3190 1508 3229 τι·
1521 3182 1550 3225 ευ

255 3265 397 3349 θεμένων.
432 3266 477 3329 ότι
496 3267 529 3329 δὲ
552 3266 626 3348 μηδὲ
650 3264 705 3348 [οἱ]
728 3266 762 3328 έκ
784 3270 835 3328 τού
858 3266 999 3328 δεικνύναι
1021 3267 1073 3349 τὴν
1097 3265 1164 3329 καθ’
1193 3267 1286 3350 όρμὴν
1315 3269 1425 3352 κίνησιν
1448 3272 1508 3337 τοῖς
1520 3278 1664 3334 xxxvln

256 3366 344 3453 ζιγίυις
367 3368 509 3450 μένουσαν
531 3369 647 3430 πάντων
669 3367 828 3450 γινομένων
849 3367 918 3432 καθ’
946 3367 1122 3452 εἱμαρμένην
1146 3371 1290 3440 σώζουσιν
1305 3372 1338 3432 τὸ
1355 3370 1402 3455 ἐφ’
1430 3373 1510 3455 ἡμῖν,

202 3490 237 3538 ³0
255 3470 282 3533 εἰ
304 3471 345 3554 μὴ
368 3469 500 3554 βούλοιτό
523 3492 564 3538 τις
587 3471 689 3539 ἁπλῶς
713 3472 716 3553 ἱ
740 3471 773 3534 τὸ
790 3470 846 3532 ύπό
869 3493 942 3539 τινος
965 3472 1038 3534 κατὰ
1053 3471 1105 3554 τὴν
1122 3471 1229 3534 οἰκείαν
1244 3471 1392 3553 γινόμενον
1414 3472 1500 3558 φύσιν
1519 3482 1565 3537 122

256 3571 302 3635 ἐπ’
330 3572 433 3656 ἐκείνῳ
456 3572 547 3654 λέγειν
570 3571 643 3634 ἄλλο
665 3597 690 3635 τι
725 3572 937 3658 σημαινόμενον
960 3577 1011 3635 τού
1034 3572 1081 3657 ἐφ’
1109 3575 1179 3656 ἡμῖν
1208 3575 1332 3656 εἰσάγων
1366 3576 1444 3658 παρὰ
1477 3578 1509 3640 τδ

256 3674 483 3756 πεπιστευμένον
497 3697 530 3737 τε
552 3676 599 3739 καὶ
623 3676 864 3758 προειλημμένον,
888 3675 905 3737 ό
927 3698 1022 3760 φαμεν
1050 3674 1121 3738 εἰναι
1144 3676 1190 3738 διὰ
1212 3677 1245 3739 τδ
1268 3675 1347 3762 ἔχειν
1369 3679 1448 3760 ημᾶς
1470 3677 1511 3748 ἐξ·

256 3778 355 3841 ουσίαν
389 3780 447 3840 τῶν
470 3777 501 3840 έν
524 3781 583 3846 τοῖς
605 3778 813 3861 πραττομένοις
846 3778 1062 3861 ἀντικειμένων,
1096 3780 1201 3862 φθάνει
1234 3780 1281 3841 διὰ
1303 3784 1362 3841 τῶν
1385 3783 1511 3864 πρώτων
1539 3797 1553 3838 υ

206 4019 217 4069 l
238 4017 265 4070 ἰν
283 4017 472 4084 circumscripsi
579 4015 596 4066 4
615 4012 653 4082 δί]
672 4014 719 4085 γὰρ
737 4014 772 4066 8²
878 4013 952 4084 ἄλλα]
972 4016 1037 4068 αὐτὰ
1057 4021 1080 4068 Η
1102 4014 1183 4067 Lond.
1203 4017 1225 4069 Ο
1244 4017 1336 4080 (πάντα
1354 4019 1434 4068 ταῦτα
1454 4018 1488 4079 O)

203 4103 220 4156 5
239 4104 286 4158 οἰνιι
305 4103 335 4156 δν
354 4103 414 4155 add.
432 4102 517 4156 Diels:
536 4100 584 4154 ούκ
607 4102 666 4153 add.
685 4100 725 4153 εἰ*
847 4102 1026 4171 ἀνεμπόδιστος
1045 4103 1085 4156 8¹²
1103 4103 1186 4156 Lond.
1205 4106 1228 4156 Ο
1331 4104 1398 4171 μένει
1418 4103 1477 4156 Cas.

205 4191 221 4243 6
238 4207 277 4259 pr.
297 4191 341 4243 καὶ
358 4205 409 4244 om.
428 4188 467 4242 ³¹²
564 4188 594 4241 τό
613 4188 709 4255 κόσμον
728 4192 752 4240 Η
773 4188 845 4242 (Ἴσοι
864 4190 907 4242 τόν
926 4191 1021 4259 κόσμον
1040 4190 1165 4244 Lond.0
1255 4194 1301 4242 τού
1320 4191 1417 4258 κόσμου
1436 4194 1458 4244 Ο

204 4276 292 4347 ὄντος]
320 4276 389 4335 ἰντδς
411 4277 483 4330 Diels
638 4275 653 4326 7
677 4274 756 4328 αἰτοῦ
778 4279 801 4330 Ο
961 4277 977 4329 8
1005 4277 1027 4330 ιί
1054 4276 1080 4328 δὲ
1103 4276 1184 4329 Lond.
1207 4280 1230 4331 0
1394 4278 1426 4330 10
1453 4277 1475 4330 εἰ
1498 4295 1518 4330 s.
1541 4295 1565 4331 ν.

203 4381 228 4418 r.
242 4368 301 4418 αθ
412 4362 443 4416 12
470 4369 522 4416 τῶν
540 4361 620 4431 θεῶν]
648 4361 794 4432 ἀνθρώπων
816 4362 898 4416 Lond.
1009 4363 1039 4415 13
1062 4362 1336 4435 ἀνθρώπων-ἀρετή
1362 4368 1454 4417 om.0

205 4470 237 4524 15
255 4470 442 4523 rccobrmrrss:
462 4468 585 4521 τοιούτων
604 4466 631 4519 εἰ
741 4467 770 4518 l?
791 4463 847 4519 οὐθ’
861 4466 964 4537 εύλογον
978 4468 1097 4521 Lond.0
1205 4467 1331 4527 αθτοῖςν
1427 4459 1519 4539 ἀριτησ
1533 4457 1566 4540 ἥσ

205 4559 244 4610 sic
263 4559 292 4623 (i.
305 4574 328 4610 ε.
348 4557 424 4629 ἀριτη
442 4556 469 4626 ἠ)
489 4561 512 4608 V
622 4554 652 4606 18
681 4554 716 4623 μὴ
736 4555 795 4607 cdd.
814 4553 940 4607 Lond.0
1051 4555 1081 4607 19
1110 4556 1153 4607 καὶ
1171 4557 1230 4626 (μὴ)
1247 4564 1301 4610 τῶν
1320 4556 1449 4609 Schwartz

203 4663 231 4696 τε
255 4660 306 4698 cm.
329 4648 351 4698 Ο
478 4643 512 4696 20
539 4641 601 4712 μὴν]
626 4641 662 4710 μὴ
683 4642 718 4693 V¹
739 4646 814 4705 (corr.
837 4645 908 4705 rc.)
1033 4641 1067 4693 δι’)
1095 4647 1184 4695 τοῦτον
1205 4644 1270 4696 B²H
1292 4643 1363 4697 Cac:
1392 4646 1465 4695 τοῦτο
1486 4643 1562 4695 Van:

204 4730 322 4802 τούτιμΚ
411 4729 453 4782 25.
477 4729 510 4782 θθ
538 4726 731 4800 ἀναιρηθησεται
749 4727 776 4780 εἰ
889 4728 922 4781 26
950 4729 966 4798 ἡ
989 4729 1048 4781 add.
1062 4734 1086 4781 K
1211 4731 1236 4783 ἱν
1255 4747 1305 4783 om.
1325 4730 1364 4783 υἱέ
1470 4729 1503 4781 27
1522 4732 1566 4783 καὶ

203 4825 256 4872 τῶν
273 4819 302 4871 ε’
373 4816 435 4890 πρὸς
451 4818 607 4888 φρόνησινΟ
679 4815 713 4868 *28
732 4816 755 4868 οἱ
773 4816 822 4869 del.
836 4815 870 4868 B²
928 4817 970 4878 ι31
993 4819 1152 4886 παρεισάγων
1167 4821 1191 4869 Η
1264 4816 1297 4869 32
1321 4816 1360 4869 διὰ
1380 4823 1530 4884 suspectum

205 4912 275 4977 ονᾰν
293 4909 317 4959 V

1302 4990 1365 5052 14*
