3540 5610
658 307 715 381 [ου
737 312 847 410 κιιρω
870 311 973 365 ιιιιιιιι
997 309 1121 382 ALTER]
1451 390 1455 399 Ι
1507 310 1566 376 127

263 487 356 549 κοινὸν
380 483 445 572 ἔχοι
472 488 542 571 πρδς
564 486 635 550 αὐτὸ
662 487 681 570 ἢ
709 487 742 548 τὸ
765 486 874 569 θερμὸς
895 483 981 565 εἷναι;
1015 483 1090 549 ἔστιν
1113 486 1166 570 χάρ
1192 489 1231 568 τῇ
1259 486 1310 566 μὲν
1336 491 1376 568 n}
1399 485 1446 548 καὶ
1470 488 1513 569 τῷ
1528 501 1555 543 ω

264 589 345 651 δδατι
368 591 401 652 τδ
423 590 535 675 ψυχρὸν
558 588 667 669 κοινόν,
695 594 737 674 τῷ
760 588 792 651 δὲ
816 588 896 651 ὕδατι
918 588 966 651 καὶ
988 593 1030 673 τῷ
1057 587 1120 672 ἀέρι
1148 589 1180 650 τδ
1203 588 1303 671 ὑγρόν,
1330 593 1374 672 τῷ
1398 588 1430 651 δὲ
1452 588 1515 672 ἀέρι

263 691 377 776 καὶτῷ
401 693 468 776 πυρὶ
490 692 618 755 λείπεται
643 693 677 755 τὸ
701 690 819 776 ίλερμδν.
865 688 906 753 έτι
928 690 955 752 εί
977 690 1013 752 τὰ
1036 691 1115 753 ἁπλᾶ
1138 691 1198 755 ἐστι
1226 692 1259 753 τδ
1282 691 1389 774 θερμὸν
1412 693 1460 753 καὶ
1483 694 1515 754 τὸ

262 795 374 879 ψυχρὸν
397 796 445 857 καλ
468 796 500 858 τὸ
521 795 606 879 ξηρὸν
628 795 677 859 καί
699 796 732 857 τδ
748 795 832 877 ὑγρὸν
855 795 903 856 καί
920 795 1011 856 ταῦτά
1033 792 1093 855 ἐστι
1116 792 1151 856 τά
1166 795 1362 856 εἰδοποιοδντα
1384 793 1419 855 τά
1442 795 1515 856 σ’τοι-

232 900 344 978 σχεῖα,
375 895 446 959 είδει
475 896 509 960 ἀν
536 897 680 981 ἀλλήῇλων
703 895 833 982 διαφέροι
858 897 895 958 τά
921 896 1029 978 ἁπτικῇ
1058 896 1138 978 ἁπλῇ
1167 898 1292 980 διαφορᾷ
1316 896 1496 979 διαφέροντα.
1515 913 1568 958 mv

263 999 341 1061 ὥστε
363 1000 389 1061 εί
410 1002 443 1062 τ“ο
467 1000 544 1084 ὕδωρ
567 1001 615 1063 καὶ
638 1001 654 1062 δ
677 1001 734 1083 ἀὴρ
757 999 827 1062 εἴδει
849 998 1047 1081 διαφέρουσιν,
1077 1000 1156 1082 ἁπλῇ
1181 998 1215 1062 ἀν
1237 1023 1290 1061 τινι
1312 1002 1435 1083 διαφορᾷ
1459 1003 1515 1064 δια·

263 1100 387 1185 φέροιεν.
433 1102 508 1165 ἀλλά
531 1104 588 1186 μὴν
611 1104 643 1165 τὸ
666 1103 750 1187 ὑγρὸν
773 1100 871 1170 αὐτοῖς
893 1101 926 1164 τὸ
949 1100 1019 1164 αὐτό
1043 1102 1119 1170 ἐστι,
1142 1103 1270 1164 λείπεται
1292 1101 1349 1186 ἀρα
1371 1103 1445 1165 κατὰ
1467 1110 1516 1188 ψο-

262 1205 335 1287 χρδν
365 1206 414 1267 καὶ
437 1205 545 1289 θερμὸν
572 1204 644 1268 εἶναι
671 1205 723 1289 τὴν
750 1205 889 1289 διαφορὰν
916 1203 1023 1272 αὐτοῖς.
1069 1201 1111 1267 ἔτι
1134 1205 1159 1267 εί
1185 1204 1221 1266 τά
1247 1204 1320 1266 κατὰ
1346 1206 1379 1266 τὸ
1407 1209 1516 1288 μᾶλλον

264 1307 311 1369 καλ
334 1307 422 1391 ἧττον
444 1309 579 1392 ἀλλήλων
607 1306 779 1391 διαφέροντα
805 1306 875 1370 εῖδει
904 1306 937 1370 οδ
961 1306 1103 1392 διαφέρει,
1133 1308 1180 1369 καὶ
1207 1308 1223 1369 δ
1249 1307 1306 1391 ἀὴρ
1334 1310 1446 1392 ψυχρὸς
1467 1310 1515 1372 καὶ

220 1426 248 1469 10
264 1409 362 1494 ὑγρός,
391 1409 446 1473 οὐκ
473 1409 507 1473 ἀν
534 1414 585 1473 τοδ
613 1410 715 1479 ὕδατος
742 1408 812 1472 εῖδει
839 1408 981 1494 διαφέροι·
1016 1410 1063 1473 καὶ
1086 1409 1140 1493 χάρ
1167 1409 1260 1472 ἐκεῖνο
1282 1408 1393 1494 ψυχρόν
1416 1434 1447 1473 τε
1469 1411 1516 1473 καὶ
1543 1427 1555 1470 ο

263 1513 347 1598 ὑγρόν
376 1512 447 1575 ἐστι.
491 1514 538 1576 καλ
560 1513 614 1597 χάρ
641 1513 668 1576 εί
689 1513 722 1575 τὸ
746 1512 797 1593 μὲν
823 1515 948 1594 μᾶλλον,
974 1512 1007 1574 τὸ
1034 1513 1067 1575 δὲ
1090 1512 1175 1595 ἧττον
1197 1511 1274 1593 λέγοι
1296 1535 1351 1581 τις,
1379 1512 1437 1575 ἀλλ’
1466 1512 1516 1578 οὖν

261 1615 332 1680 εἴδει
353 1617 388 1679 οδ
412 1615 523 1680 διοίσει·
557 1615 648 1700 ἀμφω
678 1614 735 1699 ἄρα
757 1614 803 1688 ἕν,
830 1615 879 1679 καὶ
906 1612 1001 1678 οὐκέτι
1028 1614 1064 1676 τά
1090 1621 1220 1699 στοιχεῖα
1246 1616 1380 1698 τέσσαρα.
1425 1613 1467 1678 ἔτι
1490 1618 1516 1680 εί

260 1720 405 1802 τεττάρων
421 1716 517 1780 οὐσῶν
539 1721 716 1801 συμπλοκῶν
739 1718 773 1780 ἐκ
788 1721 838 1780 τοδ
855 1717 942 1801 Εηροδ
964 1718 1012 1779 καὶ
1033 1717 1120 1801 ὑγροῦ
1144 1718 1191 1779 καὶ
1207 1717 1317 1801 ίλερμοδ
1340 1718 1386 1780 καὶ
1402 1724 1516 1804 ψυχροῦ

206 1901 209 1905 .
261 1822 292 1884 αἱ
315 1825 390 1904 τρεῖς
418 1820 453 1882 τά
476 1819 551 1883 ἀλλα
582 1826 713 1906 στοιχεῖα
741 1822 943 1899 είδοποιοδσιν,
970 1818 1089 1901 εὔλογον
1117 1820 1169 1903 τὴν
1195 1821 1440 1904 καταλειπομένην
1469 1844 1516 1885 συ·

218 1939 248 1983 15
263 1924 363 2006 ζυχίαν
390 1924 440 1986 τὸν
468 1924 541 2008 ἀέρα
567 1925 729 1987 εἰδοποιεῖν.
774 1925 915 1986 εἰδοποιεῖ
938 1922 992 2006 γὰρ
1019 1924 1052 1986 τδ
1082 1923 1133 2007 μὲν
1163 1923 1271 2007 θερμὸν
1299 1925 1347 1986 καὶ
1377 1924 1461 2008 ίκρρὸν
1483 1927 1516 1988 τὸ

261 2031 334 2110 πδρ,
362 2027 394 2089 τὸ
418 2027 450 2089 δὲ
473 2026 557 2111 Εηρδν
581 2028 629 2090 καὶ
651 2027 764 2112 ψυχρὸν
787 2027 839 2109 τὴν
861 2031 925 2108 χῆν,
947 2016 981 2088 τὸ
1005 2026 1037 2089 δὲ
1059 2027 1170 2110 ψυχρὸν
1194 2027 1241 2088 καὶ
1265 2026 1349 2109 ὑγρὸν
1372 2028 1404 2089 τὸ
1428 2029 1515 2112 ὕδωρ,

260 2131 295 2193 τδ
318 2129 375 2213 ἀρα
398 2129 505 2212 θερμὸν
528 2131 577 2193 καὶ
599 2129 684 2213 ὑγρὸν
700 2128 877 2212 είδοποιήσει
900 2129 949 2191 τὸν
972 2128 1054 2211 ἀέρα.
1089 2125 1131 2192 ἔτι
1153 2127 1187 2191 οὔ
1210 2130 1229 2211 ἡ
1251 2128 1360 2210 γένεσις
1383 2129 1430 2192 διὰ
1452 2131 1515 2213 θερ-

263 2236 336 2314 μοδ,
363 2237 448 2295 τοῦτο
476 2233 585 2316 ίλερμδν
613 2237 649 2314 τῇ
679 2231 767 2293 αὑτοῦ
794 2231 889 2315 φύσει.
934 2235 977 2316 τῷ
1004 2230 1040 2294 δὲ’
1058 2230 1121 2314 ἀέρι
1147 2229 1257 2313 γένεσις
1283 2231 1312 2300 ἐί
1340 2231 1441 2301 ὕδατος
1469 2233 1516 2297 διὰ
1530 2251 1557 2292 ιο

263 2336 375 2419 θερμοῦ
395 2336 512 2417 γίνεται.
556 2332 782 2419 θερμαινόμενον
811 2332 864 2417 γὰρ
886 2334 934 2418 τὸ,
948 2334 1025 2419 ὕδωρ
1054 2334 1094 2404 εἰς
1120 2333 1193 2418 ἀέρα
1216 2334 1397 2418 μεταβάλλει.
1442 2336 1516 2399 ἀλλά

215 2456 248 2500 νιν
261 2440 312 2502 καὶ
339 2440 406 2501 ὅσον
429 2438 463 2500 ἐκ
487 2443 542 2521 γῆς
562 2438 603 2506 είς
626 2436 698 2519 ἀέρα
726 2435 915 2520 μεταβάλλει,
944 2435 1174 2521 θερμαινομένητ
1204 2435 1336 2519 τρέπεται
1363 2438 1410 2498 καὶ
1434 2461 1517 2519 μετα-

262 2544 373 2626 βάλλει.
417 2541 495 2604 ὥστε
517 2541 626 2624 θερμὸς
652 2540 668 2602 δ
692 2540 748 2623 ἀὴρ
775 2543 813 2621 τῇ
841 2539 931 2601 αὑτοῦ
957 2539 1052 2623 φύσει.
1097 2537 1139 2601 ἔτι
1165 2539 1191 2601 εί
1213 2539 1286 2602 κατολ
1315 2540 1347 2602 τὸ
1371 2539 1516 2624 σύμβολον

262 2647 283 2729 ί,
309 2643 456 2730 μεταβολὴ
483 2647 542 2711 τοῖς
569 2643 722 2726 στοιχείοις
748 2640 932 2725 εὐκολωτέρα
957 2643 1062 2724 γίνεται
1090 2643 1131 2710 εἰς
1158 2640 1271 2726 ἄλληλα
1298 2642 1346 2704 καλ
1373 2640 1434 2704 ἔστι
1457 2647 1517 2711 τοῖς

261 2747 353 2831 τρισίν
375 2743 470 2809 κοινόν
493 2769 519 2807 τι
542 2744 686 2830 σύμβολον
714 2742 796 2827 ἀλλιρ
823 2744 895 2825 πρὸς
921 2742 1009 2818 ἀλλο,
1039 2744 1085 2828 εἴη
1110 2743 1143 2806 ἀν
1167 2745 1213 2807 καὶ
1241 2747 1285 2828 τῷ
1313 2743 1376 2828 ἀέρι
1402 2745 1515 2828 καὶτῷ

260 2850 329 2932 πυρὶ
351 2849 447 2911 κοινδν
470 2847 624 2932 σύμβολον.
669 2845 752 2909 οὐδὲν
775 2846 807 2909 δὲ
829 2845 908 2919 ἀλλο,
925 2846 1055 2914 δύναται,
1083 2847 1102 2930 ἦ
1126 2845 1244 2931 ίλερμίν.
1289 2847 1398 2929 θερμὸς
1419 2845 1514 2932 ἀραδ

221 2968 250 3013 κσ
264 2953 332 3035 ἀήρ.
377 2948 439 3014 ἔστι
462 2951 494 3013 δὲ
518 2949 661 3034 σύμβολον
690 2950 723 3011 τὸ
746 2951 840 3012 κοινδν
866 2955 904 3032 γῇ
929 2951 981 3033 μὲν
1004 2950 1052 3013 καλ
1079 2950 1159 3012 ὕδατι
1182 2950 1214 3012 τὸ
1238 2947 1364 3034 ψυχρόν,
1392 2950 1460 3033 πυρὶ
1482 2949 1516 3011 δὲ
1530 2965 1555 3008 ισ

261 3057 311 3119 καὶ
331 3057 371 3138 φῇ
396 3054 429 3116 τὸ
445 3052 540 3136 ξηρόν,
564 3053 644 3115 ὕδατι
666 3053 699 3115 δὲ
714 3052 762 3115 καλ
785 3050 848 3135 ἀέρι
871 3052 903 3114 τδ
925 3050 1021 3136 ὑχρδν,
1044 3052 1110 3135 πυρὶ
1134 3052 1229 3115 δὲκαὶ
1252 3050 1314 3135 ἀέρι
1337 3053 1370 3115 τὸ
1393 3051 1511 3136 θερμόν.

403 3291 493 3376 [Ιρδς
515 3290 593 3361 τοὺς
616 3290 656 3355 δι’
684 3291 832 3354 ἀκτίνων
855 3290 1021 3373 λέγοντας
1041 3291 1202 3372 γίνεσθαι
1224 3294 1261 3354 τὸ
1284 3291 1376 3376 δρᾶν.

347 3463 383 3528 Εἰ
406 3463 480 3528 κατά
503 3463 625 3526 ἀκτίνων
648 3461 768 3548 ἔκχυσιν
792 3463 839 3525 καὶ
863 3460 1028 3546 πρόπτωσιν
1050 3463 1083 3525 τὸ
1107 3463 1187 3547 δρᾶν,
1214 3465 1302 3547 δῆλον
1325 3461 1368 3526 ὅτι
1392 3466 1515 3548 σώματα

257 3568 354 3633 αὗται.
389 3566 458 3630 οὐδὲ
479 3565 533 3650 γὰρ
555 3563 617 3628 οἶόν
640 3587 671 3628 τε
693 3563 790 3633 ἄλλως
812 3565 966 3649 κινηίλῇνοιι
989 3567 1078 3634 αδτάς
1100 3568 1147 3628 καὶ
1169 3569 1332 3650 προελθεῖν.
1369 3568 1454 3631 ’τοῦτο
1477 3569 1513 3652 δὴ

218 3689 246 3733 τι)
260 3675 294 3735 τὸ
316 3677 405 3752 σῶμα
432 3670 464 3732 τὸ
487 3672 546 3732 τῶν
568 3667 690 3730 ἀκτίνων
717 3666 838 3751 πότερον
863 3669 921 3752 ἀήρ
943 3668 1018 3731 ἐστιν
1046 3669 1065 3752 ἢ
1089 3674 1152 3754 φῶς
1179 3669 1198 3752 ἡ
1221 3673 1292 3754 πδρ;
1320 3673 1368 3734 καλ
1395 3668 1515 3755 πότερον

259 3772 383 3858 συνεχές
406 3773 492 3848 ἐστιν,
515 3769 739 3855 ἢδιρρημένον;
762 3772 810 3834 καὶ
832 3771 858 3834 εί
881 3771 1012 3855 συνεχές,
1036 3771 1156 3854 πότερον
1179 3772 1309 3834 ἐκπίπτει
1331 3777 1470 3849 τοιοῦτον,
1493 3774 1555 3857 ᾖεν

259 3878 393 3941 ἐκπίπτει
417 3874 468 3958 μὲν
484 3873 667 3957 διῃρημένον,
692 3873 813 3937 ἐκπεσὸν
837 3874 870 3936 δὲ
884 3872 1045 3958 συμφύεται
1068 3876 1115 3937 καὶ
1135 3874 1242 3957 γίνεται
1264 3875 1396 3960 συνεχές,
1421 3878 1513 3941 ποίντα

259 3981 315 4063 γὰρ
338 3982 429 4041 ταῦτα
451 3975 554 4039 ἀτοπα.
588 3976 614 4038 εί
631 3976 682 4059 μὲν
704 3974 754 4040 οὖν
771 3977 828 4060 ἀήρ
845 3978 915 4052 ἐστι,
938 3978 967 4039 τί
981 3981 1026 4039 δεῖ
1039 3977 1125 4040 αὐτὸν
1148 3977 1292 4055 ἐκπεσεῖν,
1315 3977 1396 4048 ὄντος
1410 3990 1445 4061 γε’
1465 3982 1513 4044 καὶ

259 4082 317 4153 ἔξω
340 4081 440 4164 ἀέρος;
463 4079 489 4141 εἰ
505 4078 538 4141 δὲ
558 4084 623 4163 φῶς
646 4080 693 4142 καὶ
714 4079 774 4142 οἷον
797 4080 855 4163 ἀὴρ
875 4081 996 4163 διαυγής
1017 4080 1160 4162 (τοιοῦτον
1182 4081 1237 4164 χάρ
1259 4105 1286 4144 τι
1302 4083 1333 4144 τὸ
1356 4086 1419 4166 φῶς
1442 4081 1514 4145 εἶναι

214 4203 243 4248 ³5
258 4184 415 4267 οἰόμεθα),
443 4184 491 4246 καὶ
513 4182 606 4251 οὕτως
628 4182 680 4264 μὲν
703 4182 851 4266 περίεργος
872 4184 892 4266 ἡ
915 4180 1072 4257 ἔκπτωσις,
1100 4181 1180 4252 ὄντος
1201 4208 1235 4265 γε
1257 4186 1304 4248 καὶ
1327 4183 1383 4253 ἔξω
1405 4185 1512 4269 φωτός.

261 4291 310 4353 καὶ
333 4286 387 4371 χάρ
410 4285 479 4349 οὐδὲ
505 4283 574 4348 ἀνευ
596 4289 647 4348 τοῦ
670 4282 727 4354 ἔξω
754 4286 872 4348 δυνατὸν
901 4286 970 4368 ὁρᾶν
993 4285 1079 4348 ἐστιν.
1124 4285 1186 4349 εἶτα
1209 4286 1256 4350 διὰ
1282 4287 1310 4350 τί
1333 4287 1443 4371 νύκτωρ
1466 4289 1514 4351 καὶ

260 4391 385 4459 σκότους
406 4387 463 4472 οὐχ
478 4388 609 4472 δρῶμεν;
632 4386 702 4450 αὐτὸ
725 4387 779 4471 γὰρ
794 4389 827 4451 τὸ
842 4387 890 4451 διὰ
912 4394 969 4451 τῶν
991 4388 1154 4473 δφίλαλμῖιν
1176 4388 1314 4452 ἐκπῖπτον
1337 4395 1401 4474 φῶς
1417 4391 1514 4453 ἱκανὸν

202 4567 218 4619 5
237 4565 350 4633 διαφέρει
368 4562 410 4614 Ka
490 4561 505 4613 9
525 4558 582 4613 ιίδιι
600 4577 642 4613 ex.
662 4561 743 4612 vict:
761 4558 813 4630 ιίότ,
833 4560 898 4612 VKa
982 4559 1013 4612 10
1031 4558 1140 4631 διαφέρει
1158 4561 1199 4613 Ka
1274 4546 1378 4614 23-24'
1396 4560 1466 4631 ἀλλιρ
1485 4578 1567 4630 usqne

201 4654 235 4706 ad
255 4651 383 4722 σ’νμβολον
401 4665 451 4702 om.
470 4649 511 4701 Ka
604 4648 638 4700 24
656 4646 757 4700 δίναται
775 4647 835 4699 εἶναι
854 4645 870 4716 ἢ
889 4647 929 4698 Κο
948 4646 980 4700 τί.
1001 4648 1056 4700 Ind.
1149 4646 1372 4702 διαιτῶνται
1460 4649 1489 4702 τδ
1509 4649 1568 4723 ὁρᾶν

201 4739 322 4809 λέγοντας
340 4739 383 4791 Ka
504 4734 614 4805 γίνεσθαι
632 4752 681 4790 om.
700 4737 742 4790 Ka
859 4733 962 4787 33-34
992 4736 1012 4788 εί
1031 4735 1205 4807 μὲν-ἀέρος]
1224 4736 1256 4789 cf.
1276 4736 1318 4789 Al.
1337 4737 1369 4790 de
1388 4753 1456 4790 sens.
1476 4754 1567 4791 comm.

202 4827 351 4892 64‚10-11
463 4825 497 4878 35
525 4823 583 4894 μὲν]
603 4825 711 4878 fortasse
730 4825 799 4894 μίνιι
817 4824 861 4878 sed
881 4822 914 4877 τί.
935 4823 990 4876 lud.
1103 4823 1137 4876 36
1165 4823 1217 4876 εἶτα
1236 4823 1276 4877 διὰ
1293 4823 1318 4877 τί
1335 4824 1403 4896 κτλ]
1423 4825 1455 4878 τί.
1476 4826 1516 4878 ΑΙ.
1536 4824 1567 4880 de

202 4932 273 4971 tem.
292 4908 423 4985 ffiss-ll
