3540 5610
653 323 709 393 [DE
732 326 842 378 ANffln
867 326 967 379 LIBER
993 326 1119 396 ALTER]
1505 328 1565 391 119

260 501 280 580 ἡ
307 499 379 582 μετὰ
403 501 594 584 συγχρήσεως
620 503 677 560 τῶν
701 500 859 582 δρηανικῶν
882 504 932 562 τοὺ
960 504 1095 582 σώματος
1118 502 1224 582 μορίων
1248 500 1389 585 ἐνέργεια,
1419 503 1459 566 ὡς
1482 500 1514 561 τδ

260 604 370 673 λαλεῖν,
393 601 426 663 τὸ
444 600 577 684 βαδίζειν,
601 602 633 663 τὸ
649 605 711 669 ταῖς
733 603 820 686 χερσί
840 625 866 664 τι
882 602 1015 684 ἐνεργεῖν,
1039 601 1092 663 οὐκ
1113 600 1148 664 ἂν
1164 601 1209 684 εἴη
1233 604 1265 665 τύ
1281 604 1404 687 θεωρεῖν
1426 604 1515 686 προίσ·

260 724 322 766 σειν
345 703 468 766 οὐδὲτὸ
491 708 577 771 νοεῖν,
601 705 677 766 ὥστε
699 703 767 766 οὐδὲ
790 705 821 766 τύ
846 706 969 787 κριτικὸν
992 703 1154 786 πρακτικὸν.
1200 702 1241 767 ἔτι
1265 706 1291 767 εἰ
1313 710 1363 768 τοὺ
1385 707 1515 787 αἰσθητι·

260 809 315 868 κοῦ
337 806 371 869 τύ
387 805 469 874 τέλος
493 806 671 889 θεωρητὶκὸν
695 806 835 890 (κριτικὸν
850 807 928 890 γάρ),
953 793 1154 889 διὰσώματος
1171 808 1266 889 μέντοι
1290 807 1417 888 (διὸκαὶ
1441 809 1514 892 μετὰ

231 908 399 989 σπάθους),
422 912 473 971 τοὺ
489 910 521 970 δὲ
544 911 703 993 ὁρμητικοῦ
726 909 759 971 τὸ
775 908 857 978 τέλος
879 910 1033 991 πρακτικὸν
1056 910 1105 972 καὶ
1127 910 1156 972 αἱ
1178 908 1303 992 πράξεις,
1325 911 1455 995 διαφέροι
1479 909 1513 972 ἂν

260 1015 353 1075 ταῦτα
375 1012 423 1074 καὶ
446 1016 489 1096 τῷ
513 1011 597 1073 τέλει.
636 1013 683 1074 καὶ
708 1017 750 1095 τῷ
775 1012 815 1095 μὴ
832 1012 1056 1074 ἀντακολουθεῖν
1079 1012 1111 1074 δὲ
1135 1011 1210 1095 μηδὲ
1232 1011 1294 1094 ἅμα
1312 1011 1402 1096 ἄμφω
1426 1037 1514 1097 παρα·
1530 1029 1556 1069 1⁰

258 1106 391 1195 γίνεσθαι
414 1113 462 1176 καὶ
485 1117 527 1198 τῷ
550 1115 686 1196 ἡγεῖσθαι
709 1115 743 1176 τύ
765 1114 934 1195 αἰσθητικὸν
960 1115 1009 1176 καὶ
1032 1119 1073 1198 τῷ
1098 1115 1138 1198 μὴ
1162 1115 1208 1176 αἰεὶ
1231 1119 1267 1197 τῇ
1291 1115 1429 1200 αἰσθήσει
1452 1117 1514 1178 ἕπε·

261 1218 331 1279 σθαι
355 1217 407 1299 τὴν
431 1217 540 1298 ὁρμήν,
571 1217 682 1301 καὶτῷ
714 1215 759 1279 ἀεὶ
782 1217 834 1299 τὴν
858 1218 966 1300 ὁρμήν,
994 1216 1042 1280 ὅτε
1065 1215 1099 1279 ἂν
1121 1217 1251 1299 γένηται,
1284 1217 1356 1298 μετὰ
1379 1217 1514 1303 αἴσθησιν

260 1320 401 1400 γίνεσθαι.
439 1317 562 1390 ,ἔστιδὲ
589 1323 639 1382 τοὺ
663 1298 812 1402 δρεκίικοὺ
839 1320 887 1383 καὶ
913 1324 964 1381 τοὺ
988 1320 1146 1403 ὁρμητικοῦ
1174 1319 1206 1382 τὸ
1234 1343 1264 1382 τε
1286 1320 1439 1401 ἐπιθυμεῖν
1468 1322 1515 1384 καὶ

217 1438 245 1481 10
259 1423 293 1486 τὸ
318 1421 484 1503 θυμοῦσθαι
507 1423 554 1484 καὶ
575 1421 608 1484 τδ
624 1422 791 1506 βούλεσθαι.
828 1420 870 1485 ἔτι
893 1424 940 1485 καὶ
965 1424 995 1485 τὸ
1011 1422 1125 1503 λοηικύν
1147 1421 1282 1504 κριτικόν,
1305 1424 1352 1485 καὶ
1375 1426 1416 1492 ὡς
1431 1422 1515 1505 ηηόὑ-

261 1523 347 1606 μενὸν
370 1531 412 1607 ηεξ
456 1529 507 1586 τοῦ
530 1523 583 1606 γὰρ
612 1516 738 1606 κριτικοὺ
760 1525 872 1605 ἡγεῖται
902 1526 954 1608 μὲν
981 1526 1013 1587 τὸ
1036 1523 1164 1606 λοηικὸν,
1194 1526 1209 1588 ὁ
1233 1525 1281 1587 καὶ
1309 1525 1440 1608 νοητικὸν
1466 1548 1514 1586 κα-

258 1633 378 1710 λοῦμεν.
423 1627 524 1690 ἕπεται
546 1628 578 1689 δὲ
601 1628 648 1689 καὶ
676 1625 865 1689 ὑποτέτακται
892 1627 924 1689 τὸ
947 1626 1131 1711 αἰσθητικόν,
1159 1626 1193 1689 οὑ
1214 1628 1263 1690 καὶ
1289 1628 1322 1689 τὸ
1344 1630 1514 1711 φαντασιοὺ·

260 1734 331 1793 σθαι
354 1730 457 1792 καὶτὸ
481 1729 741 1811 συγκατατίθεσθαι
764 1731 811 1791 καὶ
834 1731 866 1792 τύ
890 1729 1089 1814 μνημονεύειν.
1134 1729 1177 1792 ὁτι
1200 1730 1231 1792 δὲ
1254 1731 1301 1792 καὶ
1325 1731 1343 1812 ἡ
1368 1731 1448 1812 κοινὴ
1472 1728 1514 1792 αί·
1529 1744 1555 1785 n,

265 1836 369 1917 σθησις
391 1832 466 1915 οἵλλη
494 1833 571 1915 παρὰ
600 1831 650 1900 τὰς
678 1831 861 1905 καθέκαστα,
892 1835 980 1916 δῆλον
1003 1833 1036 1895 ἐκ
1062 1837 1113 1894 τοὺ
1140 1832 1172 1894 τὸ
1200 1833 1269 1916 ὁρᾶν
1297 1832 1437 1915 αἰσθητὸν
1461 1833 1513 1915 μὲν

216 1953 244 1996 15
259 1936 349 2010 εἶναι,
379 1936 419 2018 μὴ
444 1935 546 2019 ὁρατὸν
575 1933 616 1997 δέ.
662 1934 771 2015 ὁμοίως
792 1935 840 1998 καὶ
863 1935 910 1997 ἐπὶ
938 1940 995 1997 τῶν
1022 1934 1128 1997 ἄλλων.
1174 1932 1270 1997 ἔτιδὲ
1297 1935 1312 1997 ὁ
1337 1935 1514 2019 θεωρητικὸς

259 2043 328 2108 νοῦς
350 2037 404 2101 οὐκ
426 2035 487 2101 ἔστι
508 2038 573 2121 περὶ
596 2037 631 2099 τὰ
654 2039 805 2120 πρακτικοί,
828 2038 897 2101 οὐδὲ
918 2039 984 2122 περὶ
1006 2037 1042 2100 τὰ
1064 2037 1164 2120 αἱρετὰ
1187 2039 1235 2100 καὶ
1256 2039 1378 2122 φευκτά.
1417 2034 1458 2099 ἔτι
1481 2038 1513 2099 τύ

261 2140 308 2224 ἐφ’
337 2143 407 2224 ημῖν
430 2140 460 2202 ἐν
486 2145 529 2226 τῷ
558 2140 691 2222 πράττειν
719 2141 767 2203 καὶ
795 2139 825 2202 ἐν
849 2140 1029 2225 προαιρέσει,
1056 2138 1123 2203 οὐτε
1150 2140 1182 2202 δέ
1210 2141 1239 2203 ἐν
1262 2145 1305 2225 τῷ
1329 2140 1422 2224 ὁρμᾶν
1449 2138 1515 2202 οὐτε

262 2244 292 2306 ἐν
321 2247 364 2328 τῳ
394 2242 653 2324 συγκατατίθεσθαι
681 2241 748 2306 οὑτε
775 2244 805 2306 ἐν
831 2247 874 2328 τῳ
900 2238 1132 2326 Ιφαντασιοὺσθοιι
1160 2241 1227 2306 οὐτε
1254 2243 1284 2305 ἐν
1310 2248 1354 2329 τῳ
1382 2243 1515 2305 αἰσθάνε·

259 2347 339 2409 σθαι.
374 2342 434 2406 ἀλλ’
462 2343 530 2407 οὐδὲ
550 2345 581 2406 ἐν
605 2351 646 2429 τῷ
670 2350 793 2429 φυσικῷ.
831 2342 873 2408 ἔτι
895 2346 969 2409 κατὰ
991 2347 1024 2408 τύ
1049 2346 1196 2430 ὁρεκτικὸν
1220 2346 1276 2409 ὑπὸ
1299 2352 1399 2431 ψυχῆς
1421 2346 1513 2409 κινοὺ-

210 2466 243 2512 α)
258 2450 348 2533 μεθα,
371 2448 405 2511 οὐ
428 2447 503 2510 κατὰ
524 2446 615 2531 ἄλλην
638 2448 701 2512 τινὰ
723 2448 851 2531 δὺναμιν,
875 2449 953 2512 ὥστε
974 2448 1049 2533 ἄλλη
1072 2450 1145 2533 αὕτη
1169 2449 1296 2512 ἐκείνων.

568 2666 640 2735 Ότι
662 2669 725 2733 οὐκ
746 2669 781 2732 ἐν
805 2669 1027 2755 ὑποκειμένῳ
1050 2672 1068 2754 ἡ
1092 2673 1198 2757 ψυχή.
1527 2686 1555 2726 2⁰

345 2841 431 2924 Λέηει
447 2842 507 2928 μὲν
529 2841 578 2904 καὶ
596 2840 799 2926 Ἀριστοτέλης
822 2841 852 2904 ἐν
875 2846 936 2909 ταῖς
960 2838 1164 2924 Κατηγορίαις,
1194 2843 1336 2926 μηδεμίαν
1359 2842 1457 2905 οὐσίαν
1481 2841 1510 2905 ἐν

257 2951 303 3029 τῳ
327 2944 510 3028 ὑποκειμένῳ
533 2943 615 3007 εἶναι.
653 2944 740 3017 ὥστε,
763 2945 789 3006 εί
810 2969 829 3027 η-
853 2946 933 3029 ψυχη
951 2945 1044 3020 οὐσία,
1067 2944 1120 3008 οὐκ
1144 2943 1177 3009 ἂν
1200 2945 1247 3029 εἴη
1270 2946 1300 3008 ἐν
1317 2945 1510 3029 ὑποκειμένῳ.

257 3047 336 3111 ἀλλὰ
358 3048 422 3111 ἐπεὶ
437 3048 508 3131 πρὸς
530 3051 614 3110 τοῦτο
637 3046 754 3110 δὺναται
769 3047 916 3129 λέγεσθαι,
940 3050 980 3115 ῶς
995 3049 1059 3131 περὶ
1083 3054 1139 3110 τῶν
1163 3048 1268 3112 οὐσιῶν
1291 3046 1440 3130 εἰρηκότος
1462 3045 1510 3108 αὐ-

211 3156 311 3215 εστοὺ
338 3150 448 3214 τοὺτων
476 3151 517 3212 ῶν
544 3148 757 3234 ἐμνημὸνευσεν
784 3150 813 3213 ἐν
841 3154 904 3219 ταῖς
934 3149 1124 3234 Κατηγορίαις
1149 3149 1248 3233 (αὐτοι
1276 3150 1308 3214 δέ
1330 3151 1400 3213 εἰσιν
1429 3151 1449 3233 ἥ
1479 3172 1512 3212 τε

257 3255 368 3339 ἄτομος
390 3255 439 3317 καὶ
461 3254 493 3316 τδ
515 3252 592 3321 εἶδος
614 3253 662 3315 καὶ
684 3252 841 3334 τὸγένος),
864 3252 960 3315 οὐκέτι
983 3254 1016 3315 δὲ
1038 3255 1102 3337 περὶ
1125 3258 1177 3337 τῆς
1200 3254 1271 3336 ὑλης
1294 3253 1341 3314 καὶ
1364 3257 1416 3336 τῆς
1438 3251 1512 3315 κατὰ
1526 3267 1553 3309 ιο

257 3359 294 3420 τὸ
315 3355 391 3426 εἶδος
413 3355 514 3424 οὐσίας
535 3354 650 3440 εἴρηκεν
676 3354 729 3437 (τη
752 3355 805 3438 γὰρ
827 3354 912 3438 οὐσία
935 3355 1049 3440 εἴρηκεν
1078 3357 1140 3419 ἐκεῖ
1162 3357 1251 3440 μηδὲν
1279 3354 1403 3418 ἐναντίον
1426 3354 1510 3431 εἶναι,

257 3461 353 3524 καίτοι
374 3458 531 3542 λέγων,τῳ
555 3456 626 3521 εἴδει
648 3463 690 3541 τῷ
713 3462 826 3542 φυσικῷ
852 3457 936 3541 οὐσία
959 3456 1018 3520 ὄντι
1040 3460 1092 3542 τὴν
1116 3458 1248 3543 στέρησιν
1271 3457 1413 3532 ἐναντίαν,
1437 3457 1512 3519 ἀλλὰ

257 3563 378 3626 ἐκείνων
400 3584 434 3643 γε
459 3565 516 3623 τῶν
543 3559 649 3623 οὐσιῶν
676 3558 798 3644 οὐδεμιᾷ
825 3560 949 3624 ἐναντίον
974 3560 1056 3623 οὐδὲν
1079 3561 1144 3646 ἦν),
1171 3561 1242 3646 φέρε
1264 3560 1314 3625 οὐν
1342 3557 1527 3623 αὐτὸκαθ’·

216 3682 244 3726 ω
258 3665 331 3729 αὑτύ
354 3663 599 3748 ἐπισκεψώμεθα,
622 3662 648 3726 εἰ
670 3660 730 3725 οἷὸν
753 3661 785 3724 τέ
807 3662 893 3739 ἐστιν,
917 3663 947 3726 ἐν
970 3664 1153 3749 ὑποκειμένῳ
1176 3664 1321 3747 εἶναιτὴν
1345 3663 1444 3747 ψυχὴν
1467 3668 1510 3746 τῷ

258 3771 390 3850 σώματι,
419 3792 438 3850 η
461 3765 537 3835 ὅλως
560 3767 592 3830 τὸ
618 3764 694 3834 εἶδος
721 3765 751 3827 ἐν
776 3769 813 3846 τῇ
837 3766 902 3848 ὑλη.
948 3768 1061 3851 μήποτε
1084 3765 1133 3829 οὖν
1157 3767 1244 3835 ἄλλος
1269 3789 1311 3835 τις
1333 3766 1437 3849 τρὸπος
1460 3770 1510 3827 τοὺ

256 3869 288 3934 ἔν
316 3893 369 3932 τινι
396 3869 476 3953 παρὰ
501 3869 535 3931 τὸ
562 3869 592 3931 ἐν
622 3867 804 3952 ὑποκειμένῳ
832 3869 907 3930 ἐστὶν
936 3870 951 3931 ὁ
978 3873 1028 3932 τοὺ
1056 3872 1096 3938 ῶς
1125 3869 1200 3938 εἶδος
1227 3869 1256 3932 ἐν
1284 3870 1349 3952 ὑλη.
1395 3867 1428 3930 οὐ
1456 3868 1510 3950 γὰρ

257 3973 320 4036 οἷόν
343 3995 376 4036 τε
397 3972 430 4034 τὸ
452 3970 530 4039 εἶδος
551 3971 581 4034 ἐν
605 3971 661 4053 ὕλη
685 3972 726 4038 ῶς
748 3970 778 4032 ἐν
801 3969 982 4054 ὑποκειμένῳ
1006 3969 1092 4047 εἶναι,
1115 3970 1147 4034 εἴ
1163 3995 1197 4053 ηε
1219 3973 1251 4035 τὸ
1276 3972 1306 4034 ἐν
1329 3969 1510 4057 ὑποκειμένῳ
1525 3987 1553 4029 ου

257 4076 351 4151 ἐστίν,
383 4072 457 4138 ὁ.ἔν
480 4098 532 4136 τινι
560 4076 599 4157 μὴ
628 4076 669 4143 ὡς
692 4073 778 4156 μέρος
806 4072 838 4136 ὁν
860 4072 999 4135 αἰὂὺνατον
1026 4075 1118 4159 χωρὶς
1144 4073 1216 4136 εἶναι
1242 4077 1293 4136 τοὺ
1320 4073 1349 4136 ἐν
1379 4069 1405 4157 ᾧ
1436 4073 1510 4137 ἐστιν

214 4182 318 4262 ου(δεῖ
343 4178 398 4262 γὰρ
424 4178 458 4240 τὸ
487 4176 673 4259 ὑποκείμενον
695 4181 737 4260 τῷ
761 4177 791 4238 ἐν
814 4175 995 4260 ὑποκειμένῳ
1019 4175 1079 4240 ὑντι
1101 4178 1167 4241 τὸδε
1194 4201 1220 4239 τι
1243 4175 1345 4258 εἶναι),
1373 4175 1456 4238 οὐδὲν
1480 4177 1512 4239 δὲ

215 4284 430 4294 ....—-—--...--
440 4284 465 4289 --
476 4282 610 4289 —-.—.—

204 4319 237 4372 10
255 4318 285 4371 τὸ
299 4325 361 4370 ante
375 4313 508 4386 βυὸλιτθαι
526 4330 576 4367 οω.
596 4330 611 4366 a
684 4313 713 4365 17
733 4311 811 4386 ὁρμᾶν
825 4314 860 4367 V:
880 4312 969 4387 ὁρᾶνιι
1040 4313 1071 4365 21
1092 4313 1129 4367 cf.
1145 4313 1288 4367 Alexandri
1301 4317 1401 4382 quaest.
1414 4316 1469 4364 nat.
1485 4312 1525 4375 l‚8
1539 4318 1565 4365 nt

203 4407 263 4472 l‚l'l
336 4403 370 4456 22
389 4402 459 4455 καὶὸ
476 4403 518 4454 Ka
588 4401 612 4453 ἐν
631 4409 683 4460 ταῖς
696 4397 876 4472 Κατηγορίαις]
896 4402 942 4454 Ar.
955 4403 1010 4455 eat.
1023 4400 1103 4466 5,3·7
1177 4400 1210 4452 93
1228 4403 1266 4470 τῷ
1284 4400 1376 4452 οω.Κ
1448 4399 1563 4458 ὡςένΚ

201 4493 236 4547 25
256 4492 294 4545 ῶν
312 4507 365 4545 οω.
382 4491 423 4543 Ka
528 4489 545 4559 ἠ
564 4507 591 4541 τε
609 4490 644 4542 V:
664 4489 730 4559 εἴγε
749 4490 790 4542 Ka
881 4480 929 4542 ‘26
948 4488 1033 4541 οὐκέτι
1051 4487 1089 4557 δὲ]
1109 4488 1140 4541 de
1158 4488 1314 4540 οιιαοολυιλιο
1333 4486 1365 4540 cf.
1385 4486 1516 4555 nnnnln

201 4581 236 4633 ’ἴτ’
257 4577 356 4649 ιίρηκιν
375 4576 437 4644 ἐκεῖ]
458 4579 501 4630 Αι.
515 4577 570 4629 eat.
583 4575 608 4629 ὁ.
628 4576 704 4628 3b24
811 4577 845 4630 28
864 4576 945 4628 καίτοι
963 4575 1055 4645 λέγων]
1076 4578 1179 4644 saepius
1198 4575 1230 4628 cf.
1249 4575 1306 4626 lnd.
1325 4574 1370 4626 Ar.
1389 4574 1546 4643 Tonanosq.

201 4669 237 4721 29
256 4667 299 4719 υὸν
319 4682 370 4718 οω.
388 4666 429 4718 Ka
521 4664 551 4716 31
572 4681 610 4720 τις
627 4663 718 4735 τρόπος
738 4665 772 4716 V:
790 4681 827 4721 τις
844 4663 921 4721 τόπος
940 4663 974 4715 K:
995 4681 1019 4715 τι
1037 4663 1113 4721 τόπος
1129 4680 1146 4715 υ
1237 4661 1270 4715 35
1290 4661 1456 4729 parenthesin
1475 4663 1565 4729 posuit

109 4792 116 4807 .
200 4757 334 4809 Usenerus
405 4770 430 4803 τι
442 4750 504 4803 εἶναι
515 4749 587 4802 οὐδὲν
600 4749 626 4802 δὲ
640 4751 675 4816 (τι
687 4767 765 4818 ευριπ
776 4766 877 4803 versum
890 4769 929 4803 ναι
941 4769 970 4803 ου
983 4753 1011 4803 in
1026 4767 1104 4820 marg.
1118 4751 1159 4803 ὁὲν
1172 4749 1198 4802 δὲ
1211 4751 1238 4802 ἰιι
1253 4736 1291 4802 liti
1304 4750 1340 4801 m¹
1354 4749 1409 4801 sive
1422 4754 1472 4800 vet.
1487 4750 1563 4814 corr.)

201 4843 268 4895 VK&
334 4838 406 4893 οὐδὲν
419 4836 445 4890 ὐέ
458 4836 525 4906 κτλ]
541 4856 632 4903 „neque
646 4838 786 4903 quidquam,
800 4839 823 4888 si
835 4840 958 4902 referatur
970 4837 1043 4910 (πρὸς
1054 4839 1094 4904 τὸ)
1107 4839 1142 4889 ad
1155 4839 1272 4890 υιίιιιιίειιι
1286 4837 1436 4888 existentium
1449 4837 1563 4910 definilae

201 4929 338 5001 qualitatis,
357 4927 428 4979 etiam
442 4938 512 4978 extra
531 4924 565 4989 id,
584 4926 608 4976 in
628 4943 674 4993 quo
692 4925 772 4977 inesse
791 4925 887 4985 dicitur,
905 4927 1037 5000 separatim
1050 4927 1136 4996 forma
1155 4924 1230 4994 [corr.
1249 4924 1324 4995 εἶδος]
1344 4926 1401 4976 est!
1433 4924 1563 4998 Usenems
