3540 5610
223 294 283 372 17'8
541 298 743 362 araxorum
766 301 810 362 oo
833 302 942 362 iurari
965 303 1059 363 oraru
1081 304 1252 364 ururrssr

274 481 428 544 σκάπτοντι
450 481 524 545 κατὰ
546 482 711 566 προαίρεσιν
737 486 789 545 τοῦ
811 487 952 568 φυτεῦσαι
977 485 1064 568 χάριν
1087 483 1121 547 ἂν
1144 484 1298 569 ἀπαντήσῃ
1322 485 1355 548 ἐκ
1377 489 1428 548 τοῦ
1456 487 1522 550 σκά-

273 606 352 646 πτειν
368 585 522 670 θησαυροῦ
541 608 616 654 τινος
638 585 759 669 εύρεσις,
782 586 840 648 άπδ
863 586 955 671 τύχης
977 587 1071 670 φαμὲν
1093 587 1146 669 τὴν
1161 588 1273 672 εὕρεσιν
1295 591 1347 650 τοῦ
1369 587 1521 672 θησαυροῦ

271 687 431 769 γεγονέναι·
466 687 518 751 οὐκ
540 689 598 750 άπὸ
625 688 718 772 τύχης
740 686 782 765 δέ,
810 689 836 750 εἰ
861 689 963 751 τούτου
991 689 1076 773 χάριν
1105 687 1254 753 ἔσκαπτεν.
1299 689 1365 754 τότε
1393 691 1522 776 μὲνγὰρ

175 812 179 819 ’
272 787 306 850 ἂν
329 787 364 873 ἧν
388 789 421 853 οὐ
444 790 519 855 κατὰ
541 792 726 877 συμβεβηκὸς
747 790 780 852 τδ
803 792 939 854 σκάπτειν
962 797 1014 875 τῆς
1036 791 1180 876 εὑρέσεως
1203 790 1306 868 αίπυν,
1329 794 1428 877 ὥσπερ
1451 794 1519 857 οὐδὲ

245 890 305 952 οτδ
327 896 477 974 φυτεῦσαι,
505 897 553 956 νῦν
581 895 613 956 δὲ
640 895 713 956 κατὰ
739 891 934 977 συμβεβηκός,
962 893 996 956 οὐ
1023 893 1076 978 γὰρ
1103 895 1206 958 τούτου
1229 895 1314 980 χάριν
1336 895 1455 979 ἐγίνετο.
1500 897 1520 979 ἡ

270 998 338 1076 γοῦν
360 995 437 1080 τύχη
465 995 528 1059 ἐστὶ
553 996 585 1059 τὸ
612 996 686 1058 κατὰ
711 996 876 1080 προαίρεσιν
898 994 1055 1078 γινόμενον,
1089 995 1157 1059 ὅταν
1184 994 1274 1059 αίτιύν
1300 1020 1375 1066 τινος
1401 997 1519 1083 γένηται
1533 1016 1561 1058 ιο

272 1097 346 1161 κατὰ
368 1099 561 1184 συμβεβηκός,
589 1097 721 1183 άύριστον
744 1098 776 1161 δὲ
800 1098 845 1161 ἀεὶ
867 1096 955 1161 αἴτιον
979 1100 1072 1168 οῦτως
1093 1098 1126 1162 τύ
1148 1122 1223 1168 τινος
1244 1100 1329 1184 χάριν
1352 1100 1518 1185 γιγνόμενον

270 1200 402 1282 γίγνοιτο,
425 1202 473 1263 καὶ
496 1199 542 1284 είη
566 1200 600 1264 ἂν
622 1203 641 1285 ἡ
665 1203 740 1286 τύχη
764 1201 839 1264 αἰτία
860 1200 935 1263 κατὰ
958 1200 1153 1287 συμβεβηκός·
1190 1201 1246 1287 οὐχ
1268 1203 1370 1271 ἁπλῶς
1386 1202 1430 1279 δέ,
1452 1202 1513 1267 ἀλλ’

268 1302 298 1364 ἐν
326 1309 384 1372 τοῖς
412 1307 572 1389 ποιητικοῖς
598 1307 657 1373 τοῖς
683 1303 770 1368 ἕνεκά
797 1327 848 1367 του
874 1304 1059 1386 γιγνομένοις,
1090 1305 1137 1367 καλ
1163 1305 1273 1368 τούτων
1300 1304 1331 1367 έν
1357 1310 1418 1373 τοῖς
1445 1307 1519 1369 κατὰ

230 1421 256 1465 10
270 1407 443 1490 προαίρεσιν.
488 1407 522 1470 οὐ
544 1406 598 1491 γὰρ
620 1407 741 1490 λέγομεν
763 1408 797 1470 τδ
819 1407 877 1469 ἀπδ
892 1406 986 1491 τύχης
1007 1405 1037 1468 ἐν
1059 1411 1117 1475 τοῖς
1134 1407 1206 1470 κατὰ
1228 1408 1313 1491 φύσιν
1331 1407 1517 1490 γιγνομένοις,

267 1509 334 1572 ὅταν
357 1508 430 1573 ἄλλο
451 1534 478 1573 τι
503 1510 582 1594 παρὰ
607 1510 657 1573 τὸν
685 1515 737 1593 τῆς
761 1510 879 1594 φύσεως
907 1509 1014 1572 σκοπδν
1042 1509 1168 1593 γένηται,
1202 1510 1301 1593 ὥσπερ
1328 1511 1364 1573 τά
1395 1509 1515 1595 τέρατα·

268 1614 315 1675 καὶ
337 1613 390 1697 γὰρ
412 1613 521 1677 τούτων
544 1613 605 1676 ἐστὶ
628 1613 681 1696 μὲν
702 1612 735 1675 τδ
758 1612 843 1696 φύσει
865 1611 1028 1695 γιγνόμενον
1044 1612 1117 1673 κατὰ
1140 1613 1323 1697 συμβεβηκὸς
1344 1612 1448 1676 αἴτιον·
1484 1614 1517 1677 οὐ

268 1716 324 1799 μὴν
347 1716 439 1800 τύχης
461 1720 555 1779 τοῦτο.
600 1713 665 1778 ἀλλ’
693 1713 754 1778 οὐδ’
783 1716 823 1776 ὧν
850 1714 886 1776 τὰ
908 1714 982 1777 κατὰ
1003 1713 1109 1799 τέχνην
1136 1713 1287 1798 χιχνύμενα
1314 1716 1389 1778 κατὰ
1410 1717 1515 1800 συμβε-
1530 1735 1559 1776 ιτ»

267 1818 357 1902 βηκὸς
379 1817 456 1882 αἴτια
477 1819 593 1900 γίνεται,
616 1821 657 1886 ὡς
678 1818 726 1880 ἐπὶ
747 1821 784 1901 τῇ
808 1823 866 1879 τῶν
889 1816 1080 1901 διαστρόφων,
1103 1817 1172 1879 οὐδὲ
1194 1816 1242 1880 ἐπὶ
1263 1819 1372 1882 τούτων
1395 1819 1414 1902 ἡ
1438 1820 1514 1905 τύχη

230 1936 253 1980 ιυ
269 1921 320 2004 τὴν
343 1922 433 1984 αἰτίαν
456 1919 530 2006 ἔχει.
575 1921 605 1983 έν
627 1925 687 1989 τοῖς
709 1920 961 2003 κατὰπροαίρεσιν
984 1918 1049 2004 ἄρα,
1073 1924 1114 1989 ύς
1131 1918 1251 2006 ἔφαμεν.
1296 1919 1365 1983 ὅταν
1389 1921 1442 2003 μὲν
1465 1921 1514 1986 οὖν

266 2025 299 2087 τδ
321 2023 485 2106 γιγνόμενον
508 2022 581 2086 κατὰ
607 2023 771 2107 προαίρεσιν
795 2022 888 2092 δεξιοῦ
910 2045 985 2090 τινος
1011 2023 1294 2108 κατὰ’συμβεβηκδς
1320 2021 1409 2086 αἴτιον
1431 2025 1512 2108 γένη-

264 2151 319 2202 ται,
343 2130 383 2196 ὡς
404 2128 437 2190 τδ
460 2128 596 2190 σκάπτειν
619 2131 671 2209 τῆς
693 2125 836 2209 εὑρέσεως
857 2129 908 2188 τοῦ
931 2126 1094 2209 θησαυροῦ,
1117 2124 1252 2209 εὐτυχίαν
1273 2129 1356 2189 τοῦτο
1378 2125 1511 2209 λέγομεν,

267 2228 334 2292 ὅταν
358 2230 390 2293 δὲ
412 2230 535 2315 φαύλου,
558 2230 729 2314 δυστυχίαν·
765 2229 825 2291 οἷον
848 2228 874 2290 εἰ
897 2229 1033 2290 σκάπτων
1061 2226 1117 2289 ύπύ
1139 2251 1215 2297 τινος
1237 2227 1359 2312 ἑρπετοῦ
1382 2229 1510 2315 δηχθείη

263 2356 305 2402 τις
326 2332 357 2395 ἐν
380 2331 462 2418 αὐτῷ
484 2337 527 2417 τῷ
544 2333 680 2395 σκάπτειν
703 2330 880 2415 εὑρεθέντος,
904 2330 957 2393 οὐκ
979 2329 1060 2398 ὄντος
1082 2329 1247 2415 ἐπιτηδείου
1268 2330 1321 2413 τὴν
1342 2330 1440 2401 άλλως
1462 2337 1513 2395 τοῦ

223 2451 249 2496 νυ
264 2434 353 2499 τύπου
376 2436 447 2520 πρὸς
469 2435 576 2520 ἑρπετὰ
597 2437 728 2497 τοιαῦτα·
764 2434 789 2496 εἰ
811 2433 866 2516 γὰρ
895 2432 1027 2516 πλήθους
1055 2431 1136 2501 ὄντος
1158 2433 1286 2518 ἑρπετῶν
1314 2432 1364 2496 ύδε
1387 2435 1513 2519 ὤρυττεν
1527 2452 1556 2494 ου

262 2538 490 2624 ἀπερισκέπτως,
517 2538 551 2601 οὐ
573 2538 649 2622 τύχη
672 2535 766 2620 τούτῳ
789 2540 841 2618 τῆς
863 2540 975 2619 πληγῆς
1001 2536 1087 2611 αἰτία,
1121 2534 1186 2598 ἀλλ’
1213 2537 1334 2621 ἀβουλία
1355 2561 1398 2606 τις
1420 2538 1514 2601 οἰκεία

263 2644 311 2705 καὶ
333 2641 521 2726 άπρονοησία.
565 2641 612 2703 καὶ
635 2640 668 2702 τὸ
692 2639 743 2720 μὲν
766 2643 818 2720 τῆς
839 2638 932 2723 τύχης
958 2637 1087 2701 τοιοῦτόν
1108 2661 1140 2701 τε
1163 2639 1212 2701 καλ
1232 2639 1325 2708 οὕτως
1346 2638 1446 2717 αίτιον,
1477 2641 1510 2704 τδ

262 2745 294 2807 δὲ
316 2743 478 2826 αὐτόματον
505 2741 611 2806 εἴωθεν
634 2743 686 2824 μὲν
712 2742 760 2804 καὶ
788 2740 835 2803 ἐπὶ
857 2745 915 2803 τῶν
942 2740 999 2804 άπδ
1026 2741 1119 2824 τύχης
1145 2741 1318 2824 γιγνομένων
1344 2747 1511 2826 κατηγορεῖ-

263 2848 341 2922 σθαι,
371 2846 405 2909 οὐ
429 2847 487 2930 μὴν
510 2845 585 2909 ἀλλὰ
607 2847 715 2927 μᾶλλον
738 2843 786 2905 ἑπλ
808 2847 866 2905 τῶν
889 2843 983 2928 φύσει.
1028 2841 1172 2927 ὅτανγὰρ
1195 2847 1237 2928 τῷ
1260 2843 1402 2930 γινομένῳ
1425 2846 1511 2930 φύσει

221 2948 331 3013 νεάλλο
346 2973 372 3012 τι
388 2948 626 3032 ἐπακολουθηση,
649 2945 724 3008 ἀλλὰ
747 2946 787 3028 μὴ
811 2945 844 3007 τδ
860 2943 894 3006 ού
916 2946 1001 3028 χάριν
1024 2944 1142 3026 ἐγίνετο,
1164 2944 1338 3028 αὐτομάτως
1358 2951 1443 3011 τοῦτο
1466 2947 1510 3010 λέ-

261 3076 349 3137 γομεν
371 3049 525 3134 γεγονέναι,
553 3052 650 3133 ὥσπερ
674 3049 710 3111 τὰ
730 3048 845 3133 τέρατα.
891 3045 958 3109 ὅταν
984 3047 1037 3130 γὰρ
1066 3049 1107 3131 μὴ
1129 3046 1164 3110 ού
1193 3050 1279 3133 χάριν
1301 3048 1401 3118 τέλους
1421 3050 1509 3132 χύμε-

260 3180 306 3219 ται
327 3157 361 3219 τδ
382 3152 556 3240 χιχνύλμενον
578 3153 664 3238 φύσει
686 3151 814 3234 γένηται,
841 3150 1004 3234 μάτηνκαὶ
1026 3149 1097 3212 αὐτὸ
1120 3149 1240 3233 λέγομεν
1262 3151 1417 3235 γεγονέναι,
1444 3155 1493 3217 καὶ
1515 3169 1564 3214 loir

259 3260 293 3322 τδ
321 3259 563 3342 ἑπακολυυθησαν
590 3255 682 3340 αὐτῷ,
714 3253 757 3317 ὅτι
786 3254 860 3316 κατὰ
887 3252 1070 3337 συμβεβηκὸς
1097 3251 1186 3315 αἴτιον
1214 3255 1245 3317 τδ
1273 3256 1367 3339 μάτην
1394 3256 1510 3339 χεγονύς

261 3360 353 3438 ἐστιν,
387 3362 559 3444 αὐτομάτως
584 3358 678 3442 φαμὲν
704 3356 859 3440 χεχονέναι
901 3357 948 3418 καὶ
976 3355 1078 3424 ἁπλῶς
1108 3360 1165 3418 πᾶν
1190 3357 1223 3419 τδ
1253 3361 1297 3444 τῷ
1324 3358 1399 3421 κατά
1424 3358 1509 3442 φύσιν

219 3479 247 3524 ao
261 3465 505 3548 ἐπακολουθῆσαι
527 3461 698 3545 γιγνομένῳ,
727 3459 781 3522 οὐκ
804 3459 835 3522 δν
863 3456 896 3522 ού
924 3459 1009 3542 χάριν
1034 3456 1170 3540 ἐγίγνετο,
1196 3459 1369 3542 αὐτομάτως
1395 3459 1507 3544 λέγεται

205 3688 221 3741 3
249 3687 271 3740 εί
289 3687 365 3739 Vlla:
384 3685 440 3755 ηΟ
564 3688 580 3736 4
608 3683 639 3736 ἂν
658 3700 707 3737 ουι.
727 3684 763 3737 Ga
885 3684 901 3735 7
929 3682 1042 3754 ἀόριστον
1061 3683 1165 3750 scripsi:
1190 3645 1297 3755 άυρίστίύ
1316 3684 1352 3736 V:
1377 3683 1485 3758 άορίστιμ
1505 3687 1561 3738 HG:

204 3775 311 3847 άορίστω
325 3791 351 3826 a:
373 3771 495 3844 ἀορίστως
507 3772 595 3824 Bloch.
626 3772 658 3824 of.
670 3772 699 3823 τὸ
719 3773 764 3839 μὲν
783 3770 826 3823 οὖν
845 3769 906 3823 καθ’
921 3769 982 3823 αῦτδ
1000 3769 1078 3822 αῐτιον
1096 3769 1240 3838 ὡρισμένον,
1259 3770 1287 3824 τὸ
1307 3770 1333 3823 δὲ
1351 3773 1418 3825 κατὰ
1436 3774 1562 3844 συμβεβη-

203 3863 249 3920 κὸς
267 3861 380 3933 ἀόριστον
399 3861 443 3912 Ατ.
462 3875 533 3911 ausc.
552 3861 626 3928 phys.
646 3860 687 3925 25
709 3859 815 3912 roobia
921 3859 1007 3911 9-10
1024 3858 1068 3909 καὶ
1086 3856 1379 3928 τούτων-γιγνομένοις
1398 3874 1448 3913 om.
1468 3862 1487 3913 C

207 3950 237 4001 12
264 3948 306 4018 τδ]
326 3950 476 4001 fortassean
589 3948 620 3998 14
647 3947 747 4018 γένηται
765 3947 844 3999 Orelli
933 3992 938 4003 ,
960 3945 1126 4017 διαστρόφων]
1148 3951 1209 3998 anta
1227 3964 1245 4016 φ
1264 3945 1398 4014 paululum
1417 3964 1518 4000 erasum
1539 3950 1562 3999 V

206 4037 237 4106 ,ἡ
256 4036 356 4109 (τέχνη)
367 4027 426 4087 ’τῶν
445 4034 601 4107 διαστρόφων
622 4035 678 4087 soil.
697 4032 840 4106 ἀνθρώπων
858 4032 1006 4101 significare
1024 4034 1126 4085 videtur
1144 4039 1211 4085 artes
1230 4048 1330 4099 eorum,
1353 4049 1462 4102 quorum
1483 4051 1562 4088 mam-

203 4126 249 4176 bra
268 4124 379 4176 distorta
398 4126 471 4189 sunt,
494 4139 519 4174 ν.
536 4138 559 4174 c.
577 4122 801 4187 funambulorum,
823 4122 973 4174 sallatorum
992 4127 1018 4173 et
1036 4121 1144 4172 aliorum
1167 4121 1194 4173 id
1213 4136 1296 4189 genua
1314 4123 1558 4191 praestigiatorum

203 4209 291 4262 Orelli.
322 4209 367 4262 aad
385 4225 469 4278 nequa
487 4208 635 4281 διάστροφος
652 4208 801 4263 saltatorem
821 4208 953 4278 significat
965 4224 1048 4277 nequa
1066 4207 1128 4276 quid
1148 4209 1197 4260 sibi
1213 4209 1296 4261 velint
1314 4210 1341 4260 in
1360 4208 1408 4261 hac
1421 4224 1560 4278 argumen-

203 4299 301 4349 tatione
319 4296 464 4351 funambuli
484 4313 616 4366 assequor.
642 4297 674 4349 ad
688 4295 724 4349 ὧν
738 4296 860 4364 suppleas
872 4297 997 4367 τεράτων,
1017 4295 1088 4347 aliud
1102 4297 1170 4347 enim
1184 4294 1358 4363 prodigiorum
1373 4311 1456 4364 genus
1469 4304 1561 4349 auctor

202 4390 308 4452 tangere
326 4386 436 4449 videtur,
455 4386 566 4454 pumilos
586 4385 644 4436 dico
663 4389 689 4437 et
707 4385 868 4438 distortos
886 4382 1060 4455 (διάστροφοι).
1095 4391 1186 4435 notum
1207 4385 1276 4435 enim
1295 4387 1350 4435 erat
1372 4383 1417 4435 illo
1436 4389 1561 4452 tompore,

202 4487 255 4523 non
274 4472 356 4523 solum
376 4478 483 4537 natura,
506 4473 552 4525 aed
570 4474 647 4525 otiam
667 4478 721 4524 arto
740 4472 868 4540 procreari
888 4471 951 4524 haec
970 4475 1096 4534 monstra3
1121 4471 1196 4523 testis
1215 4477 1254 4522 est
1272 4471 1303 4521 de
1322 4470 1389 4522 subl.
1408 4471 1474 4524 libor
1492 4473 1560 4537 4451.

202 4559 234 4610 cf.
253 4559 323 4610 Jahn
342 4560 419 4612 Arch.
438 4561 519 4613 Boitr.
538 4575 563 4627 p.
575 4559 629 4611 430
646 4559 756 4612 casaub.
776 4560 808 4611 ad
828 4559 898 4611 Suet.
912 4559 979 4627 Aug.
993 4558 1035 4610 83.
1070 4557 1219 4627 illarquardt
1237 4558 1294 4623 Vll,
1308 4558 1329 4622 l,
1350 4557 1435 4622 roal.
1463 4561 1509 4612 sed
1527 4562 1561 4632 τῇ

202 4653 262 4712 post
280 4646 321 4698 lai
341 4647 477 4699 delendum
496 4648 598 4700 videtur
683 4647 714 4699 18
733 4645 876 4715 δυστυχίαν]
896 4664 923 4715 χι
942 4647 968 4697 in
987 4645 1026 4697 lit.
1045 4662 1123 4712 supra
1141 4646 1223 4698 liav
1308 4645 1337 4696 19
1356 4645 1403 4714 τὴν
1421 4644 1506 4703 άλλως
1524 4648 1559 4700 V:

202 4732 385 4802 τηνάλλωςΗε
457 4721 493 4785 θλ
508 4732 607 4785 τούτων
626 4732 662 4786 Ca
733 4734 765 4786 23
785 4731 910 4801 εἰώθαμεν
929 4735 973 4785 ιιαλ
990 4739 1043 4784 τῶν
1060 4733 1100 4798 (in
1119 4732 1268 4800 mpsuppi.
1282 4732 1369 4798 laon
1441 4733 1475 4785 24
1494 4751 1560 4803 χτνο·

202 4821 271 4890 μίνιρ
290 4820 369 4873 Orelli
440 4820 474 4873 ‘25
492 4820 521 4873 τὸ
541 4819 571 4873 οῦ
590 4821 638 4874 Ca:
657 4824 703 4873 τοῦ
721 4819 750 4872 ού
770 4821 829 4874 VH:
850 4819 878 4873 οὐ
898 4820 976 4872 Orelli
1048 4821 1081 4873 26
1100 4820 1225 4890 γεγονέναι
1242 4820 1286 4872 καλ
1303 4819 1332 4872 τὸ
1351 4818 1560 4892 ἐπακολουθησαν

201 4906 316 4980 ὧσπερθ
381 4909 487 4980 χίχντται
501 4907 591 4961 Orelli:
612 4908 723 4980 ηίηνηται
736 4908 821 4962 vilra
887 4907 920 4959 29
940 4908 1042 4960 ὐσςαιΙΙ
1115 4907 1149 4961 30
1167 4907 1304 4978 γιγνομένῳ
1317 4905 1559 4981 δτακολουθῆσανΗ
