<?xml version="1.0" encoding="UTF-8"?>
<!DOCTYPE html PUBLIC "-//W3C//DTD XHTML 1.0 Transitional//EN"
    "http://www.w3.org/TR/xhtml1/DTD/xhtml1-transitional.dtd">
<html xmlns="http://www.w3.org/1999/xhtml" xml:lang="en" lang="en">
 <head>
  <title>
</title>
<meta http-equiv="Content-Type" content="text/html;charset=utf-8" />
  <meta name='ocr-system' content='tesseract 3.04.00' />
  <meta name='ocr-capabilities' content='ocr_page ocr_carea ocr_par ocr_line ocrx_word'/>
</head>
<body>
  <div class='ocr_page' id='page_1' title='image "./supplementumari02arisgoog/supplementumari02arisgoog_0427.png"; bbox 0 0 3540 5610; ppageno 0'>
   <div class='ocr_carea' id='block_1_1' title="bbox 208 280 1296 355">
    <p class='ocr_par' dir='ltr' id='par_1_1' title="bbox 208 280 1296 355">
     <span class='ocr_line' id='line_1_1' title="bbox 208 280 1296 355; baseline -0.014 -4"><span class='ocrx_word' id='word_1_1' title='bbox 208 289 269 353; x_wconf 86' lang='lat'>118</span> <span class='ocrx_word' id='word_1_2' title='bbox 479 283 643 355; x_wconf 83' lang='grc' dir='ltr'>[ΑΠΟΡΙΩΝ</span> <span class='ocrx_word' id='word_1_3' title='bbox 664 283 725 340; x_wconf 84' lang='grc' dir='ltr'>ΚΑΙ</span> <span class='ocrx_word' id='word_1_4' title='bbox 745 282 878 340; x_wconf 81' lang='grc' dir='ltr'>ΛΥΣΕΩΝ</span> <span class='ocrx_word' id='word_1_5' title='bbox 897 281 1041 339; x_wconf 83' lang='grc' dir='ltr'>ΒΙΒΛΙΟΝ</span> <span class='ocrx_word' id='word_1_6' title='bbox 1061 280 1248 339; x_wconf 80' lang='lat' dir='ltr'>TETAPTON</span> <span class='ocrx_word' id='word_1_7' title='bbox 1270 284 1296 353; x_wconf 91' lang='lat' dir='ltr'>l]</span> 
     </span>
    </p>
   </div>
   <div class='ocr_carea' id='block_1_2' title="bbox 204 456 1562 2590">
    <p class='ocr_par' dir='ltr' id='par_1_2' title="bbox 204 456 1562 2590">
     <span class='ocr_line' id='line_1_2' title="bbox 274 456 1562 543; baseline -0.002 -22"><span class='ocrx_word' id='word_1_8' title='bbox 274 483 310 529; x_wconf 86' lang='grc' dir='ltr'>ις.</span> <span class='ocrx_word' id='word_1_9' title='bbox 357 459 426 528; x_wconf 87' lang='grc' dir='ltr'>ίίῶς</span> <span class='ocrx_word' id='word_1_10' title='bbox 448 460 474 522; x_wconf 86' lang='grc' dir='ltr'>εί</span> <span class='ocrx_word' id='word_1_11' title='bbox 496 461 515 542; x_wconf 83' lang='grc' dir='ltr'>ἡ</span> <span class='ocrx_word' id='word_1_12' title='bbox 538 459 616 542; x_wconf 90' lang='grc' dir='ltr'>λύπη</span> <span class='ocrx_word' id='word_1_13' title='bbox 641 458 728 521; x_wconf 90' lang='grc' dir='ltr'>κακδν</span> <span class='ocrx_word' id='word_1_14' title='bbox 751 463 841 532; x_wconf 86' lang='grc' dir='ltr'>πάσα,</span> <span class='ocrx_word' id='word_1_15' title='bbox 865 458 932 543; x_wconf 85' lang='grc' dir='ltr'>οδχὶ</span> <span class='ocrx_word' id='word_1_16' title='bbox 956 459 1004 520; x_wconf 80' lang='grc' dir='ltr'>καὶ</span> <span class='ocrx_word' id='word_1_17' title='bbox 1027 459 1046 540; x_wconf 81' lang='grc' dir='ltr'>η</span> <span class='ocrx_word' id='word_1_18' title='bbox 1070 458 1161 541; x_wconf 77' lang='grc' dir='ltr'>ἡδονὴ</span> <span class='ocrx_word' id='word_1_19' title='bbox 1185 461 1265 521; x_wconf 90' lang='grc' dir='ltr'>παῖσα</span> <span class='ocrx_word' id='word_1_20' title='bbox 1289 456 1411 538; x_wconf 72' lang='grc' dir='ltr'>ἀγαθόν.</span> <span class='ocrx_word' id='word_1_21' title='bbox 1534 470 1562 512; x_wconf 78' lang='lat'>¹⁰</span> 
     </span>
     <span class='ocr_line' id='line_1_3' title="bbox 275 557 1517 643; baseline -0.004 -19"><span class='ocrx_word' id='word_1_22' title='bbox 275 565 310 633; x_wconf 75' lang='grc' dir='ltr'>ιζ.</span> <span class='ocrx_word' id='word_1_23' title='bbox 351 559 422 624; x_wconf 80' lang='grc' dir='ltr'>Ὑπὸ</span> <span class='ocrx_word' id='word_1_24' title='bbox 447 562 476 624; x_wconf 88' lang='grc' dir='ltr'>τί</span> <span class='ocrx_word' id='word_1_25' title='bbox 502 567 559 623; x_wconf 90' lang='grc' dir='ltr'>τῶν</span> <span class='ocrx_word' id='word_1_26' title='bbox 587 561 706 642; x_wconf 75' lang='grc' dir='ltr'>ἀηαθῶν</span> <span class='ocrx_word' id='word_1_27' title='bbox 735 561 868 643; x_wconf 77' lang='grc' dir='ltr'>ἡὴδονὴ</span> <span class='ocrx_word' id='word_1_28' title='bbox 902 558 936 623; x_wconf 89' lang='grc' dir='ltr'>ἀν</span> <span class='ocrx_word' id='word_1_29' title='bbox 964 560 1025 643; x_wconf 87' lang='grc' dir='ltr'>εῖη,</span> <span class='ocrx_word' id='word_1_30' title='bbox 1055 557 1175 643; x_wconf 87' lang='grc' dir='ltr'>πότερον</span> <span class='ocrx_word' id='word_1_31' title='bbox 1202 565 1260 621; x_wconf 89' lang='grc' dir='ltr'>τῶν</span> <span class='ocrx_word' id='word_1_32' title='bbox 1282 558 1386 640; x_wconf 92' lang='grc' dir='ltr'>τιμίων</span> <span class='ocrx_word' id='word_1_33' title='bbox 1415 557 1434 640; x_wconf 80' lang='grc' dir='ltr'><strong>ἢ</strong></span> <span class='ocrx_word' id='word_1_34' title='bbox 1458 562 1517 620; x_wconf 93' lang='grc' dir='ltr'>τῶν</span> 
     </span>
     <span class='ocr_line' id='line_1_4' title="bbox 408 663 879 746; baseline -0.002 -21"><span class='ocrx_word' id='word_1_35' title='bbox 408 663 564 725; x_wconf 81' lang='grc' dir='ltr'>ἐπαινετῶν</span> <span class='ocrx_word' id='word_1_36' title='bbox 588 663 607 746; x_wconf 76' lang='grc' dir='ltr'><strong>ᾖ</strong></span> <span class='ocrx_word' id='word_1_37' title='bbox 631 666 687 724; x_wconf 90' lang='grc' dir='ltr'>τῶν</span> <span class='ocrx_word' id='word_1_38' title='bbox 712 663 879 745; x_wconf 79' lang='grc' dir='ltr'>ὠφελίμων.</span> 
     </span>
     <span class='ocr_line' id='line_1_5' title="bbox 271 759 1560 848; baseline -0.005 -22"><span class='ocrx_word' id='word_1_39' title='bbox 271 789 309 848; x_wconf 92' lang='grc' dir='ltr'>ιη.</span> <span class='ocrx_word' id='word_1_40' title='bbox 355 765 409 828; x_wconf 81' lang='grc' dir='ltr'>Διά</span> <span class='ocrx_word' id='word_1_41' title='bbox 431 766 459 828; x_wconf 88' lang='grc' dir='ltr'>τί</span> <span class='ocrx_word' id='word_1_42' title='bbox 480 765 712 847; x_wconf 87' lang='grc' dir='ltr'>φορτικωτάτους</span> <span class='ocrx_word' id='word_1_43' title='bbox 735 763 814 826; x_wconf 75' lang='grc' dir='ltr'>εἶπεν</span> <span class='ocrx_word' id='word_1_44' title='bbox 838 763 910 826; x_wconf 85' lang='grc' dir='ltr'>εῖναι</span> <span class='ocrx_word' id='word_1_45' title='bbox 933 765 999 830; x_wconf 81' lang='grc' dir='ltr'>τοὺς</span> <span class='ocrx_word' id='word_1_46' title='bbox 1022 764 1052 825; x_wconf 87' lang='grc' dir='ltr'>ἐν</span> <span class='ocrx_word' id='word_1_47' title='bbox 1069 764 1161 846; x_wconf 73' lang='grc' dir='ltr'>ἡδονῇ</span> <span class='ocrx_word' id='word_1_48' title='bbox 1186 763 1218 825; x_wconf 90' lang='grc' dir='ltr'>τδ</span> <span class='ocrx_word' id='word_1_49' title='bbox 1241 762 1323 830; x_wconf 88' lang='grc' dir='ltr'>τέλος</span> <span class='ocrx_word' id='word_1_50' title='bbox 1345 759 1518 844; x_wconf 74' lang='grc' dir='ltr'>τιθεμένους</span> <span class='ocrx_word' id='word_1_51' title='bbox 1533 776 1560 818; x_wconf 77' lang='grc' dir='ltr'>ιο</span> 
     </span>
     <span class='ocr_line' id='line_1_6' title="bbox 223 863 1318 951; baseline -0.004 -22"><span class='ocrx_word' id='word_1_52' title='bbox 223 887 238 935; x_wconf 85' lang='lat'><strong>5</strong></span> <span class='ocrx_word' id='word_1_53' title='bbox 409 868 439 929; x_wconf 81' lang='grc' dir='ltr'>ἐν</span> <span class='ocrx_word' id='word_1_54' title='bbox 461 872 504 950; x_wconf 76' lang='grc' dir='ltr'>τῷ</span> <span class='ocrx_word' id='word_1_55' title='bbox 528 868 635 949; x_wconf 82' lang='grc' dir='ltr'>πρώτῳ</span> <span class='ocrx_word' id='word_1_56' title='bbox 658 870 716 927; x_wconf 92' lang='grc' dir='ltr'>τῶν</span> <span class='ocrx_word' id='word_1_57' title='bbox 740 864 947 951; x_wconf 89' lang='grc' dir='ltr'>Νικομαχείων</span> <span class='ocrx_word' id='word_1_58' title='bbox 971 867 1084 950; x_wconf 71' lang='grc' dir='ltr'>τ’,θικῶν</span> <span class='ocrx_word' id='word_1_59' title='bbox 1104 863 1318 948; x_wconf 80' lang='grc' dir='ltr'>Ἀριστοτέλης.</span> 
     </span>
     <span class='ocr_line' id='line_1_7' title="bbox 274 966 828 1052; baseline -0.002 -20"><span class='ocrx_word' id='word_1_60' title='bbox 274 971 313 1034; x_wconf 87' lang='grc' dir='ltr'>ιθ,</span> <span class='ocrx_word' id='word_1_61' title='bbox 352 966 414 1034; x_wconf 87' lang='grc' dir='ltr'>Ὅτι</span> <span class='ocrx_word' id='word_1_62' title='bbox 437 970 477 1052; x_wconf 83' lang='grc' dir='ltr'>μὴ</span> <span class='ocrx_word' id='word_1_63' title='bbox 501 969 644 1048; x_wconf 80' lang='grc' dir='ltr'>ὁμοειδεῖς</span> <span class='ocrx_word' id='word_1_64' title='bbox 666 970 695 1030; x_wconf 83' lang='grc' dir='ltr'>αἱ</span> <span class='ocrx_word' id='word_1_65' title='bbox 718 969 828 1051; x_wconf 76' lang='grc' dir='ltr'>ἡδοναί.</span> 
     </span>
     <span class='ocr_line' id='line_1_8' title="bbox 279 1066 1516 1155; baseline -0.005 -19"><span class='ocrx_word' id='word_1_66' title='bbox 279 1096 306 1135; x_wconf 90' lang='grc' dir='ltr'>κ.</span> <span class='ocrx_word' id='word_1_67' title='bbox 345 1066 406 1136; x_wconf 88' lang='grc' dir='ltr'>Ὅτι</span> <span class='ocrx_word' id='word_1_68' title='bbox 430 1072 469 1155; x_wconf 83' lang='grc' dir='ltr'>μὴ</span> <span class='ocrx_word' id='word_1_69' title='bbox 493 1071 553 1155; x_wconf 83' lang='grc' dir='ltr'>χρὴ</span> <span class='ocrx_word' id='word_1_70' title='bbox 576 1071 606 1133; x_wconf 86' lang='grc' dir='ltr'>ἐν</span> <span class='ocrx_word' id='word_1_71' title='bbox 629 1072 711 1153; x_wconf 89' lang='grc' dir='ltr'>πάση</span> <span class='ocrx_word' id='word_1_72' title='bbox 727 1069 827 1153; x_wconf 92' lang='grc' dir='ltr'>πράξει</span> <span class='ocrx_word' id='word_1_73' title='bbox 850 1074 898 1133; x_wconf 86' lang='grc' dir='ltr'>καὶ</span> <span class='ocrx_word' id='word_1_74' title='bbox 920 1072 1005 1134; x_wconf 80' lang='grc' dir='ltr'>παντί</span> <span class='ocrx_word' id='word_1_75' title='bbox 1029 1070 1183 1153; x_wconf 78' lang='grc' dir='ltr'>μαθήματι</span> <span class='ocrx_word' id='word_1_76' title='bbox 1206 1071 1238 1133; x_wconf 93' lang='grc' dir='ltr'>τδ</span> <span class='ocrx_word' id='word_1_77' title='bbox 1261 1068 1407 1153; x_wconf 81' lang='grc' dir='ltr'>χρήσιμον</span> <span class='ocrx_word' id='word_1_78' title='bbox 1432 1068 1516 1131; x_wconf 87' lang='grc' dir='ltr'>ἀπαι-</span> 
     </span>
     <span class='ocr_line' id='line_1_9' title="bbox 406 1179 473 1236; baseline -0.015 0"><span class='ocrx_word' id='word_1_79' title='bbox 406 1179 473 1236; x_wconf 87' lang='grc' dir='ltr'>τεῖν.</span> 
     </span>
     <span class='ocr_line' id='line_1_10' title="bbox 262 1276 1558 1361; baseline -0.006 -22"><span class='ocrx_word' id='word_1_80' title='bbox 262 1300 308 1339; x_wconf 89' lang='grc' dir='ltr'>κα.</span> <span class='ocrx_word' id='word_1_81' title='bbox 355 1276 425 1361; x_wconf 86' lang='grc' dir='ltr'>Περὶ</span> <span class='ocrx_word' id='word_1_82' title='bbox 448 1277 555 1346; x_wconf 81' lang='grc' dir='ltr'>αἰδοῦς.</span> <span class='ocrx_word' id='word_1_83' title='bbox 774 1287 777 1294; x_wconf 92' lang='grc'><strong>’</strong></span> <span class='ocrx_word' id='word_1_84' title='bbox 1529 1290 1558 1331; x_wconf 76' lang='grc' dir='ltr'>νο</span> 
     </span>
     <span class='ocr_line' id='line_1_11' title="bbox 208 1371 878 1463; baseline -0.001 -19"><span class='ocrx_word' id='word_1_85' title='bbox 208 1398 239 1444; x_wconf 91' lang='lat'>10</span> <span class='ocrx_word' id='word_1_86' title='bbox 261 1380 307 1463; x_wconf 85' lang='grc' dir='ltr'>κβ.</span> <span class='ocrx_word' id='word_1_87' title='bbox 346 1371 407 1443; x_wconf 86' lang='grc' dir='ltr'>Ὅτι</span> <span class='ocrx_word' id='word_1_88' title='bbox 430 1379 693 1443; x_wconf 87' lang='grc' dir='ltr'>ἀντακολουθαδσιν</span> <span class='ocrx_word' id='word_1_89' title='bbox 716 1381 746 1442; x_wconf 87' lang='grc' dir='ltr'>αἱ</span> <span class='ocrx_word' id='word_1_90' title='bbox 769 1380 878 1463; x_wconf 81' lang='grc' dir='ltr'>ἀρεταί.</span> 
     </span>
     <span class='ocr_line' id='line_1_12' title="bbox 267 1477 1517 1565; baseline -0.002 -22"><span class='ocrx_word' id='word_1_91' title='bbox 267 1504 311 1562; x_wconf 77' lang='grc' dir='ltr'>κχ.</span> <span class='ocrx_word' id='word_1_92' title='bbox 359 1478 426 1550; x_wconf 93' lang='grc' dir='ltr'>Πῶς</span> <span class='ocrx_word' id='word_1_93' title='bbox 449 1481 475 1544; x_wconf 84' lang='grc' dir='ltr'>εί</span> <span class='ocrx_word' id='word_1_94' title='bbox 490 1482 581 1565; x_wconf 75' lang='grc' dir='ltr'>ἡδονή</span> <span class='ocrx_word' id='word_1_95' title='bbox 605 1481 682 1544; x_wconf 84' lang='grc' dir='ltr'>ἐστιν</span> <span class='ocrx_word' id='word_1_96' title='bbox 698 1482 772 1545; x_wconf 91' lang='grc' dir='ltr'>κατά</span> <span class='ocrx_word' id='word_1_97' title='bbox 791 1481 979 1564; x_wconf 80' lang='grc' dir='ltr'>Ἀριστοτέλη</span> <span class='ocrx_word' id='word_1_98' title='bbox 1003 1480 1131 1564; x_wconf 75' lang='grc' dir='ltr'>ἐνέργεια</span> <span class='ocrx_word' id='word_1_99' title='bbox 1154 1485 1206 1563; x_wconf 80' lang='grc' dir='ltr'>τῆς</span> <span class='ocrx_word' id='word_1_100' title='bbox 1221 1478 1295 1543; x_wconf 90' lang='grc' dir='ltr'>κατά</span> <span class='ocrx_word' id='word_1_101' title='bbox 1317 1479 1402 1561; x_wconf 88' lang='grc' dir='ltr'>φύσιν</span> <span class='ocrx_word' id='word_1_102' title='bbox 1426 1477 1517 1547; x_wconf 80' lang='grc' dir='ltr'>ἕξεως</span> 
     </span>
     <span class='ocr_line' id='line_1_13' title="bbox 408 1581 1440 1667; baseline -0.005 -20"><span class='ocrx_word' id='word_1_103' title='bbox 408 1583 627 1665; x_wconf 76' lang='grc' dir='ltr'>ἀνεμπόδιστος,</span> <span class='ocrx_word' id='word_1_104' title='bbox 651 1584 704 1647; x_wconf 81' lang='grc' dir='ltr'>οὐκ</span> <span class='ocrx_word' id='word_1_105' title='bbox 727 1582 808 1647; x_wconf 87' lang='grc' dir='ltr'>ἔσται</span> <span class='ocrx_word' id='word_1_106' title='bbox 831 1585 878 1647; x_wconf 83' lang='grc' dir='ltr'>καί</span> <span class='ocrx_word' id='word_1_107' title='bbox 902 1587 921 1667; x_wconf 82' lang='grc' dir='ltr'>ἡ</span> <span class='ocrx_word' id='word_1_108' title='bbox 944 1583 1113 1665; x_wconf 78' lang='grc' dir='ltr'>εὐδαιμονία</span> <span class='ocrx_word' id='word_1_109' title='bbox 1136 1581 1199 1645; x_wconf 82' lang='grc' dir='ltr'>κατ’</span> <span class='ocrx_word' id='word_1_110' title='bbox 1227 1581 1314 1644; x_wconf 88' lang='grc' dir='ltr'>αύτδν</span> <span class='ocrx_word' id='word_1_111' title='bbox 1338 1581 1440 1662; x_wconf 81' lang='grc' dir='ltr'>ἡδονή.</span> 
     </span>
     <span class='ocr_line' id='line_1_14' title="bbox 267 1684 1556 1771; baseline 0.001 -23"><span class='ocrx_word' id='word_1_112' title='bbox 267 1687 310 1749; x_wconf 91' lang='grc' dir='ltr'>κδ.</span> <span class='ocrx_word' id='word_1_113' title='bbox 357 1684 427 1755; x_wconf 91' lang='grc' dir='ltr'>Πῶς</span> <span class='ocrx_word' id='word_1_114' title='bbox 448 1689 478 1749; x_wconf 89' lang='grc' dir='ltr'>αί</span> <span class='ocrx_word' id='word_1_115' title='bbox 502 1687 602 1771; x_wconf 86' lang='grc' dir='ltr'>ἀρεταί</span> <span class='ocrx_word' id='word_1_116' title='bbox 624 1685 660 1748; x_wconf 87' lang='grc' dir='ltr'>δι’</span> <span class='ocrx_word' id='word_1_117' title='bbox 689 1687 778 1756; x_wconf 82' lang='grc' dir='ltr'>αὐτὰς</span> <span class='ocrx_word' id='word_1_118' title='bbox 801 1687 920 1771; x_wconf 84' lang='grc' dir='ltr'>αἱρεταί.</span> <span class='ocrx_word' id='word_1_119' title='bbox 1529 1698 1556 1740; x_wconf 59' lang='grc' dir='ltr'><strong>ὅ</strong></span> 
     </span>
     <span class='ocr_line' id='line_1_15' title="bbox 267 1786 1318 1874; baseline -0.002 -24"><span class='ocrx_word' id='word_1_120' title='bbox 267 1811 309 1851; x_wconf 89' lang='grc' dir='ltr'>κε.</span> <span class='ocrx_word' id='word_1_121' title='bbox 351 1786 511 1874; x_wconf 81' lang='grc' dir='ltr'>Ἐπιδρομὴ</span> <span class='ocrx_word' id='word_1_122' title='bbox 536 1788 626 1852; x_wconf 87' lang='grc' dir='ltr'>πόθεν</span> <span class='ocrx_word' id='word_1_123' title='bbox 650 1792 669 1872; x_wconf 81' lang='grc' dir='ltr'>ἡ</span> <span class='ocrx_word' id='word_1_124' title='bbox 693 1795 751 1852; x_wconf 91' lang='grc' dir='ltr'>τῶν</span> <span class='ocrx_word' id='word_1_125' title='bbox 775 1790 887 1873; x_wconf 90' lang='grc' dir='ltr'>ἀρετῶν</span> <span class='ocrx_word' id='word_1_126' title='bbox 909 1789 1022 1872; x_wconf 83' lang='grc' dir='ltr'>εύρεσίς</span> <span class='ocrx_word' id='word_1_127' title='bbox 1046 1811 1076 1850; x_wconf 88' lang='grc' dir='ltr'>τε</span> <span class='ocrx_word' id='word_1_128' title='bbox 1100 1787 1148 1850; x_wconf 87' lang='grc' dir='ltr'>καὶ</span> <span class='ocrx_word' id='word_1_129' title='bbox 1172 1787 1318 1855; x_wconf 90' lang='grc' dir='ltr'>σύστασις.</span> 
     </span>
     <span class='ocr_line' id='line_1_16' title="bbox 207 1885 1427 1975; baseline -0.005 -17"><span class='ocrx_word' id='word_1_130' title='bbox 207 1911 237 1958; x_wconf 82' lang='lat'>15</span> <span class='ocrx_word' id='word_1_131' title='bbox 265 1914 308 1961; x_wconf 83' lang='grc' dir='ltr'>κς.</span> <span class='ocrx_word' id='word_1_132' title='bbox 348 1885 410 1956; x_wconf 85' lang='grc' dir='ltr'>Ὅτι</span> <span class='ocrx_word' id='word_1_133' title='bbox 431 1891 465 1954; x_wconf 83' lang='grc' dir='ltr'>ού</span> <span class='ocrx_word' id='word_1_134' title='bbox 487 1892 521 1953; x_wconf 89' lang='grc' dir='ltr'>τδ</span> <span class='ocrx_word' id='word_1_135' title='bbox 544 1892 632 1954; x_wconf 84' lang='grc' dir='ltr'>καλὸν</span> <span class='ocrx_word' id='word_1_136' title='bbox 655 1897 705 1974; x_wconf 75' lang='grc' dir='ltr'>τῖης</span> <span class='ocrx_word' id='word_1_137' title='bbox 728 1893 836 1975; x_wconf 73' lang='grc' dir='ltr'>ἡδονῆς</span> <span class='ocrx_word' id='word_1_138' title='bbox 858 1894 954 1975; x_wconf 90' lang='grc' dir='ltr'>χάριν,</span> <span class='ocrx_word' id='word_1_139' title='bbox 977 1889 1037 1953; x_wconf 84' lang='grc' dir='ltr'>ἀλλ’</span> <span class='ocrx_word' id='word_1_140' title='bbox 1066 1892 1084 1973; x_wconf 81' lang='grc' dir='ltr'>ἡ</span> <span class='ocrx_word' id='word_1_141' title='bbox 1108 1891 1199 1972; x_wconf 78' lang='grc' dir='ltr'>ἡδονὴ</span> <span class='ocrx_word' id='word_1_142' title='bbox 1222 1893 1273 1952; x_wconf 85' lang='grc' dir='ltr'>τού</span> <span class='ocrx_word' id='word_1_143' title='bbox 1296 1892 1396 1953; x_wconf 82' lang='grc' dir='ltr'>καλοῦ.</span> <span class='ocrx_word' id='word_1_144' title='bbox 1424 1887 1427 1973; x_wconf 79' lang='grc' dir='ltr'>Ι</span> 
     </span>
     <span class='ocr_line' id='line_1_17' title="bbox 261 1989 1558 2077; baseline 0.002 -21"><span class='ocrx_word' id='word_1_145' title='bbox 261 1997 306 2064; x_wconf 77' lang='grc' dir='ltr'>κζ.</span> <span class='ocrx_word' id='word_1_146' title='bbox 352 1993 406 2056; x_wconf 80' lang='grc' dir='ltr'>Διά</span> <span class='ocrx_word' id='word_1_147' title='bbox 428 1994 457 2057; x_wconf 93' lang='grc' dir='ltr'>τί</span> <span class='ocrx_word' id='word_1_148' title='bbox 476 1995 507 2056; x_wconf 82' lang='grc' dir='ltr'>αἱ</span> <span class='ocrx_word' id='word_1_149' title='bbox 530 1995 632 2077; x_wconf 78' lang='grc' dir='ltr'>η’θικαί</span> <span class='ocrx_word' id='word_1_150' title='bbox 656 1995 754 2077; x_wconf 89' lang='grc' dir='ltr'>ἀρεταὶ</span> <span class='ocrx_word' id='word_1_151' title='bbox 779 1994 944 2077; x_wconf 80' lang='grc' dir='ltr'>μεσότητες.</span> <span class='ocrx_word' id='word_1_152' title='bbox 1526 1989 1558 2044; x_wconf 77' lang='lat'>¹⁰</span> 
     </span>
     <span class='ocr_line' id='line_1_18' title="bbox 262 2092 1048 2180; baseline -0.003 -22"><span class='ocrx_word' id='word_1_153' title='bbox 262 2118 310 2179; x_wconf 90' lang='grc' dir='ltr'>κη.</span> <span class='ocrx_word' id='word_1_154' title='bbox 357 2092 428 2179; x_wconf 82' lang='grc' dir='ltr'>Περὶ</span> <span class='ocrx_word' id='word_1_155' title='bbox 450 2100 501 2159; x_wconf 84' lang='grc' dir='ltr'>τοῦ</span> <span class='ocrx_word' id='word_1_156' title='bbox 525 2095 645 2180; x_wconf 90' lang='grc' dir='ltr'>πότερον</span> <span class='ocrx_word' id='word_1_157' title='bbox 669 2099 688 2179; x_wconf 75' lang='grc' dir='ltr'>ί,</span> <span class='ocrx_word' id='word_1_158' title='bbox 713 2097 801 2180; x_wconf 81' lang='grc' dir='ltr'>ἀρετὴ</span> <span class='ocrx_word' id='word_1_159' title='bbox 825 2096 906 2179; x_wconf 76' lang='grc' dir='ltr'>γένος</span> <span class='ocrx_word' id='word_1_160' title='bbox 928 2097 947 2179; x_wconf 75' lang='grc' dir='ltr'><strong>ἢ</strong></span> <span class='ocrx_word' id='word_1_161' title='bbox 971 2095 1048 2157; x_wconf 86' lang='grc' dir='ltr'>όλον.</span> 
     </span>
     <span class='ocr_line' id='line_1_19' title="bbox 261 2191 1554 2282; baseline -0.004 -22"><span class='ocrx_word' id='word_1_162' title='bbox 261 2197 310 2260; x_wconf 90' lang='grc' dir='ltr'>κθ.</span> <span class='ocrx_word' id='word_1_163' title='bbox 349 2191 410 2262; x_wconf 86' lang='grc' dir='ltr'>Ὅτι</span> <span class='ocrx_word' id='word_1_164' title='bbox 437 2199 485 2262; x_wconf 85' lang='grc' dir='ltr'>καί</span> <span class='ocrx_word' id='word_1_165' title='bbox 513 2200 542 2261; x_wconf 84' lang='grc' dir='ltr'>αἱ</span> <span class='ocrx_word' id='word_1_166' title='bbox 569 2199 665 2261; x_wconf 89' lang='grc' dir='ltr'>κακίαι</span> <span class='ocrx_word' id='word_1_167' title='bbox 693 2204 755 2267; x_wconf 90' lang='grc' dir='ltr'>ταῖς</span> <span class='ocrx_word' id='word_1_168' title='bbox 782 2201 898 2282; x_wconf 84' lang='grc' dir='ltr'>ἀρεταῖς</span> <span class='ocrx_word' id='word_1_169' title='bbox 925 2198 1033 2278; x_wconf 85' lang='grc' dir='ltr'>ὁμοίως</span> <span class='ocrx_word' id='word_1_170' title='bbox 1060 2197 1107 2281; x_wconf 80' lang='grc' dir='ltr'>ἐφ’</span> <span class='ocrx_word' id='word_1_171' title='bbox 1136 2199 1220 2279; x_wconf 78' lang='grc' dir='ltr'>ἡμῖν,</span> <span class='ocrx_word' id='word_1_172' title='bbox 1249 2195 1265 2258; x_wconf 88' lang='grc' dir='ltr'>δ</span> <span class='ocrx_word' id='word_1_173' title='bbox 1292 2195 1438 2259; x_wconf 87' lang='grc' dir='ltr'>δείκνυται</span> <span class='ocrx_word' id='word_1_174' title='bbox 1465 2198 1514 2260; x_wconf 84' lang='grc' dir='ltr'>διὰ</span> <span class='ocrx_word' id='word_1_175' title='bbox 1540 2214 1554 2255; x_wconf 78' lang='grc' dir='ltr'>σ</span> 
     </span>
     <span class='ocr_line' id='line_1_20' title="bbox 405 2297 1471 2385; baseline 0 -23"><span class='ocrx_word' id='word_1_176' title='bbox 405 2300 511 2369; x_wconf 85' lang='grc' dir='ltr'>λέξεως</span> <span class='ocrx_word' id='word_1_177' title='bbox 534 2301 567 2363; x_wconf 86' lang='grc' dir='ltr'>ἐκ</span> <span class='ocrx_word' id='word_1_178' title='bbox 589 2306 639 2364; x_wconf 80' lang='grc' dir='ltr'>τοῦ</span> <span class='ocrx_word' id='word_1_179' title='bbox 663 2303 757 2385; x_wconf 89' lang='grc' dir='ltr'>τρίτου</span> <span class='ocrx_word' id='word_1_180' title='bbox 780 2307 838 2365; x_wconf 91' lang='grc' dir='ltr'>τῶν</span> <span class='ocrx_word' id='word_1_181' title='bbox 862 2300 1069 2385; x_wconf 87' lang='grc' dir='ltr'>Νικομαχείων</span> <span class='ocrx_word' id='word_1_182' title='bbox 1090 2298 1219 2363; x_wconf 85' lang='grc' dir='ltr'>Ἠθικῶν</span> <span class='ocrx_word' id='word_1_183' title='bbox 1239 2297 1471 2383; x_wconf 81' lang='grc' dir='ltr'>Ἀριστοτέλους.</span> 
     </span>
     <span class='ocr_line' id='line_1_21' title="bbox 204 2400 1514 2487; baseline -0.002 -20"><span class='ocrx_word' id='word_1_184' title='bbox 204 2422 238 2469; x_wconf 83' lang='lat'>20</span> <span class='ocrx_word' id='word_1_185' title='bbox 282 2405 308 2464; x_wconf 90' lang='grc' dir='ltr'>λ.</span> <span class='ocrx_word' id='word_1_186' title='bbox 356 2400 425 2470; x_wconf 91' lang='grc' dir='ltr'>Πῶς</span> <span class='ocrx_word' id='word_1_187' title='bbox 447 2402 500 2465; x_wconf 86' lang='grc' dir='ltr'>οὐκ</span> <span class='ocrx_word' id='word_1_188' title='bbox 522 2401 603 2466; x_wconf 81' lang='grc' dir='ltr'>ἔσται</span> <span class='ocrx_word' id='word_1_189' title='bbox 626 2404 793 2487; x_wconf 75' lang='grc' dir='ltr'>δικαιοσύνη</span> <span class='ocrx_word' id='word_1_190' title='bbox 817 2405 869 2485; x_wconf 83' lang='grc' dir='ltr'>μὲν</span> <span class='ocrx_word' id='word_1_191' title='bbox 892 2404 922 2472; x_wconf 85' lang='grc' dir='ltr'>ἐξ</span> <span class='ocrx_word' id='word_1_192' title='bbox 945 2403 1071 2482; x_wconf 83' lang='grc' dir='ltr'>ἀδικίας,</span> <span class='ocrx_word' id='word_1_193' title='bbox 1100 2402 1196 2465; x_wconf 86' lang='grc' dir='ltr'>ἀδικία</span> <span class='ocrx_word' id='word_1_194' title='bbox 1218 2401 1251 2463; x_wconf 82' lang='grc' dir='ltr'>δὲ</span> <span class='ocrx_word' id='word_1_195' title='bbox 1273 2401 1307 2463; x_wconf 85' lang='grc' dir='ltr'>ἐκ</span> <span class='ocrx_word' id='word_1_196' title='bbox 1329 2401 1514 2485; x_wconf 79' lang='grc' dir='ltr'>δικαιοσύνης</span> 
     </span>
     <span class='ocr_line' id='line_1_22' title="bbox 404 2503 1326 2590; baseline 0.002 -24"><span class='ocrx_word' id='word_1_197' title='bbox 404 2505 431 2567; x_wconf 87' lang='grc' dir='ltr'>εί</span> <span class='ocrx_word' id='word_1_198' title='bbox 453 2503 488 2567; x_wconf 89' lang='grc' dir='ltr'>τά</span> <span class='ocrx_word' id='word_1_199' title='bbox 511 2504 623 2568; x_wconf 85' lang='grc' dir='ltr'>ἐναντία</span> <span class='ocrx_word' id='word_1_200' title='bbox 645 2506 675 2575; x_wconf 86' lang='grc' dir='ltr'>ἐξ</span> <span class='ocrx_word' id='word_1_201' title='bbox 698 2506 834 2590; x_wconf 81' lang='grc' dir='ltr'>ἀλλήλων</span> <span class='ocrx_word' id='word_1_202' title='bbox 857 2507 971 2588; x_wconf 71' lang='grc' dir='ltr'>γίνεται.</span> <span class='ocrx_word' id='word_1_203' title='bbox 1321 2510 1326 2519; x_wconf 86' lang='grc'><em>“</em></span> 
     </span>
    </p>
   </div>
   <div class='ocr_carea' id='block_1_3' title="bbox 256 2831 1569 2917">
    <p class='ocr_par' dir='ltr' id='par_1_3' title="bbox 256 2831 1569 2917">
     <span class='ocr_line' id='line_1_23' title="bbox 256 2831 1569 2917; baseline 0.002 -22"><span class='ocrx_word' id='word_1_204' title='bbox 256 2832 281 2895; x_wconf 89' lang='grc' dir='ltr'>Ι.</span> <span class='ocrx_word' id='word_1_205' title='bbox 326 2831 479 2915; x_wconf 80' lang='grc' dir='ltr'>Απορίαι</span> <span class='ocrx_word' id='word_1_206' title='bbox 501 2833 586 2914; x_wconf 83' lang='grc' dir='ltr'>πρὸς</span> <span class='ocrx_word' id='word_1_207' title='bbox 609 2835 690 2902; x_wconf 82' lang='grc' dir='ltr'>τοὺς</span> <span class='ocrx_word' id='word_1_208' title='bbox 712 2836 748 2897; x_wconf 85' lang='grc' dir='ltr'>τὸ</span> <span class='ocrx_word' id='word_1_209' title='bbox 773 2837 832 2917; x_wconf 74' lang='grc' dir='ltr'>ζῆν</span> <span class='ocrx_word' id='word_1_210' title='bbox 856 2833 955 2917; x_wconf 80' lang='grc' dir='ltr'>(οὐκ)</span> <span class='ocrx_word' id='word_1_211' title='bbox 978 2835 1108 2916; x_wconf 76' lang='grc' dir='ltr'>ἀγαθὸν</span> <span class='ocrx_word' id='word_1_212' title='bbox 1131 2833 1221 2896; x_wconf 83' lang='grc' dir='ltr'>εἶναι</span> <span class='ocrx_word' id='word_1_213' title='bbox 1243 2832 1419 2915; x_wconf 78' lang='grc' dir='ltr'>λέγοντας.</span> <span class='ocrx_word' id='word_1_214' title='bbox 1516 2842 1569 2897; x_wconf 80' lang='grc'>226</span> 
     </span>
    </p>
   </div>
   <div class='ocr_carea' id='block_1_4' title="bbox 202 3000 1568 3907">
    <p class='ocr_par' dir='ltr' id='par_1_4' title="bbox 202 3000 1568 3907">
     <span class='ocr_line' id='line_1_24' title="bbox 344 3000 1556 3086; baseline 0 -21"><span class='ocrx_word' id='word_1_215' title='bbox 344 3001 382 3065; x_wconf 69' lang='lat' dir='ltr'>El</span> <span class='ocrx_word' id='word_1_216' title='bbox 404 3003 437 3065; x_wconf 90' lang='grc' dir='ltr'>τδ</span> <span class='ocrx_word' id='word_1_217' title='bbox 461 3000 493 3065; x_wconf 84' lang='grc' dir='ltr'>εὖ</span> <span class='ocrx_word' id='word_1_218' title='bbox 522 3005 603 3065; x_wconf 88' lang='grc' dir='ltr'>πλεῖν</span> <span class='ocrx_word' id='word_1_219' title='bbox 627 3003 752 3085; x_wconf 81' lang='grc' dir='ltr'>ἀηαθόν,</span> <span class='ocrx_word' id='word_1_220' title='bbox 780 3005 812 3066; x_wconf 89' lang='grc' dir='ltr'>τδ</span> <span class='ocrx_word' id='word_1_221' title='bbox 840 3005 872 3067; x_wconf 84' lang='grc' dir='ltr'>δὲ</span> <span class='ocrx_word' id='word_1_222' title='bbox 894 3010 993 3073; x_wconf 86' lang='grc' dir='ltr'>κακῶς</span> <span class='ocrx_word' id='word_1_223' title='bbox 1019 3005 1122 3079; x_wconf 91' lang='grc' dir='ltr'>κακόν,</span> <span class='ocrx_word' id='word_1_224' title='bbox 1152 3006 1184 3067; x_wconf 86' lang='grc' dir='ltr'>τό</span> <span class='ocrx_word' id='word_1_225' title='bbox 1207 3008 1289 3067; x_wconf 87' lang='grc' dir='ltr'>πλεῖν</span> <span class='ocrx_word' id='word_1_226' title='bbox 1312 3003 1379 3067; x_wconf 79' lang='grc' dir='ltr'>οὔτε</span> <span class='ocrx_word' id='word_1_227' title='bbox 1403 3005 1515 3086; x_wconf 79' lang='grc' dir='ltr'>άηαθδν</span> <span class='ocrx_word' id='word_1_228' title='bbox 1544 3023 1556 3065; x_wconf 86' lang='grc' dir='ltr'>τ</span> 
     </span>
     <span class='ocr_line' id='line_1_25' title="bbox 258 3103 1510 3191; baseline 0.004 -25"><span class='ocrx_word' id='word_1_229' title='bbox 258 3103 325 3167; x_wconf 84' lang='grc' dir='ltr'>οὔτε</span> <span class='ocrx_word' id='word_1_230' title='bbox 347 3103 450 3167; x_wconf 87' lang='grc' dir='ltr'>κακόν·</span> <span class='ocrx_word' id='word_1_231' title='bbox 483 3105 531 3168; x_wconf 88' lang='grc' dir='ltr'>καὶ</span> <span class='ocrx_word' id='word_1_232' title='bbox 554 3105 579 3166; x_wconf 89' lang='grc' dir='ltr'>εί</span> <span class='ocrx_word' id='word_1_233' title='bbox 602 3106 634 3167; x_wconf 87' lang='grc' dir='ltr'>τὸ</span> <span class='ocrx_word' id='word_1_234' title='bbox 658 3103 690 3168; x_wconf 85' lang='grc' dir='ltr'>εδ</span> <span class='ocrx_word' id='word_1_235' title='bbox 720 3110 771 3188; x_wconf 77' lang='grc' dir='ltr'>ζῆν</span> <span class='ocrx_word' id='word_1_236' title='bbox 795 3105 920 3188; x_wconf 78' lang='grc' dir='ltr'>ἀγαθόν,</span> <span class='ocrx_word' id='word_1_237' title='bbox 949 3108 981 3169; x_wconf 90' lang='grc' dir='ltr'>τδ</span> <span class='ocrx_word' id='word_1_238' title='bbox 1004 3108 1037 3171; x_wconf 82' lang='grc' dir='ltr'>δὲ</span> <span class='ocrx_word' id='word_1_239' title='bbox 1063 3112 1161 3176; x_wconf 88' lang='grc' dir='ltr'>κακῶς</span> <span class='ocrx_word' id='word_1_240' title='bbox 1183 3105 1287 3181; x_wconf 85' lang='grc' dir='ltr'>κακόν,</span> <span class='ocrx_word' id='word_1_241' title='bbox 1314 3108 1347 3170; x_wconf 89' lang='grc' dir='ltr'>τδ</span> <span class='ocrx_word' id='word_1_242' title='bbox 1371 3112 1424 3191; x_wconf 73' lang='grc' dir='ltr'>ζῆν</span> <span class='ocrx_word' id='word_1_243' title='bbox 1447 3106 1510 3171; x_wconf 81' lang='grc' dir='ltr'>οὔτ’</span> 
     </span>
     <span class='ocr_line' id='line_1_26' title="bbox 204 3205 1558 3292; baseline -0.001 -21"><span class='ocrx_word' id='word_1_244' title='bbox 204 3225 236 3273; x_wconf 78' lang='lat'>25</span> <span class='ocrx_word' id='word_1_245' title='bbox 256 3207 367 3288; x_wconf 80' lang='grc' dir='ltr'>ἀηαθδν</span> <span class='ocrx_word' id='word_1_246' title='bbox 400 3205 468 3269; x_wconf 83' lang='grc' dir='ltr'>οὔτε</span> <span class='ocrx_word' id='word_1_247' title='bbox 494 3206 592 3269; x_wconf 90' lang='grc' dir='ltr'>κακόν.</span> <span class='ocrx_word' id='word_1_248' title='bbox 645 3207 664 3289; x_wconf 75' lang='grc' dir='ltr'><strong>ᾖ</strong></span> <span class='ocrx_word' id='word_1_249' title='bbox 692 3207 745 3271; x_wconf 82' lang='grc' dir='ltr'>οὐκ</span> <span class='ocrx_word' id='word_1_250' title='bbox 776 3207 884 3291; x_wconf 86' lang='grc' dir='ltr'>ἀληθὲς</span> <span class='ocrx_word' id='word_1_251' title='bbox 915 3210 947 3271; x_wconf 87' lang='grc' dir='ltr'>τδ</span> <span class='ocrx_word' id='word_1_252' title='bbox 977 3210 1028 3278; x_wconf 83' lang='grc' dir='ltr'>τὰς</span> <span class='ocrx_word' id='word_1_253' title='bbox 1055 3211 1189 3291; x_wconf 87' lang='grc' dir='ltr'>δυνάμεις</span> <span class='ocrx_word' id='word_1_254' title='bbox 1219 3215 1275 3272; x_wconf 92' lang='grc' dir='ltr'>τῶν</span> <span class='ocrx_word' id='word_1_255' title='bbox 1308 3209 1515 3292; x_wconf 84' lang='grc' dir='ltr'>ἀντικειμένων</span> <span class='ocrx_word' id='word_1_256' title='bbox 1530 3228 1558 3270; x_wconf 82' lang='grc' dir='ltr'>ια</span> 
     </span>
     <span class='ocr_line' id='line_1_27' title="bbox 257 3307 1514 3395; baseline 0.006 -24"><span class='ocrx_word' id='word_1_257' title='bbox 257 3307 433 3392; x_wconf 80' lang='grc' dir='ltr'>ἀδιαφόρους</span> <span class='ocrx_word' id='word_1_258' title='bbox 459 3307 533 3371; x_wconf 86' lang='grc' dir='ltr'>εἶναι</span> <span class='ocrx_word' id='word_1_259' title='bbox 562 3311 610 3370; x_wconf 85' lang='grc' dir='ltr'>καὶ</span> <span class='ocrx_word' id='word_1_260' title='bbox 637 3309 737 3390; x_wconf 81' lang='grc' dir='ltr'>μέσας,</span> <span class='ocrx_word' id='word_1_261' title='bbox 788 3316 868 3373; x_wconf 88' lang='grc' dir='ltr'>παῖσα</span> <span class='ocrx_word' id='word_1_262' title='bbox 895 3311 950 3393; x_wconf 82' lang='grc' dir='ltr'>ηάρ</span> <span class='ocrx_word' id='word_1_263' title='bbox 977 3311 1095 3395; x_wconf 77' lang='grc' dir='ltr'>τοιαύτη</span> <span class='ocrx_word' id='word_1_264' title='bbox 1124 3311 1242 3395; x_wconf 89' lang='grc' dir='ltr'>δύναμις</span> <span class='ocrx_word' id='word_1_265' title='bbox 1269 3312 1379 3394; x_wconf 77' lang='grc' dir='ltr'>ἀγαθόν</span> <span class='ocrx_word' id='word_1_266' title='bbox 1407 3335 1438 3375; x_wconf 87' lang='grc' dir='ltr'>τε</span> <span class='ocrx_word' id='word_1_267' title='bbox 1466 3317 1514 3378; x_wconf 84' lang='grc' dir='ltr'>καί</span> 
     </span>
     <span class='ocr_line' id='line_1_28' title="bbox 256 3409 1516 3498; baseline 0.005 -26"><span class='ocrx_word' id='word_1_268' title='bbox 256 3410 369 3494; x_wconf 82' lang='grc' dir='ltr'>αίρετδν</span> <span class='ocrx_word' id='word_1_269' title='bbox 399 3415 442 3494; x_wconf 84' lang='grc' dir='ltr'>τῷ</span> <span class='ocrx_word' id='word_1_270' title='bbox 467 3411 574 3473; x_wconf 87' lang='grc' dir='ltr'>σκοπδν</span> <span class='ocrx_word' id='word_1_271' title='bbox 604 3409 684 3495; x_wconf 84' lang='grc' dir='ltr'>ἔχειν</span> <span class='ocrx_word' id='word_1_272' title='bbox 712 3414 744 3475; x_wconf 87' lang='grc' dir='ltr'>τὸ</span> <span class='ocrx_word' id='word_1_273' title='bbox 769 3413 878 3497; x_wconf 82' lang='grc' dir='ltr'>βέλτιον</span> <span class='ocrx_word' id='word_1_274' title='bbox 907 3415 947 3475; x_wconf 86' lang='grc' dir='ltr'>ὦν</span> <span class='ocrx_word' id='word_1_275' title='bbox 975 3413 1105 3475; x_wconf 91' lang='grc' dir='ltr'>δύναται·</span> <span class='ocrx_word' id='word_1_276' title='bbox 1138 3414 1170 3475; x_wconf 89' lang='grc' dir='ltr'>τδ</span> <span class='ocrx_word' id='word_1_277' title='bbox 1196 3414 1250 3498; x_wconf 81' lang='grc' dir='ltr'>ηάρ</span> <span class='ocrx_word' id='word_1_278' title='bbox 1277 3419 1377 3497; x_wconf 87' lang='grc' dir='ltr'>χεῖρον</span> <span class='ocrx_word' id='word_1_279' title='bbox 1400 3415 1430 3476; x_wconf 84' lang='grc' dir='ltr'>ἐν</span> <span class='ocrx_word' id='word_1_280' title='bbox 1454 3421 1516 3485; x_wconf 89' lang='grc' dir='ltr'>τοῖς</span> 
     </span>
     <span class='ocr_line' id='line_1_29' title="bbox 256 3510 1557 3599; baseline 0.003 -26"><span class='ocrx_word' id='word_1_281' title='bbox 256 3512 377 3595; x_wconf 83' lang='grc' dir='ltr'>δυνάμει</span> <span class='ocrx_word' id='word_1_282' title='bbox 399 3535 426 3574; x_wconf 96' lang='grc' dir='ltr'>τι</span> <span class='ocrx_word' id='word_1_283' title='bbox 448 3510 528 3576; x_wconf 80' lang='grc' dir='ltr'>οὖσιν</span> <span class='ocrx_word' id='word_1_284' title='bbox 551 3514 657 3595; x_wconf 71' lang='grc' dir='ltr'>γίνεται</span> <span class='ocrx_word' id='word_1_285' title='bbox 685 3515 732 3575; x_wconf 87' lang='grc' dir='ltr'>καὶ</span> <span class='ocrx_word' id='word_1_286' title='bbox 763 3514 836 3577; x_wconf 84' lang='grc' dir='ltr'>κατὰ</span> <span class='ocrx_word' id='word_1_287' title='bbox 861 3516 1023 3599; x_wconf 87' lang='grc' dir='ltr'>ἀποτυχίαν</span> <span class='ocrx_word' id='word_1_288' title='bbox 1046 3517 1117 3577; x_wconf 87' lang='grc' dir='ltr'>τινά.</span> <span class='ocrx_word' id='word_1_289' title='bbox 1163 3515 1218 3578; x_wconf 79' lang='grc' dir='ltr'>ὅσα</span> <span class='ocrx_word' id='word_1_290' title='bbox 1240 3539 1272 3578; x_wconf 87' lang='grc' dir='ltr'>τε</span> <span class='ocrx_word' id='word_1_291' title='bbox 1298 3517 1351 3599; x_wconf 67' lang='grc' dir='ltr'>γάρ</span> <span class='ocrx_word' id='word_1_292' title='bbox 1375 3519 1449 3580; x_wconf 84' lang='grc' dir='ltr'>κατά</span> <span class='ocrx_word' id='word_1_293' title='bbox 1473 3520 1516 3582; x_wconf 84' lang='grc' dir='ltr'>τέ·</span> <span class='ocrx_word' id='word_1_294' title='bbox 1531 3536 1557 3578; x_wconf 82' lang='grc' dir='ltr'>ιο</span> 
     </span>
     <span class='ocr_line' id='line_1_30' title="bbox 257 3615 1512 3706; baseline 0.007 -32"><span class='ocrx_word' id='word_1_295' title='bbox 257 3636 329 3697; x_wconf 92' lang='grc' dir='ltr'>χνην</span> <span class='ocrx_word' id='word_1_296' title='bbox 353 3619 410 3677; x_wconf 91' lang='grc' dir='ltr'>τῶν</span> <span class='ocrx_word' id='word_1_297' title='bbox 433 3615 570 3677; x_wconf 90' lang='grc' dir='ltr'>τοιούτων</span> <span class='ocrx_word' id='word_1_298' title='bbox 595 3616 711 3697; x_wconf 72' lang='grc' dir='ltr'>γίνεται,</span> <span class='ocrx_word' id='word_1_299' title='bbox 742 3621 792 3679; x_wconf 81' lang='grc' dir='ltr'>τοῦ</span> <span class='ocrx_word' id='word_1_300' title='bbox 815 3617 959 3700; x_wconf 88' lang='grc' dir='ltr'>βελτίονος</span> <span class='ocrx_word' id='word_1_301' title='bbox 982 3619 1066 3702; x_wconf 82' lang='grc' dir='ltr'>χάριν</span> <span class='ocrx_word' id='word_1_302' title='bbox 1094 3622 1153 3679; x_wconf 95' lang='grc' dir='ltr'>τῶν</span> <span class='ocrx_word' id='word_1_303' title='bbox 1180 3618 1346 3700; x_wconf 82' lang='grc' dir='ltr'>δυναμένων</span> <span class='ocrx_word' id='word_1_304' title='bbox 1374 3618 1405 3680; x_wconf 86' lang='grc' dir='ltr'>ἐν</span> <span class='ocrx_word' id='word_1_305' title='bbox 1427 3620 1512 3706; x_wconf 82' lang='grc' dir='ltr'>αὐτῷ</span> 
     </span>
     <span class='ocr_line' id='line_1_31' title="bbox 202 3716 1568 3807; baseline 0.004 -28"><span class='ocrx_word' id='word_1_306' title='bbox 202 3736 237 3783; x_wconf 87' lang='grc' dir='ltr'>3ο</span> <span class='ocrx_word' id='word_1_307' title='bbox 254 3717 391 3799; x_wconf 71' lang='grc' dir='ltr'>γενέσθαι</span> <span class='ocrx_word' id='word_1_308' title='bbox 417 3716 542 3802; x_wconf 70' lang='grc' dir='ltr'>ηίίνεται,</span> <span class='ocrx_word' id='word_1_309' title='bbox 575 3716 629 3780; x_wconf 83' lang='grc' dir='ltr'>ὅσα</span> <span class='ocrx_word' id='word_1_310' title='bbox 658 3740 689 3779; x_wconf 89' lang='grc' dir='ltr'>τε</span> <span class='ocrx_word' id='word_1_311' title='bbox 716 3718 790 3780; x_wconf 86' lang='grc' dir='ltr'>κατὰ</span> <span class='ocrx_word' id='word_1_312' title='bbox 817 3719 917 3803; x_wconf 88' lang='grc' dir='ltr'>φύσιν,</span> <span class='ocrx_word' id='word_1_313' title='bbox 945 3720 1063 3799; x_wconf 84' lang='grc' dir='ltr'>δμοίως.</span> <span class='ocrx_word' id='word_1_314' title='bbox 1108 3720 1141 3782; x_wconf 88' lang='grc' dir='ltr'>τδ</span> <span class='ocrx_word' id='word_1_315' title='bbox 1167 3719 1220 3803; x_wconf 78' lang='grc' dir='ltr'>ηάρ</span> <span class='ocrx_word' id='word_1_316' title='bbox 1248 3724 1329 3783; x_wconf 88' lang='grc' dir='ltr'>πλεῖν</span> <span class='ocrx_word' id='word_1_317' title='bbox 1357 3721 1413 3783; x_wconf 85' lang='grc' dir='ltr'>ὑπὸ</span> <span class='ocrx_word' id='word_1_318' title='bbox 1441 3728 1495 3807; x_wconf 78' lang='grc' dir='ltr'>τῆς</span> <span class='ocrx_word' id='word_1_319' title='bbox 1517 3733 1568 3788; x_wconf 70' lang='grc'>227</span> 
     </span>
     <span class='ocr_line' id='line_1_32' title="bbox 256 3818 1515 3907; baseline 0.006 -26"><span class='ocrx_word' id='word_1_320' title='bbox 256 3821 463 3904; x_wconf 78' lang='grc' dir='ltr'>κυβερνητικῆς</span> <span class='ocrx_word' id='word_1_321' title='bbox 488 3824 541 3902; x_wconf 77' lang='grc' dir='ltr'>τῆς</span> <span class='ocrx_word' id='word_1_322' title='bbox 564 3818 701 3888; x_wconf 81' lang='grc' dir='ltr'>εὐπλοίας</span> <span class='ocrx_word' id='word_1_323' title='bbox 729 3822 815 3905; x_wconf 92' lang='grc' dir='ltr'>χάριν</span> <span class='ocrx_word' id='word_1_324' title='bbox 838 3822 963 3904; x_wconf 82' lang='grc' dir='ltr'>εὑρέθη,</span> <span class='ocrx_word' id='word_1_325' title='bbox 992 3823 1040 3884; x_wconf 87' lang='grc' dir='ltr'>καὶ</span> <span class='ocrx_word' id='word_1_326' title='bbox 1063 3823 1095 3885; x_wconf 88' lang='grc' dir='ltr'>τδ</span> <span class='ocrx_word' id='word_1_327' title='bbox 1118 3821 1208 3905; x_wconf 88' lang='grc' dir='ltr'>πρίειν</span> <span class='ocrx_word' id='word_1_328' title='bbox 1236 3823 1293 3884; x_wconf 88' lang='grc' dir='ltr'>ύπδ</span> <span class='ocrx_word' id='word_1_329' title='bbox 1317 3827 1369 3907; x_wconf 75' lang='grc' dir='ltr'>τῆς</span> <span class='ocrx_word' id='word_1_330' title='bbox 1390 3846 1515 3889; x_wconf 86' lang='grc' dir='ltr'>τεκτονι·</span> 
     </span>
    </p>
   </div>
   <div class='ocr_carea' id='block_1_5' title="bbox 201 4075 1569 4934">
    <p class='ocr_par' dir='ltr' id='par_1_5' title="bbox 201 4075 1569 4934">
     <span class='ocr_line' id='line_1_33' title="bbox 202 4075 1532 4153; baseline 0.009 -25"><span class='ocrx_word' id='word_1_331' title='bbox 202 4075 226 4128; x_wconf 85' lang='grc'>2.</span> <span class='ocrx_word' id='word_1_332' title='bbox 246 4075 262 4128; x_wconf 86' lang='grc'><strong>3</strong></span> <span class='ocrx_word' id='word_1_333' title='bbox 286 4076 574 4146; x_wconf 80' lang='grc' dir='ltr'>πότερον-ὠφελίμων</span> <span class='ocrx_word' id='word_1_334' title='bbox 594 4093 643 4129; x_wconf 86' lang='lat' dir='ltr'>om.</span> <span class='ocrx_word' id='word_1_335' title='bbox 657 4081 697 4131; x_wconf 85' lang='lat' dir='ltr'><strong>tit.</strong></span> <span class='ocrx_word' id='word_1_336' title='bbox 787 4080 803 4132; x_wconf 88' lang='lat'>5</span> <span class='ocrx_word' id='word_1_337' title='bbox 822 4080 860 4148; x_wconf 71' lang='grc' dir='ltr'>τη]</span> <span class='ocrx_word' id='word_1_338' title='bbox 878 4095 928 4132; x_wconf 87' lang='lat' dir='ltr'>om.</span> <span class='ocrx_word' id='word_1_339' title='bbox 947 4084 1019 4148; x_wconf 77' lang='lat' dir='ltr'>aSp.</span> <span class='ocrx_word' id='word_1_340' title='bbox 1106 4078 1289 4153; x_wconf 78' lang='grc' dir='ltr'>Ἀριστοτέλους</span> <span class='ocrx_word' id='word_1_341' title='bbox 1307 4101 1323 4135; x_wconf 85' lang='grc' dir='ltr'>α</span> <span class='ocrx_word' id='word_1_342' title='bbox 1341 4086 1398 4149; x_wconf 85' lang='lat' dir='ltr'>Sp.:</span> <span class='ocrx_word' id='word_1_343' title='bbox 1417 4100 1469 4137; x_wconf 87' lang='lat' dir='ltr'>om.</span> <span class='ocrx_word' id='word_1_344' title='bbox 1488 4089 1532 4140; x_wconf 54' lang='lat' dir='ltr'>tit„</span> 
     </span>
     <span class='ocr_line' id='line_1_34' title="bbox 202 4162 1537 4242; baseline 0.01 -28"><span class='ocrx_word' id='word_1_345' title='bbox 202 4162 436 4234; x_wconf 72' lang='grc' dir='ltr'>Ἠν-μαθήματι]</span> <span class='ocrx_word' id='word_1_346' title='bbox 450 4169 578 4237; x_wconf 76' lang='grc' dir='ltr'>πανταχοῦ</span> <span class='ocrx_word' id='word_1_347' title='bbox 592 4167 632 4217; x_wconf 85' lang='lat' dir='ltr'>tit.</span> <span class='ocrx_word' id='word_1_348' title='bbox 706 4167 739 4217; x_wconf 88' lang='grc'>10</span> <span class='ocrx_word' id='word_1_349' title='bbox 753 4164 964 4220; x_wconf 77' lang='grc' dir='ltr'>ἀκολουθοῦσινα</span> <span class='ocrx_word' id='word_1_350' title='bbox 1037 4169 1237 4239; x_wconf 77' lang='grc' dir='ltr'>ίίὴἡδ.υ8ρ.</span> <span class='ocrx_word' id='word_1_351' title='bbox 1311 4169 1342 4222; x_wconf 85' lang='grc'>13</span> <span class='ocrx_word' id='word_1_352' title='bbox 1356 4171 1537 4242; x_wconf 77' lang='grc' dir='ltr'>ἑαυτάςαὸρ.</span> 
     </span>
     <span class='ocr_line' id='line_1_35' title="bbox 205 4247 1569 4326; baseline 0.01 -24"><span class='ocrx_word' id='word_1_353' title='bbox 205 4251 236 4304; x_wconf 85' lang='grc'>15</span> <span class='ocrx_word' id='word_1_354' title='bbox 254 4252 327 4322; x_wconf 89' lang='grc' dir='ltr'>χάριν</span> <span class='ocrx_word' id='word_1_355' title='bbox 346 4251 451 4320; x_wconf 87' lang='grc' dir='ltr'>αἱρετόν,</span> <span class='ocrx_word' id='word_1_356' title='bbox 471 4247 524 4303; x_wconf 79' lang='grc' dir='ltr'>ἀλλ’</span> <span class='ocrx_word' id='word_1_357' title='bbox 544 4254 585 4304; x_wconf 81' lang='lat' dir='ltr'><strong>tit.</strong></span> <span class='ocrx_word' id='word_1_358' title='bbox 683 4258 728 4305; x_wconf 75' lang='grc' dir='ltr'>τοῦ</span> <span class='ocrx_word' id='word_1_359' title='bbox 747 4252 827 4305; x_wconf 76' lang='grc' dir='ltr'>καλοῦ</span> <span class='ocrx_word' id='word_1_360' title='bbox 846 4270 895 4306; x_wconf 84' lang='grc' dir='ltr'>οω.</span> <span class='ocrx_word' id='word_1_361' title='bbox 915 4274 931 4306; x_wconf 84' lang='grc' dir='ltr'>ο</span> <span class='ocrx_word' id='word_1_362' title='bbox 949 4258 993 4323; x_wconf 85' lang='lat' dir='ltr'>Sp.</span> <span class='ocrx_word' id='word_1_363' title='bbox 1104 4258 1133 4308; x_wconf 81' lang='grc' dir='ltr'>1ίὶ</span> <span class='ocrx_word' id='word_1_364' title='bbox 1153 4256 1289 4326; x_wconf 73' lang='grc' dir='ltr'>μεσότητές</span> <span class='ocrx_word' id='word_1_365' title='bbox 1307 4257 1366 4309; x_wconf 84' lang='grc' dir='ltr'>τίσιν</span> <span class='ocrx_word' id='word_1_366' title='bbox 1385 4263 1431 4311; x_wconf 79' lang='grc' dir='ltr'>του</span> <span class='ocrx_word' id='word_1_367' title='bbox 1450 4260 1569 4316; x_wconf 76' lang='grc' dir='ltr'>καλοῦσι</span> 
     </span>
     <span class='ocr_line' id='line_1_36' title="bbox 201 4339 1533 4416; baseline 0.008 -25"><span class='ocrx_word' id='word_1_368' title='bbox 201 4340 245 4405; x_wconf 90' lang='lat' dir='ltr'>Sp.</span> <span class='ocrx_word' id='word_1_369' title='bbox 328 4340 358 4389; x_wconf 77' lang='lat'>17</span> <span class='ocrx_word' id='word_1_370' title='bbox 378 4339 482 4410; x_wconf 86' lang='grc' dir='ltr'>πότερον</span> <span class='ocrx_word' id='word_1_371' title='bbox 495 4339 511 4406; x_wconf 79' lang='grc' dir='ltr'><strong>ἡ</strong></span> <span class='ocrx_word' id='word_1_372' title='bbox 526 4339 553 4409; x_wconf 75' lang='grc' dir='ltr'>(ἢ</span> <span class='ocrx_word' id='word_1_373' title='bbox 568 4340 626 4391; x_wconf 78' lang='lat' dir='ltr'>add.</span> <span class='ocrx_word' id='word_1_374' title='bbox 640 4341 721 4405; x_wconf 82' lang='lat' dir='ltr'>vict.)</span> <span class='ocrx_word' id='word_1_375' title='bbox 736 4341 771 4397; x_wconf 83' lang='grc' dir='ltr'>ὡς</span> <span class='ocrx_word' id='word_1_376' title='bbox 789 4343 858 4409; x_wconf 78' lang='grc' dir='ltr'>γένος</span> <span class='ocrx_word' id='word_1_377' title='bbox 878 4341 893 4410; x_wconf 74' lang='grc' dir='ltr'>η</span> <span class='ocrx_word' id='word_1_378' title='bbox 914 4342 949 4400; x_wconf 87' lang='grc' dir='ltr'>ῶς</span> <span class='ocrx_word' id='word_1_379' title='bbox 967 4342 1026 4395; x_wconf 84' lang='grc' dir='ltr'>όλον</span> <span class='ocrx_word' id='word_1_380' title='bbox 1045 4351 1097 4395; x_wconf 83' lang='grc' dir='ltr'>τῶν</span> <span class='ocrx_word' id='word_1_381' title='bbox 1111 4345 1206 4414; x_wconf 82' lang='grc' dir='ltr'>ἀρετῶν</span> <span class='ocrx_word' id='word_1_382' title='bbox 1221 4345 1237 4413; x_wconf 79' lang='grc' dir='ltr'>ἡ</span> <span class='ocrx_word' id='word_1_383' title='bbox 1257 4345 1332 4415; x_wconf 76' lang='grc' dir='ltr'>ἀρετη</span> <span class='ocrx_word' id='word_1_384' title='bbox 1348 4346 1388 4397; x_wconf 77' lang='lat' dir='ltr'>tit.</span> <span class='ocrx_word' id='word_1_385' title='bbox 1403 4347 1471 4399; x_wconf 85' lang='lat' dir='ltr'>vict.</span> <span class='ocrx_word' id='word_1_386' title='bbox 1485 4352 1533 4416; x_wconf 87' lang='lat' dir='ltr'>Sp.</span> 
     </span>
     <span class='ocr_line' id='line_1_37' title="bbox 204 4423 1568 4501; baseline 0.009 -25"><span class='ocrx_word' id='word_1_387' title='bbox 204 4425 236 4477; x_wconf 80' lang='lat'>18</span> <span class='ocrx_word' id='word_1_388' title='bbox 249 4424 326 4495; x_wconf 88' lang='grc' dir='ltr'>άλλης</span> <span class='ocrx_word' id='word_1_389' title='bbox 338 4424 429 4484; x_wconf 81' lang='grc' dir='ltr'>λέξεως</span> <span class='ocrx_word' id='word_1_390' title='bbox 442 4424 555 4496; x_wconf 76' lang='grc' dir='ltr'>ἐξήγησις</span> <span class='ocrx_word' id='word_1_391' title='bbox 568 4426 597 4478; x_wconf 84' lang='grc' dir='ltr'>ἐκ</span> <span class='ocrx_word' id='word_1_392' title='bbox 610 4431 654 4477; x_wconf 78' lang='grc' dir='ltr'>τοῦ</span> <span class='ocrx_word' id='word_1_393' title='bbox 667 4429 750 4496; x_wconf 82' lang='grc' dir='ltr'>τρίτου</span> <span class='ocrx_word' id='word_1_394' title='bbox 763 4434 815 4479; x_wconf 85' lang='grc' dir='ltr'>τῶν</span> <span class='ocrx_word' id='word_1_395' title='bbox 828 4423 1008 4500; x_wconf 81' lang='grc' dir='ltr'>Νικομαχείων</span> <span class='ocrx_word' id='word_1_396' title='bbox 1021 4428 1135 4482; x_wconf 77' lang='grc' dir='ltr'>Ἠθικῶν</span> <span class='ocrx_word' id='word_1_397' title='bbox 1146 4428 1336 4500; x_wconf 79' lang='grc' dir='ltr'>Ἀριστοτέλους,</span> <span class='ocrx_word' id='word_1_398' title='bbox 1347 4428 1376 4483; x_wconf 74' lang='grc' dir='ltr'>δι’</span> <span class='ocrx_word' id='word_1_399' title='bbox 1389 4431 1419 4501; x_wconf 72' lang='grc' dir='ltr'>ἧς</span> <span class='ocrx_word' id='word_1_400' title='bbox 1432 4433 1568 4500; x_wconf 80' lang='grc' dir='ltr'>δείκνυται,</span> 
     </span>
     <span class='ocr_line' id='line_1_38' title="bbox 202 4509 1568 4585; baseline 0.007 -22"><span class='ocrx_word' id='word_1_401' title='bbox 202 4509 240 4564; x_wconf 90' lang='grc' dir='ltr'>ότι</span> <span class='ocrx_word' id='word_1_402' title='bbox 258 4513 301 4564; x_wconf 83' lang='grc' dir='ltr'>καί</span> <span class='ocrx_word' id='word_1_403' title='bbox 320 4513 344 4564; x_wconf 91' lang='grc' dir='ltr'>αί</span> <span class='ocrx_word' id='word_1_404' title='bbox 363 4514 450 4564; x_wconf 84' lang='grc' dir='ltr'>κακίαι</span> <span class='ocrx_word' id='word_1_405' title='bbox 468 4521 521 4570; x_wconf 91' lang='grc' dir='ltr'>ταῖς</span> <span class='ocrx_word' id='word_1_406' title='bbox 540 4514 637 4583; x_wconf 83' lang='grc' dir='ltr'>ἀρεταῖς</span> <span class='ocrx_word' id='word_1_407' title='bbox 657 4513 751 4580; x_wconf 80' lang='grc' dir='ltr'>ὁμοίως</span> <span class='ocrx_word' id='word_1_408' title='bbox 770 4512 812 4584; x_wconf 66' lang='grc' dir='ltr'>ἐφ’</span> <span class='ocrx_word' id='word_1_409' title='bbox 832 4516 892 4585; x_wconf 72' lang='grc' dir='ltr'>ἡμῖν</span> <span class='ocrx_word' id='word_1_410' title='bbox 913 4520 953 4569; x_wconf 84' lang='grc' dir='ltr'>ιῖι.</span> <span class='ocrx_word' id='word_1_411' title='bbox 976 4519 1039 4570; x_wconf 67' lang='lat' dir='ltr'>vict.</span> <span class='ocrx_word' id='word_1_412' title='bbox 1060 4522 1103 4585; x_wconf 85' lang='lat' dir='ltr'>Sp.</span> <span class='ocrx_word' id='word_1_413' title='bbox 1211 4519 1245 4571; x_wconf 71' lang='lat'>‘20</span> <span class='ocrx_word' id='word_1_414' title='bbox 1263 4525 1318 4575; x_wconf 88' lang='grc' dir='ltr'>πῶς</span> <span class='ocrx_word' id='word_1_415' title='bbox 1336 4520 1356 4571; x_wconf 82' lang='grc' dir='ltr'>τί</span> <span class='ocrx_word' id='word_1_416' title='bbox 1374 4520 1404 4571; x_wconf 85' lang='grc' dir='ltr'>ἐκ</span> <span class='ocrx_word' id='word_1_417' title='bbox 1423 4526 1476 4572; x_wconf 86' lang='grc' dir='ltr'>τῶν</span> <span class='ocrx_word' id='word_1_418' title='bbox 1496 4523 1568 4574; x_wconf 78' lang='grc' dir='ltr'>ἐναν-</span> 
     </span>
     <span class='ocr_line' id='line_1_39' title="bbox 201 4599 1568 4678; baseline 0.01 -28"><span class='ocrx_word' id='word_1_419' title='bbox 201 4600 262 4650; x_wconf 83' lang='grc' dir='ltr'>τίων</span> <span class='ocrx_word' id='word_1_420' title='bbox 281 4601 313 4650; x_wconf 82' lang='grc' dir='ltr'>τά</span> <span class='ocrx_word' id='word_1_421' title='bbox 331 4600 430 4651; x_wconf 88' lang='grc' dir='ltr'>ἐναντία</span> <span class='ocrx_word' id='word_1_422' title='bbox 448 4599 550 4667; x_wconf 78' lang='grc' dir='ltr'>γίνεται,</span> <span class='ocrx_word' id='word_1_423' title='bbox 574 4599 621 4651; x_wconf 83' lang='grc' dir='ltr'>οδκ</span> <span class='ocrx_word' id='word_1_424' title='bbox 640 4601 708 4652; x_wconf 83' lang='grc' dir='ltr'>ἔσται</span> <span class='ocrx_word' id='word_1_425' title='bbox 733 4603 762 4653; x_wconf 88' lang='grc' dir='ltr'>ἐκ</span> <span class='ocrx_word' id='word_1_426' title='bbox 781 4603 826 4668; x_wconf 80' lang='grc' dir='ltr'>μὲν</span> <span class='ocrx_word' id='word_1_427' title='bbox 845 4603 1005 4673; x_wconf 86' lang='grc' dir='ltr'>δικαιοσύνης</span> <span class='ocrx_word' id='word_1_428' title='bbox 1023 4604 1114 4669; x_wconf 85' lang='grc' dir='ltr'>ἀδικία,</span> <span class='ocrx_word' id='word_1_429' title='bbox 1139 4607 1168 4656; x_wconf 86' lang='grc' dir='ltr'>ἐκ</span> <span class='ocrx_word' id='word_1_430' title='bbox 1187 4604 1213 4657; x_wconf 83' lang='grc' dir='ltr'>δὲ</span> <span class='ocrx_word' id='word_1_431' title='bbox 1233 4605 1329 4664; x_wconf 85' lang='grc' dir='ltr'>ἀδικίας</span> <span class='ocrx_word' id='word_1_432' title='bbox 1348 4605 1504 4678; x_wconf 86' lang='grc' dir='ltr'>δικαιοσύνη,</span> <span class='ocrx_word' id='word_1_433' title='bbox 1524 4612 1568 4663; x_wconf 85' lang='grc' dir='ltr'>καί</span> 
     </span>
     <span class='ocr_line' id='line_1_40' title="bbox 201 4685 1566 4765; baseline 0.008 -28"><span class='ocrx_word' id='word_1_434' title='bbox 201 4685 241 4737; x_wconf 85' lang='grc' dir='ltr'>ίπί</span> <span class='ocrx_word' id='word_1_435' title='bbox 258 4692 310 4737; x_wconf 87' lang='grc' dir='ltr'>τῶν</span> <span class='ocrx_word' id='word_1_436' title='bbox 330 4685 414 4737; x_wconf 82' lang='grc' dir='ltr'>ἄλλων</span> <span class='ocrx_word' id='word_1_437' title='bbox 433 4686 530 4754; x_wconf 82' lang='grc' dir='ltr'>ἀρετῶν</span> <span class='ocrx_word' id='word_1_438' title='bbox 549 4704 576 4738; x_wconf 86' lang='grc' dir='ltr'>τε</span> <span class='ocrx_word' id='word_1_439' title='bbox 595 4689 637 4738; x_wconf 85' lang='grc' dir='ltr'>καί</span> <span class='ocrx_word' id='word_1_440' title='bbox 656 4694 755 4740; x_wconf 85' lang='grc' dir='ltr'>κακιῶν</span> <span class='ocrx_word' id='word_1_441' title='bbox 776 4688 789 4740; x_wconf 89' lang='grc' dir='ltr'>δ</span> <span class='ocrx_word' id='word_1_442' title='bbox 809 4688 884 4747; x_wconf 77' lang='grc' dir='ltr'>αὐτὸς</span> <span class='ocrx_word' id='word_1_443' title='bbox 903 4689 976 4759; x_wconf 77' lang='grc' dir='ltr'>λόγος</span> <span class='ocrx_word' id='word_1_444' title='bbox 994 4694 1033 4744; x_wconf 82' lang='lat' dir='ltr'>tit.</span> <span class='ocrx_word' id='word_1_445' title='bbox 1050 4694 1117 4744; x_wconf 74' lang='lat' dir='ltr'><strong>vict.</strong></span> <span class='ocrx_word' id='word_1_446' title='bbox 1131 4696 1175 4760; x_wconf 82' lang='lat' dir='ltr'>sp.</span> <span class='ocrx_word' id='word_1_447' title='bbox 1269 4693 1302 4745; x_wconf 89' lang='grc'>22</span> <span class='ocrx_word' id='word_1_448' title='bbox 1321 4693 1368 4746; x_wconf 78' lang='grc' dir='ltr'>οὐκ</span> <span class='ocrx_word' id='word_1_449' title='bbox 1388 4694 1446 4746; x_wconf 81' lang='lat' dir='ltr'>add.</span> <span class='ocrx_word' id='word_1_450' title='bbox 1467 4696 1503 4748; x_wconf 64' lang='lat' dir='ltr'>B*</span> <span class='ocrx_word' id='word_1_451' title='bbox 1521 4699 1566 4765; x_wconf 76' lang='lat' dir='ltr'>sp.</span> 
     </span>
     <span class='ocr_line' id='line_1_41' title="bbox 202 4770 1567 4854; baseline 0.009 -29"><span class='ocrx_word' id='word_1_452' title='bbox 202 4771 261 4838; x_wconf 77' lang='grc' dir='ltr'>(οὐκ</span> <span class='ocrx_word' id='word_1_453' title='bbox 280 4772 304 4824; x_wconf 84' lang='grc' dir='ltr'>ἀ.</span> <span class='ocrx_word' id='word_1_454' title='bbox 324 4770 381 4825; x_wconf 81' lang='grc' dir='ltr'>ούτε</span> <span class='ocrx_word' id='word_1_455' title='bbox 400 4773 481 4824; x_wconf 85' lang='grc' dir='ltr'>κακόν</span> <span class='ocrx_word' id='word_1_456' title='bbox 495 4772 540 4838; x_wconf 78' lang='lat'><em>13²)</em></span> <span class='ocrx_word' id='word_1_457' title='bbox 645 4774 678 4827; x_wconf 83' lang='grc'>24</span> <span class='ocrx_word' id='word_1_458' title='bbox 696 4775 726 4827; x_wconf 85' lang='grc' dir='ltr'>τὸ</span> <span class='ocrx_word' id='word_1_459' title='bbox 745 4774 783 4844; x_wconf 82' lang='grc' dir='ltr'>δὲ]</span> <span class='ocrx_word' id='word_1_460' title='bbox 803 4779 846 4829; x_wconf 82' lang='grc' dir='ltr'>καί</span> <span class='ocrx_word' id='word_1_461' title='bbox 864 4777 922 4829; x_wconf 84' lang='grc' dir='ltr'>τὸυ</span> <span class='ocrx_word' id='word_1_462' title='bbox 940 4782 984 4845; x_wconf 86' lang='lat' dir='ltr'>Sp.</span> <span class='ocrx_word' id='word_1_463' title='bbox 1091 4781 1124 4830; x_wconf 83' lang='grc'>26</span> <span class='ocrx_word' id='word_1_464' title='bbox 1144 4780 1294 4849; x_wconf 80' lang='grc' dir='ltr'>ἀδιαφόρους</span> <span class='ocrx_word' id='word_1_465' title='bbox 1312 4783 1382 4834; x_wconf 57' lang='lat' dir='ltr'>swa</span> <span class='ocrx_word' id='word_1_466' title='bbox 1401 4785 1460 4849; x_wconf 90' lang='lat' dir='ltr'><strong>Sp.:</strong></span> <span class='ocrx_word' id='word_1_467' title='bbox 1479 4782 1567 4854; x_wconf 85' lang='grc' dir='ltr'>διαφό·</span> 
     </span>
     <span class='ocr_line' id='line_1_42' title="bbox 201 4859 1148 4934; baseline 0.01 -24"><span class='ocrx_word' id='word_1_468' title='bbox 201 4875 258 4929; x_wconf 91' lang='grc' dir='ltr'>ρους</span> <span class='ocrx_word' id='word_1_469' title='bbox 277 4861 381 4912; x_wconf 84' lang='lat' dir='ltr'>VS¹B¹:</span> <span class='ocrx_word' id='word_1_470' title='bbox 404 4859 433 4911; x_wconf 82' lang='grc' dir='ltr'>ού</span> <span class='ocrx_word' id='word_1_471' title='bbox 452 4859 585 4931; x_wconf 82' lang='grc' dir='ltr'>διαφόρους</span> <span class='ocrx_word' id='word_1_472' title='bbox 603 4860 639 4913; x_wconf 79' lang='lat'>13²</span> <span class='ocrx_word' id='word_1_473' title='bbox 754 4862 788 4914; x_wconf 86' lang='grc'>29</span> <span class='ocrx_word' id='word_1_474' title='bbox 806 4862 964 4933; x_wconf 78' lang='grc' dir='ltr'>δυναμένων]</span> <span class='ocrx_word' id='word_1_475' title='bbox 984 4865 1114 4934; x_wconf 84' lang='grc' dir='ltr'>δυνάμεων</span> <span class='ocrx_word' id='word_1_476' title='bbox 1133 4886 1148 4919; x_wconf 87' lang='grc' dir='ltr'>α</span> 
     </span>
    </p>
   </div>
   <div class='ocr_carea' id='block_1_6' title="bbox 0 0 1774 5610">
    <p class='ocr_par' dir='ltr' id='par_1_6' title="bbox 0 0 1774 5610">
     <span class='ocr_line' id='line_1_43' title="bbox 0 0 1774 5610; baseline 0 3"><span class='ocrx_word' id='word_1_477' title='bbox 0 0 1774 5610; x_wconf 95' lang='lat' dir='ltr'> </span> 
     </span>
    </p>
   </div>
  </div>
 </body>
</html>
