3540 5610
679 305 759 362 ΠΕΡΙ
780 305 1015 363 EIMAPMENHX
1034 310 1103 361 4-6
1511 309 1571 374 169

261 481 314 563 γάρ
336 481 384 543 ἐπὶ
407 480 507 550 τέλους
528 482 603 550 τινὸς
624 485 667 566 τιγὶ
692 485 743 564 τῆς
765 481 941 565 εἱμαρμένης
957 481 1076 564 ύνύματι
1091 485 1237 566 χρώμεθα
1252 482 1321 546 καθ’
1339 478 1516 567 εἱμαρμένην

260 581 332 645 αὐτὸ
355 584 486 665 λέγοντες
500 583 655 665 γεγονέναι.
693 583 737 646 διὸ
754 583 783 646 ἐν
801 587 860 650 τοῖς
876 582 962 645 ἕνεκά
983 606 1035 645 του
1051 584 1210 666 γινομένοις
1232 585 1385 666 ἀναγκαῖον
1408 583 1518 647 τιθέναι
1539 588 1568 644 14

261 685 314 766 τὴν
342 685 534 770 εἱμαρμένην·
562 687 610 749 καὶ
638 685 701 747 ἐπεὶ
728 689 786 747 τῶν
814 685 899 748 ἕνεκά
925 709 975 747 του
1004 686 1160 769 γινομένων
1183 687 1219 749 τὰ
1242 687 1294 769 μὲν
1316 686 1422 767 γίνεται
1444 685 1518 748 κατὰ

261 786 356 868 λύγον,
379 788 416 849 τὰ
438 789 470 850 δὲ
492 788 567 851 κατὰ
589 787 684 872 φύσιν,
707 787 773 870 ἢέν
790 786 965 870 ἀμφοτέροις
981 787 1079 855 αὐτοῖς
1093 789 1146 871 τὴν
1160 789 1339 872 εἱμαρμένην
1361 789 1515 870 ἀναγκαῖον

226 888 333 955 οεῖναι
355 891 498 964 τίθεσθαι,
522 893 563 958 ὡς
594 891 687 952 πάντα
713 890 749 951 τὰ
776 889 928 972 γιγνόμενα
955 888 1020 952 καθ’
1054 891 1230 974 εἱμαρμένην
1263 891 1393 973 γίνεσθαι
1416 890 1518 970 λέγειν,

261 992 280 1073 ἦ
304 992 334 1053 ἐν
358 992 482 1074 θατέρῳ.
530 991 604 1054 ἀλλὰ
626 992 662 1054 τὰ
686 993 737 1074 μὲν
760 990 833 1054 κατὰ
849 991 933 1072 λύγον
948 990 1082 1072 γινόμενα
1096 992 1189 1075 τούτῳ
1207 995 1288 1055 δοκεῖ
1301 992 1429 1074 γίνεσθαι
1445 992 1518 1054 κατὰ
1545 1009 1559 1051 5

262 1092 348 1176 λύγον
371 1099 413 1177 τῷ
437 1096 484 1156 τὸν
508 1098 644 1157 ποιοῦντα
666 1093 740 1156 αὐτὰ
763 1095 809 1156 καὶ
833 1098 883 1155 τοῦ
907 1094 948 1176 μὴ
971 1099 1062 1155 ποιεῖν
1086 1091 1165 1178 ἔχειν
1181 1095 1321 1163 ἐξουσίαν.
1366 1096 1402 1157 τά
1416 1117 1448 1156 τε
1463 1094 1517 1176 γὰρ

260 1195 316 1258 ὑπὸ
339 1202 398 1258 τῶν
420 1203 560 1280 τεχνιτῶν
582 1196 717 1278 γινόμενα
739 1196 813 1259 κατὰ
835 1196 941 1280 τέχνην
963 1196 1017 1259 οὐκ
1040 1197 1069 1264 ἐξ
1093 1198 1219 1280 ἀνάγκης
1246 1196 1295 1259 ὑπ’
1329 1195 1425 1259 αὐτῶν
1448 1197 1518 1278 γίνε·

262 1299 331 1360 σθαι
362 1301 443 1361 δοκεῖ
465 1298 574 1381 (οὕτως
600 1303 668 1382 γοῦν
696 1298 818 1361 ἕκαστον
845 1301 974 1360 ποιοῦσιν
1002 1298 1097 1361 αὐτῶν
1128 1302 1167 1367 ὡς
1195 1300 1241 1362 καὶ
1272 1303 1323 1361 τοῦ
1351 1300 1392 1381 μὴ
1428 1301 1518 1360 ποιεῖν
1533 1314 1560 1355 ιο

212 1400 334 1465 1οαύτά
357 1402 408 1483 τὴν
432 1400 496 1483 ἱσην
519 1399 638 1485 ἔχοντες
661 1400 805 1469 ἐξουσίαν·
828 1397 869 1461 ἔτι
892 1423 923 1461 τε
947 1405 1010 1468 πῶς
1032 1400 1085 1462 οὐκ
1101 1399 1209 1463 ἄτοπον
1225 1403 1277 1484 τὴν
1293 1402 1385 1463 οἰκίαν
1402 1402 1450 1462 καὶ
1464 1400 1517 1482 τὴν

263 1503 361 1585 κλίνην
385 1501 452 1565 καθ’
480 1503 657 1587 εἱμαρμένην
681 1503 773 1583 λέγειν
795 1501 940 1583 γεγονέναι
968 1502 988 1584 ἢ
1011 1503 1064 1584 τὴν
1091 1502 1179 1585 λύραν
1207 1502 1357 1587 ἡρμόσθαι
1384 1501 1452 1565 καθ’
1481 1503 1517 1564 εἱ-

261 1603 447 1688 μαρμένην;),
470 1605 546 1667 ἀλλὰ
570 1605 627 1688 μὴν
650 1607 699 1667 καὶ
721 1606 762 1666 ὧν
785 1602 951 1687 προαίρεσις
973 1605 1058 1687 κυρία
1080 1605 1185 1685 (ταῦτα
1213 1602 1239 1667 δ’
1268 1604 1345 1668 ἐστὶν
1369 1603 1425 1667 ύσα
1447 1601 1509 1666 κατ’

262 1709 367 1790 ἀρετήν
390 1708 491 1769 τεκαὶ
514 1708 616 1770 κακίαν
639 1705 809 1790 πράττεται)
832 1707 879 1768 καὶ
903 1710 994 1768 ταῦτα
1016 1705 1064 1790 ἐφ’
1093 1709 1162 1789 ἡμῖν
1186 1706 1257 1769 εἶναι
1281 1709 1370 1769 δοκεῖ.
1415 1706 1441 1769 εἱ
1464 1705 1511 1787 ἐρ’
1531 1723 1558 1765 ιο

261 1809 330 1891 ἡμῖν
354 1809 386 1871 δὲ
409 1813 509 1883 ταῦτα,
532 1809 574 1871 ὧν
597 1809 645 1872 καὶ
668 1812 719 1871 τοῦ
743 1808 913 1892 πραχθῆναι
934 1810 982 1871 καί
1006 1813 1056 1870 τοῦ
1080 1811 1120 1891 μὴ
1144 1810 1313 1893 πραχθῆναι
1336 1811 1421 1892 ἡμεῖς
1444 1807 1517 1870 εἶναι

210 1929 241 1977 15
261 1913 402 1992 δοκοῦμεν
425 1912 527 1994 κύριοι,
550 1911 660 1974 τούτων
684 1911 716 1973 δὲ
738 1909 795 1994 οὐχ
818 1909 878 1972 οίύν
902 1933 933 1972 τε
956 1910 1047 1992 λέγειν
1070 1912 1162 1973 αἰτίαν
1184 1913 1236 1994 τὴν
1255 1911 1433 1996 εἱμαρμένην
1449 1909 1517 1972 οὐδὲ

263 2012 357 2097 ἀρχὰς
378 2011 455 2075 εἱναί
473 2035 551 2081 τινας
583 2013 631 2076 καὶ
664 2012 756 2080 αἰτίας
789 2008 898 2081 ἔξωθεν
932 2012 1247 2096 προκαταβεβλημένας
1282 2018 1332 2076 τοῦ
1360 2015 1475 2081 πάντως
1497 2012 1559 2094 ἢου

259 2113 394 2194 γενέσθαι
415 2137 442 2176 τι
463 2115 560 2177 αὐτῶν
584 2114 661 2196 ῆμη
684 2113 819 2194 γενέσθαι
842 2112 953 2194 (οὐκέτι
975 2114 1029 2197 γὰρ
1053 2112 1088 2176 ἄν
1111 2113 1158 2196 εἴη
1181 2138 1207 2176 τι
1229 2117 1338 2177 τούτων
1362 2114 1410 2200 ἐφ’
1436 2117 1516 2198 ἡμῖν,

261 2217 288 2277 εί
309 2215 418 2297 γένοιτο
440 2219 541 2278 τοῦτον
564 2217 612 2278 τὸν
635 2214 767 2298 τρόπον),
796 2216 923 2277 λείπεται
945 2216 981 2298 δὴ
1004 2217 1104 2279 λοιπὸν
1127 2217 1179 2299 τὴν
1203 2218 1381 2301 εἱμαρμένην
1404 2218 1434 2280 ἐν
1458 2221 1516 2285 τοῖς
1537 2224 1570 2276 VI

260 2317 345 2400 φύσει
367 2319 525 2401 γινομένοις
551 2317 623 2380 εἶναι
651 2317 752 2399 λέγειν,
781 2320 821 2385 ὡς
847 2316 919 2380 εἶναι
947 2317 1049 2380 ταύτὸν
1079 2319 1255 2403 εἱμαρμένην
1283 2343 1315 2383 τε
1342 2321 1389 2382 καὶ
1422 2320 1517 2404 φύσιν.

203 2439 239 2486 20
261 2419 293 2482 τό
316 2443 348 2482 τε
369 2420 423 2504 γὰρ
445 2419 620 2504 εἱμαρμένον
644 2420 717 2482 κατὰ
740 2419 825 2502 φύσιν
848 2423 896 2482 καὶ
919 2421 951 2482 τὸ
976 2420 1049 2482 κατά
1074 2420 1159 2505 φύσιν
1175 2422 1358 2505 εἱμαρμένον.
1403 2421 1437 2484 οὐ
1460 2421 1513 2505 γὰρ
1528 2438 1556 2480 ου

256 2523 437 2607 κατὰφύσιν
462 2524 514 2604 μέν
537 2524 612 2585 ἐστιν
636 2521 791 2605 ἄνθρωπον
816 2523 846 2591 ἐξ
870 2523 1027 2606 ἀνθρώπου
1049 2525 1098 2586 καὶ
1113 2524 1200 2586 ἱππον
1224 2525 1252 2593 ἐξ
1269 2526 1357 2588 ἱππου
1373 2525 1513 2606 γίνεσθαι,

256 2625 290 2689 οὐ
313 2624 382 2688 καθ’
409 2625 588 2708 εἱμαρμένην
618 2623 660 2702 δέ,
688 2624 763 2686 ἀλλὰ
792 2624 938 2687 συνοδεύει
965 2625 1000 2686 τὰ
1027 2623 1104 2687 αἱτια
1133 2630 1223 2689 ταῦτα
1251 2627 1388 2709 ἀλλήλοις
1416 2631 1457 2695 ὡς
1480 2625 1514 2688 ἂν

257 2725 366 2811 ἔχοντα
388 2727 461 2790 κατὰ
483 2725 610 2809 τοῦνομα
633 2727 720 2809 μόνον
743 2728 795 2810 τὴν
818 2728 968 2811 διαφοράν.
1022 2728 1066 2789 διὸ
1095 2730 1143 2790 καὶ
1171 2729 1207 2790 τὰ
1235 2736 1336 2813 πρῶτα
1364 2736 1415 2813 τῆς
1443 2729 1516 2791 κατὰ

256 2830 341 2912 φύσιν
369 2830 501 2898 ἑκάστοις
527 2829 667 2912 γενέσεως
697 2828 774 2892 αἴτια
801 2827 895 2913 (ἔστιν
926 2832 959 2893 δὲ
985 2834 1076 2892 ταῦτα
1102 2829 1164 2914 (td)
1190 2833 1257 2895 θεῖοι
1285 2834 1333 2895 καὶ
1364 2832 1515 2915 ἠτούτων
1529 2847 1558 2890 ου

203 2951 237 3000 ‘25
256 2930 394 3000 εύτακτος
416 2933 576 3016 περιφορὰ)
598 2934 646 2995 καί
669 2938 723 3016 τῆς
744 2933 921 3016 εἱμαρμένης
949 2931 1026 2996 αἴτια
1048 2934 1188 3015 λέγουσιν.
1234 2937 1329 3020 πάσης
1358 2936 1411 3019 γὰρ
1440 2933 1515 3016 γενέ·

256 3057 332 3103 σεως
353 3035 431 3119 ἀρχὴ
455 3036 475 3117 ἡ
499 3040 556 3097 τῶν
581 3035 668 3098 θείων
691 3035 765 3099 κατὰ
787 3036 838 3118 τὴν
861 3037 971 3118 κίνησιν
997 3036 1066 3098 ποιὰ
1089 3036 1191 3120 σχέσις
1207 3038 1279 3121 πρὸς
1299 3038 1333 3100 τὰ
1348 3040 1430 3120 τῇδε.
1468 3036 1516 3099 οὔ·

258 3158 313 3221 σης
335 3137 367 3199 δὲ
389 3142 440 3221 τῆς
463 3137 640 3220 εἱμαρμένης
667 3138 696 3200 ἐν
724 3137 835 3206 τούτοις
861 3160 892 3200 τε
920 3138 968 3200 καὶ
994 3138 1129 3221 τοιαύτης
1152 3139 1304 3220 ἀναγκαῖον
1332 3143 1373 3209 ὥς
1402 3139 1436 3202 ἂν
1459 3139 1517 3225 ἔχη
1538 3146 1567 3202 16

256 3239 292 3302 τὰ
314 3240 450 3323 γινόμενα
473 3241 545 3302 κατὰ
568 3239 653 3323 φύσιν
676 3241 769 3308 οὕτως
791 3238 870 3325 ἔχειν
894 3241 942 3302 καὶ
966 3240 1001 3302 τὰ
1024 3239 1093 3303 καθ’
1128 3242 1314 3325 εἱμαρμένην.
1359 3242 1434 3304 ἀλλὰ
1457 3245 1515 3325 μὴν

257 3340 293 3403 τὰ
315 3341 448 3424 γινόμενα
470 3341 546 3404 κατὰ
568 3343 653 3426 φύσιν
677 3341 729 3405 οὐκ
752 3342 782 3410 ἐξ
805 3343 932 3424 ἀνάγκης
954 3343 1070 3424 γίνεται,
1094 3341 1154 3404 ἀλλ’
1184 3342 1260 3405 ἔστιν
1284 3368 1302 3426 η
1325 3344 1435 3426 γένεσις
1457 3351 1515 3408 τῶν

205 3462 240 3510 30
259 3444 336 3507 οὕτω
358 3444 514 3526 γινομένων
538 3443 751 3526 ἐμποδιζομένη
774 3443 796 3523 †
822 3444 864 3505 διὸ
888 3445 958 3506 ποτὲ
982 3447 1032 3526 μὲν
1056 3448 1097 3513 ὡς
1120 3445 1167 3506 ἐπὶ
1191 3447 1223 3508 τὸ
1246 3449 1379 3510 πλεῖστον
1401 3449 1452 3529 μὲν
1475 3471 1516 3530 γι-
1542 3466 1556 3508 ο

254 3568 332 3609 νεται
352 3545 389 3608 τὰ
410 3545 545 3629 γινόμενα
568 3544 641 3607 κατὰ
663 3545 759 3629 φύσιν,
782 3545 815 3608 οὐ
840 3547 896 3630 μὴν
921 3546 951 3615 ἐξ
974 3548 1103 3632 ἀνάγκης
1126 3545 1230 3632 [ἔχει].
1276 3552 1378 3633 χώραν
1400 3549 1455 3634 γάρ
1482 3551 1512 3613 ἐν

207 3734 531 3743 ...----.--.--..

204 3852 220 3904 2
247 3870 275 3904 τε
297 3851 359 3904 αύτό
383 3852 513 3905 Eusebius
644 3871 690 3905 του
713 3853 850 3922 γινομένων
874 3855 1009 3922 γινομένοις
1032 3855 1060 3905 οἱ
1187 3856 1285 3925 ἀνάγκη
1310 3858 1338 3908 υἱ
1468 3859 1484 3911 5
1507 3859 1569 3911 εἶναι

203 3955 253 3992 om.
277 3940 329 3993 2¹0
454 3938 562 4008 6λύγον
587 3940 717 4008 γινόμενα]
741 3957 768 3992 ον
787 3958 801 4007 γ
821 3941 848 3991 in
867 3941 906 3992 lit.
926 3945 950 3990 V
1075 3942 1089 3992 ’ἱ
1116 3949 1181 3994 ποιεῖ
1204 3942 1261 3995 Cas.
1387 3943 1402 3994 θ
1422 3943 1494 4012 γοῦν]
1522 3945 1568 4015 γὰρ

203 4025 283 4079 Lond.
305 4028 327 4078 0
444 4025 529 4078 αὐτῶν
549 4027 613 4077 Va¹t
642 4025 713 4078 αὐτοὶ
732 4025 760 4077 8²
887 4029 918 4079 10
938 4027 977 4095 τε]
1005 4027 1031 4080 δὲ
1056 4032 1103 4082 EO
1233 4031 1260 4080 ll
1287 4030 1316 4097 ἡ]
1342 4032 1426 4084 καὶΟ

205 4113 245 4164 ll.
267 4111 298 4164 12
322 4108 385 4164 καθ’
405 4113 558 4184 εἱμαρμένην
581 4128 631 4164 om.
650 4111 678 4164 εί
804 4115 835 4164 14
865 4114 937 4183 ἡμεῖς
962 4130 1011 4166 om.
1035 4116 1062 4166 οἳ
1191 4117 1220 4169 15
1247 4117 1295 4168 ούκ
1319 4119 1345 4168 α’
1474 4117 1505 4168 18
1533 4119 1567 4183 εί]

202 4200 218 4266 ἡ
238 4199 266 4252 α’
372 4197 580 4267 ναιετάουσιν
599 4200 826 4271 καὶ-εἱμαρμένον
845 4201 904 4253 add.
924 4201 960 4253 V²
1060 4202 1091 4255 21
1113 4205 1225 4255 καίοιτο.
1245 4203 1302 4256 Cas.
1411 4204 1443 4256 2⁴2
1464 4204 1568 4270 υύ-δί]

203 4315 267 4372 καθ’
287 4320 440 4388 εἱμαρμένην
463 4317 488 4369 δὲ
508 4317 537 4369 ού
557 4320 613 4373 εὈ
738 4320 772 4372 24
800 4322 867 4374 αἱτια
890 4322 966 4385 (ἔστιν
989 4321 1014 4373 δὲ
1039 4327 1118 4375 ταῦτα
1142 4325 1194 4386 (τά)
1219 4325 1324 4391 scripsi:
1352 4326 1434 4377 αἱτιασ
1457 4328 1507 4379 ἔστι
1526 4315 1567 4378 οδὲ

200 4409 280 4458 ταῦτα
301 4406 348 4456 V¹:
367 4405 434 4457 αἱτια
453 4408 511 4456 τότε
531 4406 630 4457 v²Ba¹:
650 4405 716 4459 αἴτια
735 4411 771 4459 H:
791 4408 857 4459 αἴτιά
876 4409 953 4460 ἐστιν·
982 4410 1005 4460 οἱ
1024 4409 1049 4462 δὲ
1069 4410 1180 4462 αὐτὰτὰ
1200 4414 1247 4461 ΚΕ
1268 4415 1324 4478 (ριυ
1344 4413 1367 4464 οἱ
1387 4412 1427 4464 δὲι
1447 4413 1503 4483 ἤτοι
1523 4416 1567 4476 1⁴2⁷)

202 4491 249 4545 δι’
272 4491 354 4545 Lond.
377 4493 433 4556 (sed
457 4493 498 4544 hie
522 4494 546 4544 οἱ
568 4488 606 4555 δ’)
629 4493 699 4545 θέαι
728 4493 795 4546 αἴτια
818 4496 890 4548 τοὶΟ
1057 4497 1085 4566 ἡ]
1115 4498 1162 4565 τὶγν
1186 4497 1213 4548 a²
1381 4499 1414 4551 25
1443 4500 1565 4553 εὔτακτον

202 4581 339 4648 περιφοράν
357 4578 385 4631 8²
467 4584 472 4593 ’
536 4579 562 4630 δέ
586 4580 653 4632 αἴτια
671 4580 781 4648 λέγουσιν
805 4584 836 4633 τὰ
859 4581 922 4634 αύτά
942 4581 1003 4634 V²a¹
1146 4584 1178 4636 ‘26
1206 4586 1252 4653 τἠν
1277 4600 1326 4636 0111.
1349 4587 1375 4636 αἱ

201 4689 270 4771 τήίύι
294 4701 331 4753 sic
357 4702 380 4749 V
558 4701 590 4752 ‘27
618 4719 646 4754 τε
670 4718 719 4754 om.
744 4702 771 4752 ά)
980 4703 1014 4754 30
1041 4703 1223 4774 ἐμποδιζομένη
1253 4708 1321 4758 ποτέ.
1359 4707 1395 4758 διὸ
1424 4705 1504 4775 [μὲν]
1530 4707 1565 4764 ὡς

200 4789 273 4841 Diels
379 4789 439 4840 ποτὲ
458 4791 515 4856 μὲν]
540 4790 626 4859 περΒ
733 4789 778 4859 μὲν
798 4804 847 4840 om.
867 4789 931 4841 a²0:
956 4797 1014 4860 post
1037 4793 1129 4862 γίνεται
1154 4792 1211 4844 coll.
1235 4797 1257 4844 H
1383 4794 1413 4844 31
1444 4794 1496 4869 ἔχει
1516 4795 1564 4848 del.

201 4875 249 4926 V²z
269 4889 319 4930 om·
338 4875 390 4928 ³¹0
