3540 5610
215 304 275 368 108
696 299 848 359 ΑΠΟΡΙΩΝ
868 300 927 357 ΚΑΙ
950 300 1081 358 mm

267 474 365 559 τεθείη
388 475 455 558 παρ’
480 477 559 560 ἡμᾶς
580 478 613 539 τὸ
636 478 730 560 κύριον
754 479 849 557 τοῦδε;
874 475 907 540 ού
930 477 984 560 γὰρ
1007 476 1070 539 ἐπεὶ
1092 473 1253 557 κοινότερον
1275 473 1396 557 λέγομεν
1419 471 1513 555 φαίνε-

267 577 336 641 σθαι
359 581 427 663 ἡμῖν
450 580 497 642 καλ
519 581 551 642 τδ
574 578 648 641 κατὰ
677 579 724 641 τδν
748 577 832 660 λόγον
854 578 971 662 εὑρεθέν
994 601 1025 640 τε
1048 578 1096 641 καὶ
1118 575 1216 653 δόξαν,
1245 575 1302 660 ἤδη
1324 578 1384 661 χρὴ
1408 597 1512 659 φαντα·
1539 590 1554 631 ὅ

269 679 331 742 σίαν
353 683 448 744 τεκαὶ
471 682 518 744 ἐπὶ
534 682 677 765 φαντασίᾳ
699 681 790 763 λέγειν
805 682 857 763 τἠν
873 680 1006 763 τοιαύτην
1031 679 1250 761 συγκατάθεσιν,
1272 676 1346 759 εἴγε
1369 678 1514 761 ἠκυρίως

266 783 408 864 φαντασία
432 783 508 847 ἐστὶν
530 784 639 867 κίνησις
659 783 714 845 ύπδ
737 789 789 866 τῆς
811 781 871 846 κατ’
898 782 1038 866 ἐνέργειαν
1061 782 1235 865 αἰσθήσεως.
1281 780 1355 843 ἀλλὰ
1378 782 1410 843 τὸ
1434 781 1514 842 ἐπαι-

233 885 380 951 5νεῖσθαι
408 887 459 969 μὲν
487 886 552 954 τοὺς
578 883 819 969 βουλευομένους,
850 886 989 969 ψέγεσθαι
1016 885 1048 946 δὲ
1070 884 1137 951 τοὺς
1165 885 1216 966 μή,
1244 888 1365 967 σημεῖον
1387 886 1439 944 τοῦ
1463 878 1508 965 ἐφ’

267 989 336 1069 ἡμῖν
359 988 432 1051 εἶναι
459 989 491 1050 τὸ
515 987 707 1073 βουλεύεσθαι
734 988 781 1050 καὶ
810 987 850 1069 μὴ
878 993 929 1070 τῆς
956 987 1112 1071 φαντασίας
1135 983 1226 1068 ἔργον.
1270 987 1297 1048 οἱ
1320 985 1374 1069 γὰρ
1401 983 1512 1047 ἔπαινοι
1528 999 1555 1040 ιο

266 1092 313 1152 καὶ
336 1093 363 1152 οἱ
386 1091 469 1175 ψόγοι
492 1092 539 1154 ἐπὶ
562 1095 621 1159 τοῖς
643 1088 689 1172 ἐφ’
710 1091 789 1173 ἡμῖν,
814 1090 856 1150 διὸ
880 1088 927 1151 ἐπὶ
950 1094 1012 1158 ταῖς
1035 1089 1202 1173 φαντασίαις
1225 1086 1291 1151 οὔτε
1313 1085 1513 1167 ἐπαινούμεθα

268 1191 334 1255 οὔτε
361 1194 525 1277 ψεγόμεθα,
553 1195 578 1257 εἰ
602 1193 642 1275 μή
671 1213 741 1255 τισιν
764 1191 859 1254 αὐτῶν
887 1193 971 1274 ἡμεῖς
997 1191 1095 1260 αἴτιοι,
1123 1192 1170 1254 ἐπὶ
1194 1191 1226 1254 δὲ
1252 1196 1314 1259 ταῖς
1337 1187 1383 1252 ἐπ’
1411 1187 1514 1256 αύταῖς

267 1296 508 1376 συγκαταθέσεσιν
535 1296 593 1380 ἤδη
620 1295 728 1358 τούτων
757 1295 888 1377 θάτερον.
933 1295 1082 1378 ψεγόμεθα
1108 1296 1163 1379 γὰρ
1188 1295 1237 1357 καὶ
1262 1298 1319 1356 τῶν
1346 1295 1513 1377 φαντασιῶν
1528 1305 1555 1347 ¹⁶

216 1417 245 1462 10
265 1397 310 1460 ἐπ’
339 1399 470 1473 ἐκείναις,
495 1399 560 1462 όσαι
584 1398 706 1480 γίνονταί
726 1420 758 1479 γε
779 1396 815 1459 δι’
844 1397 1021 1481 ἀνασκησίαν
1044 1400 1113 1482 ἡμῖν
1135 1401 1273 1469 τοιαῦται,
1300 1395 1336 1479 ἧς
1357 1394 1515 1477 ἀσκήσεως

264 1504 348 1584 ἡμεῖς
371 1501 444 1585 ἦμεν
466 1503 568 1586 κύριοι.
610 1502 673 1564 ἐπεὶ
696 1501 727 1564 τὸ
744 1500 923 1584 συμβούλους
944 1502 1177 1586 παραλαμβάνειν
1194 1500 1213 1583 ἢ
1228 1501 1276 1563 καλ
1293 1501 1376 1562 τοῦδε
1399 1499 1511 1581 μᾶλλον

266 1605 364 1687 ἢάντὶ
386 1608 478 1668 τῶνδε
500 1603 547 1689 ἐφ’
568 1606 649 1687 ημῖν,
672 1606 758 1686 δῆλον
779 1606 819 1671 ὡς
841 1601 887 1687 ἐφ’
908 1606 977 1686 ἡμῖν
1000 1605 1048 1667 καὶ
1070 1605 1103 1666 τὸ
1120 1603 1311 1689 βουλεύεσθαι
1332 1603 1384 1684 τὴν
1400 1599 1509 1685 ἀρχήν.
1524 1615 1552 1657 ου

264 1707 290 1768 εί
312 1709 365 1792 γὰρ
388 1708 434 1791 ἐφ’
463 1711 532 1791 ἡμῖν
553 1709 586 1770 τδ
608 1709 704 1770 τοῖσδε
726 1705 894 1791 χρήσασθαι
918 1707 1098 1791 συμβούλοις,
1121 1705 1158 1769 δι’
1186 1705 1234 1776 οὓς
1257 1707 1275 1786 ἡ
1300 1705 1418 1787 τοιαύτη
1442 1724 1511 1785 συγ-

265 1812 434 1884 κατάθεσις,
465 1808 511 1895 ἐφ’
544 1813 613 1893 ἡμῖν
644 1812 690 1873 καὶ
722 1811 752 1872 τό
782 1811 981 1894 βουλεύεσθαι.
1034 1811 1097 1873 ἐπεὶ
1128 1811 1192 1895 περὶ
1221 1814 1279 1872 τῶν
1311 1810 1344 1872 ἐκ
1376 1808 1512 1892 προνοίας

214 1930 244 1980 15
265 1912 508 1996 ἁμαρτανομένων
532 1913 646 1995 μείζους
665 1914 694 1975 αἱ
710 1914 842 1981 κολάσεις
865 1916 905 1981 ῶς
919 1913 992 1975 κατά
1009 1915 1170 1997 προαίρεσιν
1187 1911 1398 1997 πεποιηκότων,
1422 1911 1512 1994 δῆλον
1526 1924 1554 1968 σε

265 2018 306 2084 ῶς
327 2017 375 2078 καὶ
397 2020 454 2078 πᾶν
477 2017 509 2080 τδ
532 2016 566 2079 ἐκ
587 2015 721 2100 προνοίας
742 2016 888 2097 γινόμενον
911 2015 956 2100 ἐφ’
984 2018 1063 2098 ημῖν.
1090 2013 1093 2089 Ι

262 2289 345 2353 XIV.
382 2288 570 2374 Ἐπιδρομὴ
594 2298 662 2354 τῶν
685 2292 720 2354 ἐν
743 2297 789 2375 τῳ
813 2293 967 2375 τετάρτῳ
991 2288 1323 2375 Μετεωρολογικῶν,
1348 2288 1487 2372 ἀτελής.
1511 2297 1565 2354 209

349 2477 447 2542 Εἰπὼν
470 2481 499 2542 ἐν
522 2486 564 2564 τῷ
588 2479 713 2563 δευτέρῳ
732 2480 802 2564 Περὶ
824 2479 965 2563 γενέσεως
988 2480 1036 2542 καὶ
1056 2481 1169 2564 φθορᾶς
1191 2482 1256 2564 περὶ
1279 2487 1336 2543 τῶν
1358 2480 1511 2564 τεσσάρων

264 2584 431 2666 στοιχείων,
460 2586 550 2668 πυρός
573 2583 657 2667 ἀέρος
680 2584 782 2653 ὕδατος
803 2589 866 2666 γῆς,
889 2585 929 2653 τίς
953 2584 1049 2646 αὐτῶν
1072 2608 1091 2666 η
1114 2582 1177 2647 κατ’
1205 2582 1280 2653 εἶδος
1303 2583 1385 2646 ούσία
1408 2605 1439 2644 τε
1462 2584 1513 2645 καλ
1538 2599 1553 2641 ο

209 2702 242 2750 20
260 2685 351 2759 αἰτία,
380 2687 471 2755 δείξας
493 2685 519 2749 δ’
548 2685 635 2749 οὖσαν
658 2686 756 2754 αὐτοῖς
785 2689 832 2749 καὶ
855 2688 906 2769 την
928 2687 1036 2768 γένεσιν
1065 2687 1095 2756 ἐξ
1121 2688 1255 2771 ἀλλήλων
1278 2687 1351 2749 κατὰ
1373 2686 1426 2769 τὴν
1449 2690 1510 2749 τῶν

263 2788 468 2852 είδοποιουσῶν
490 2788 578 2858 αύτάς
606 2791 752 2873 διαφορῶν
780 2790 821 2858 είς
847 2790 975 2872 ἀλλήλας
999 2791 1178 2874 μεταβολήν,
1210 2791 1240 2852 ἐν
1266 2790 1359 2873 τούτῳ
1382 2793 1425 2873 τῷ
1448 2789 1511 2852 ἐπι·

261 2891 435 2975 γραφομένῳ
459 2892 511 2974 μὲν
533 2894 661 2977 τετάρτῳ
685 2891 966 2977 λίετεωρολογικῶν,
990 2891 1049 2955 ὄντι
1071 2894 1103 2956 δὲ
1126 2896 1235 2975 μᾶλλον
1259 2893 1357 2977 οἰκείῳ
1379 2896 1417 2976 τῇ
1442 2894 1511 2978 περὶ
1525 2907 1553 2951 ιο

261 2994 401 3074 γενέσεώς
423 3017 454 3056 τε
476 2996 523 3057 καὶ
546 2998 658 3078 φθοραῖς
681 2996 860 3079 πραγματείᾳ
887 3000 1000 3080 πρῶτον
1029 2996 1191 3080 ύπέμνησεν
1219 3002 1276 3059 τῶν
1298 2997 1510 3059 είδοποιουσῶν

261 3095 297 3157 τά
319 3102 450 3182 στοιχεῖα
472 3099 507 3161 τὰ
529 3096 656 3182 τέσσαρα
678 3100 833 3181 διαφορῶν,
857 3099 887 3161 αἳ
910 3097 983 3182 ἦσαν
1007 3099 1058 3162 δύο
1081 3100 1111 3161 αἱ
1128 3105 1238 3182 πρῶται
1262 3105 1318 3162 τῶν
1342 3100 1443 3163 ἁπλῶν
1468 3101 1510 3162 ἐν·

208 3217 240 3265 25
260 3202 438 3276 αντιώσεων,
469 3200 614 3284 θερμότης
635 3200 796 3285 ψυχρότης,
825 3202 946 3284 ὑγρότης
974 3200 1103 3285 ξηρότης.
1148 3202 1257 3265 τούτων
1279 3202 1334 3286 γάρ
1358 3209 1510 3287 τετραχῶς
1526 3218 1551 3261 ιο

261 3301 496 3384 συνδυαζομένων
524 3304 659 3386 ἀλλήλοις
684 3304 804 3367 ἕκαστον
827 3305 922 3367 αὐτῶν
946 3305 1137 3368 εἰδοποιεῖται.
1183 3305 1251 3388 μεθ’
1278 3304 1425 3374 διέδειξεν
1449 3310 1508 3369 τῶν

260 3406 407 3488 τεσσάρων
431 3405 538 3468 τούτων
566 3408 711 3490 διαφορῶν
738 3407 789 3475 τὰς
818 3408 868 3490 μὲν
896 3407 947 3470 δύο
975 3408 1125 3492 ποιητικὰς
1152 3407 1253 3487 οόσας,
1283 3408 1452 3494 θερμότητά
1478 3432 1511 3472 τε

260 3508 308 3568 καλ
324 3507 503 3592 ψυχρότητα,
527 3509 688 3592 παθητικὰς
710 3510 742 3571 δὲ
764 3509 814 3578 τάς
837 3510 897 3581 δύο,
921 3512 972 3593 τήν
995 3534 1027 3572 τε
1043 3511 1184 3596 ξηρότητα
1206 3514 1255 3575 καὶ
1278 3514 1330 3596 την
1354 3511 1509 3597 ὑγρότητα,

260 3610 307 3671 καὶ
330 3611 444 3693 ἑκάστῳ
470 3614 526 3672 τῶν
550 3612 701 3696 στοιχείων
729 3612 759 3681 ἐξ
782 3612 925 3695 ἑκατέρων
952 3619 1003 3696 τῆς
1026 3615 1221 3683 ἐναντιώσεως
1248 3616 1299 3698 τὴν
1323 3613 1437 3699 ἑτέραν,
1467 3618 1551 3685 ῶςευ

204 3728 238 3777 3ο
256 3715 304 3775 καὶ
327 3717 376 3775 τοῦ
400 3718 489 3775 ποιεῖν
518 3714 637 3776 καὶτοῦ
661 3717 784 3799 πάσχειν
814 3715 931 3795 δύναμιν
961 3715 991 3776 ἐν
1019 3717 1133 3784 ἑαυτοῖς
1155 3719 1256 3780 πάντα.
1302 3716 1369 3799 μεθ’
1398 3717 1417 3780 ἃ
1441 3742 1509 3802 προ·

260 3815 344 3877 έθετο
372 3816 423 3897 μὲν
446 3817 536 3879 εἰπεῖν
566 3817 600 3879 τά
628 3814 696 3901 ἔργα
723 3817 758 3879 τὰ
779 3816 914 3899 γινόμενα
943 3818 998 3881 ὑπὸ
1028 3826 1085 3881 τῶν
1112 3826 1268 3903 ποιητικῶν
1291 3822 1458 3901 δυνάμεων,
1490 3821 1512 3884 ἅ

259 3919 348 3994 ἐστιν,
372 3922 417 3987 ὡς’
436 3919 509 4002 ἐρεῖ,
537 3920 636 4004 πέψις,
658 3923 781 4005 ἀπεψία,
810 3923 858 3984 καὶ
880 3920 915 3982 τά
939 3921 1073 4004 ἑκατέρου
1097 3923 1205 3985 τούτων
1227 3921 1307 4007 εῖδη,
1330 3920 1372 3985 ἔτι
1395 3925 1427 3986 δὲ
1449 3931 1549 3988 τῶνεε

259 4023 432 4106 πασχόντων
454 4020 502 4086 ὑπ’
531 4023 641 4089 αὐτῶν.
668 4028 758 4086 ταότα
781 4026 813 4087 δέ
836 4025 895 4088 ἐστι
921 4024 924 4109 ί
950 4023 1033 4109 ξηρόν
1057 4049 1088 4087 τε
1114 4027 1161 4088 καὶ
1185 4025 1284 4109 ὑγρόν,
1312 4026 1349 4089 τὰ
1369 4025 1436 4110 εἴδη
1459 4051 1492 4091 τε
1513 4036 1560 4092 210

258 4125 377 4193 καὶτὰς
400 4127 548 4209 διαφοράς.
594 4128 642 4189 καὶ
664 4131 777 4210 πρῶτον
804 4128 892 4190 εἰπὼν
921 4128 950 4190 ἐν
981 4128 1023 4196 οῖς
1046 4129 1120 4190 ἐστίν
1143 4151 1175 4191 τε
1202 4130 1249 4190 καὶ
1276 4129 1381 4210 γίνεται
1411 4153 1429 4213 η
1453 4154 1509 4194 τοι·

206 4246 238 4294 35
258 4226 331 4308 αύτη
355 4229 517 4312 μεταβολή,
546 4229 589 4291 ότι
612 4228 691 4292 ταῦτ’
719 4230 795 4292 ἐστὶν
818 4230 854 4292 τά
876 4230 1024 4315 πεφυκότα
1051 4232 1098 4293 καλ
1120 4230 1156 4292 τά
1179 4235 1242 4314 ζῷα
1268 4232 1316 4293 καλ
1338 4231 1374 4294 τὰ
1397 4233 1508 4297 τούτων

446 4329 468 4353 ἢ)

258 4330 342 4414 μέρη,
366 4333 406 4399 ὡς
430 4329 488 4415 [ο]
512 4333 545 4394 ἐκ
568 4338 619 4415 τῆς
643 4336 699 4394 τῶν
723 4336 870 4416 τεσσάρων
894 4336 1037 4415 σωμοίτων
1061 4332 1179 4396 συνόδου
1203 4334 1310 4397 τούτων
1334 4332 1424 4398 όντων
1448 4342 1508 4399 τῶν
1533 4352 1547 4394 ο

290 4534 296 4551 λ

204 4556 218 4607 6
237 4559 290 4618 τοί]
311 4560 334 4605 V
428 4558 453 4607 ll
477 4556 529 4607 ἐπεὶ
543 4557 623 4609 Victa
645 4558 684 4609 ἐπὶ
704 4559 762 4611 libri
849 4561 888 4610 11.
911 4560 941 4611 Ιθ
961 4561 1069 4612 fortasse
1088 4560 1131 4611 καλ
1150 4560 1259 4613 τούσδε
1279 4560 1373 4629 μᾶλλον
1392 4560 1433 4630 [ἦ]
1453 4564 1509 4617 ἀντὶ

205 4644 236 4695 18
255 4642 350 4714 φθοραῖς
368 4644 451 4697 B²S²a
469 4647 526 4711 Sp.:
546 4644 681 4715 διαφθορᾶς
701 4647 812 4699 VFB¹S¹
901 4647 935 4699 ‘20
953 4648 999 4716 τἠν
1012 4650 1070 4714 Sp.:
1089 4651 1239 4704 tchBSa:
1259 4651 1289 4700 τὰ
1308 4653 1328 4701 F
1410 4650 1444 4701 θ’)
1464 4651 1526 4704 δολί

203 4730 236 4781 23
259 4730 373 4801 πρῶτον]
395 4732 617 4797 108,28--11‹)‚26
629 4756 661 4776 =
674 4736 754 4786 Arist.
772 4736 875 4787 Meteon
889 4736 933 4801 IV,
951 4736 1233 4787 1.3ῖ8υ10-3ῖ9υ9
1328 4737 1361 4790 θύ
1383 4739 1560 4809 συνδοιαζομὲ-

201 4837 251 4868 νων
272 4823 293 4867 V
382 4819 415 4870 '29
435 4820 543 4872 fortasse
563 4820 683 4891 ἑκατέρας
783 4823 817 4874 30
836 4823 944 4875 sortasse
964 4825 1045 4875 πάντα
1064 4823 1151 4896 (ἔχειν)
1249 4825 1280 4877 31
1303 4825 1360 4894 μίν]
1380 4826 1524 4893 cf.110‚27

201 4903 235 4957 33
253 4904 356 4977 πασχίνῙ
380 4909 398 4959 V
492 4906 525 4959 3ss
544 4903 568 4959 δ’
588 4909 637 4959 del.
656 4913 701 4975 Sp.
