3540 5610
694 280 897 374 unnx'uuntu
917 317 960 372 on
979 316 1089 373 nunu
1529 318 1567 383 τι

267 497 307 558 ὧν
329 495 434 559 παθῶν
455 495 560 577 τὰμὲν
583 493 694 578 ἀνίησίν
716 516 747 556 τε
768 492 802 556 τδ
822 495 908 575 σῶμα
931 493 980 556 καλ
995 489 1113 574 αὔξησιν
1135 489 1234 561 αὐτοῖς
1253 491 1371 574 ἐμποιεῖ
1389 490 1436 555 διὰ
1452 491 1516 575 θερ·

267 596 377 682 μύτητα
400 596 548 683 εὔκρατον,
570 597 607 661 τὰ
629 597 662 661 δὲ
677 590 839 680 καταψύχει
862 618 893 658 τε
915 596 964 658 καλ
984 594 1133 658 συστέλλει
1155 594 1200 676 (αἱ
1215 594 1270 679 γὰρ
1291 595 1444 679 φαντασίαι
1467 595 1516 657 καὶ

266 700 417 785 αἰσθήσεις
438 702 487 765 καί
509 698 613 764 ἔννοιαι
636 705 694 762 τῶν
716 699 892 783 πραγμάτων
915 698 989 761 κατὰ
1010 698 1147 780 ὁμοίωσίν
1169 722 1232 762 τινα
1254 697 1349 760 αὐτῶν
1371 682 1535 780 γινόμεναι

267 807 308 872 ὡς
330 804 379 866 ἐπὶ
401 809 541 888 παροῦσιν
549 803 683 885 Ιἐκείνοις
704 801 724 884 ἢ
746 802 857 889 ἀνιᾶσιν
879 801 912 863 τδ
936 806 1022 884 σῶμα
1045 800 1063 883 ἢ
1084 800 1296 864 συστέλλεσθαί
1316 824 1348 862 τε
1370 800 1418 863 καὶ
1440 799 1516 885 φρίτ-

235 922 322 969 στειν
345 906 500 988 ποιοῦσιν),
524 904 564 970 Ιιῖιν
579 904 736 988 γινομένων
760 905 908 967 συστολῶν
930 926 962 965 τε
983 903 1032 966 καί
1055 904 1201 967 ἐκτάσεων
1224 904 1290 987 περὶ
1312 903 1345 965 τὸ
1367 903 1515 988 σύμφυτον

265 1013 379 1092 πνεῦμα
400 1010 449 1072 καὶ
471 1009 529 1072 ἀπὸ
545 1008 647 1072 τούτου
670 1005 874 1088 διαδιδομένων
898 1005 945 1067 ἐπὶ
960 1005 996 1067 τὰ
1012 1009 1108 1089 νεῦρα,
1130 1007 1271 1069 κινεῖσθαι
1294 1011 1384 1070 ταῦτα
1399 1005 1516 1069 δύναται

264 1113 316 1181 τὰς
337 1108 406 1175 καθ’
427 1111 521 1197 όρμὴν
543 1110 686 1195 ἐνεργείας
706 1108 759 1192 τὴν
775 1108 871 1193 ἀρχὴν
894 1112 946 1191 τῆς
965 1109 1107 1192 κινήσεως
1130 1108 1208 1193 παρὰ
1231 1113 1282 1192 τῆς
1302 1107 1425 1192 ὀρέξεως
1447 1109 1558 1189 λαμιυ

263 1214 395 1299 βάνονται.
430 1214 519 1297 μικρὰ
541 1213 594 1297 γὰρ
618 1212 764 1296 μεταβολὴ
780 1212 846 1296 περὶ
867 1211 919 1294 τὴν
942 1211 1037 1295 ἀρχὴν
1059 1210 1199 1294 γενομένη
1223 1212 1356 1294 μεγάλων
1378 1212 1427 1274 καλ
1449 1213 1516 1273 πολ·

264 1319 324 1379 λῶν
351 1319 497 1402 διαφορῶν
530 1316 607 1378 αἰτία
637 1319 768 1398 γίγνεται.
812 1318 864 1377 τοῦ
891 1317 958 1396 γοῦν
992 1311 1091 1381 οἴακος
1120 1313 1269 1397 ἀκαριαῖον
1303 1313 1515 1398 μεθισταμένου

220 1434 250 1478 10
263 1420 358 1503 πολλὴ
386 1445 406 1502 η
429 1423 481 1502 τῆς
508 1420 626 1502 πρώρας
651 1418 758 1501 γίνεται
786 1417 973 1498 μετάστασις,
1000 1417 1048 1479 καὶ
1075 1417 1139 1500 περὶ
1161 1418 1214 1500 τὴν
1235 1417 1353 1501 καρδίαν
1382 1416 1440 1500 ἤδη
1468 1417 1515 1480 καὶ

262 1523 296 1584 τό
320 1525 433 1606 πνεῦμα
456 1521 489 1584 τὸ
512 1521 542 1583 ἐν
566 1520 653 1604 αὐτῇ,
676 1518 744 1582 ὅταν
767 1518 922 1589 ἀλλοίωσίς
944 1543 985 1589 τις
1006 1518 1124 1602 γένηται
1146 1517 1193 1581 διὰ
1215 1519 1368 1604 αἰσθήσεις
1388 1524 1473 1582 τινῶν
1494 1542 1514 1601 η

263 1627 390 1708 νοήσεις,
412 1625 459 1693 αἷς
481 1623 582 1687 ἕπεται
604 1622 713 1707 κίνησίς
733 1645 776 1691 τις
798 1621 847 1684 καλ
868 1621 972 1695 πάθος,
994 1621 1021 1683 εἰ
1042 1622 1091 1684 καὶ
1112 1621 1142 1682 ἐν
1165 1621 1335 1705 ἀναισθήτῳ
1358 1622 1449 1706 μορίιρ
1472 1621 1515 1705 γε’-

260 1750 340 1789 νοιτο
367 1727 398 1789 ἐν
420 1726 497 1810 αὐτῇ
526 1728 546 1809 ἡ
573 1725 692 1808 τοιαύτη
714 1725 823 1810 τροπή,
850 1729 893 1806 τῷ
917 1724 1012 1808 ἀρχὴν
1040 1729 1089 1787 τοῦ
1119 1720 1197 1808 ζῴου
1224 1723 1277 1807 τὴν
1299 1725 1417 1808 καρδίαν
1443 1722 1515 1787 εἶναι

261 1830 374 1913 πολλὴν
397 1835 476 1892 ποιεῖ
497 1834 548 1892 τοῦ
572 1830 708 1912 σώματος
730 1826 836 1894 παντὸς
858 1826 997 1912 διαφορὰν
1020 1826 1216 1910 ἐρυθήμασιν,
1245 1827 1424 1911 ὠχρότησιν,
1452 1827 1515 1910 θερ·
1528 1842 1556 1885 at

218 1947 248 1990 ιο
263 1929 398 2016 μότησιν,
419 1931 546 2016 ψύξεσιν,
569 1933 682 2015 φρίκαις
704 1952 735 1994 τε
757 1930 805 1992 καλ
828 1926 953 2012 τρόμοις.
992 1928 1070 2013 ἀρχὴ
1095 1930 1147 2012 μὲν
1170 1927 1220 1992 ούν
1242 1931 1459 2014 τῆσκινήσεως
1480 1932 1513 1994 τὸ

261 2036 360 2118 ἐντῷ
383 2040 503 2120 πρακτῷ
526 2033 648 2098 διωκτόν
675 2056 707 2096 τε
733 2033 782 2095 καὶ
803 2030 937 2116 φευκτόν.
983 2027 1118 2115 ἔστιγὰρ
1142 2032 1219 2116 ὁρμὴ
1248 2031 1359 2116 κίνησις
1381 2032 1515 2119 ἐμψύχου

259 2136 399 2222 γινομένη
426 2137 500 2201 κατὰ
522 2135 680 2221 φαντασίαν
707 2138 830 2199 διωκτοδ
858 2156 932 2202 τινος
959 2132 978 2216 ἢ
1004 2137 1139 2218 φευκτοῦ.
1185 2133 1215 2203 ἐξ
1241 2135 1369 2219 ἀνάγκης
1396 2137 1428 2199 δὲ
1451 2137 1516 2200 ἀκο·

258 2241 364 2303 λουθεῖ
385 2263 422 2324 τη
446 2241 545 2324 νοήσει
573 2240 621 2302 καὶ
643 2242 683 2321 τῇ
704 2238 847 2323 φαντασίᾳ
876 2235 971 2299 αὐτῶν
996 2235 1141 2319 θερμότης
1167 2237 1216 2300 καὶ
1242 2236 1332 2322 ψύξις.
1377 2236 1514 2325 ἔστιγὰρ

261 2343 301 2405 τὰ
326 2342 445 2426 λυπηρὰ
471 2342 520 2404 κοιλ
546 2341 620 2425 ἡδέα
648 2343 741 2404 πάντα
771 2341 877 2426 σχεδὸν
911 2338 984 2423 μετὰ
1011 2337 1123 2422 ψύξεως
1149 2362 1223 2408 τινος
1250 2341 1299 2404 καὶ
1326 2340 1513 2425 θερμότητος.

215 2460 246 2505 ευ
260 2445 305 2506 ὧν
326 2445 483 2528 γινομένων
507 2445 571 2528 περὶ
593 2446 673 2527 ἡμᾶς
695 2443 810 2528 ὁρῶμεν
833 2442 904 2504 ποτὲ
932 2441 984 2525 μὲν
1008 2440 1096 2525 μόριά
1121 2454 1183 2504 τινα
1205 2443 1359 2527 κινούμενα
1382 2444 1412 2507 ἐν
1433 2447 1514 2529 ἡμῖν,
1618 2486 1621 2491 ·

260 2551 305 2617 ὡς
325 2548 356 2611 ἐν
379 2552 440 2616 τοῖς
462 2547 659 2631 δνειρωγμοῖς,
682 2547 732 2610 ότέ
754 2545 786 2608 δέ
808 2545 857 2607 καὶ
879 2544 946 2608 όλον
968 2544 1001 2606 τὸ
1024 2549 1121 2628 σῶμα.
1163 2544 1182 2607 ἃ
1204 2546 1287 2628 πάθη
1309 2545 1444 2630 γινόμενα
1465 2549 1515 2611 καὶ
1528 2565 1556 2608 ευ

260 2651 328 2736 περὶ
349 2649 402 2719 τὰς
427 2649 523 2734 ἀρχὰς
544 2654 602 2712 τῶν
625 2649 785 2733 ὀργανικῶν
815 2647 922 2731 μορίων
945 2648 1017 2729 πρὸς
1043 2646 1095 2715 τὰς
1120 2646 1261 2731 ἐνεργείας
1287 2649 1361 2713 αὐτὰ
1388 2651 1437 2712 καλ
1464 2652 1515 2722 τὰς

259 2753 420 2839 ὑπηρεσίας
448 2751 512 2834 άγει
539 2756 576 2835 τῇ
606 2751 753 2835 ύρμητικῇ
781 2751 913 2833 δυνάμει,
947 2746 997 2833 ἀρ’
1025 2748 1061 2832 ἧς
1088 2749 1135 2812 καὶ
1161 2749 1213 2832 τὴν
1241 2751 1337 2837 ἀρχὴν
1365 2753 1513 2836 ἐγγίνεται.

204 2958 240 3011 10
258 2955 340 3026 πολλὴ
359 2972 410 3009 om.
511 2955 612 3008 10-12
631 2955 675 3008 καὶ
692 2954 891 3026 περὶ-νοήσεις]
910 2969 939 3008 so
957 2955 993 3008 ist
1010 2971 1038 3007 os
1055 2956 1122 3007 auch
1141 2956 1291 3026 notwondig
1309 2959 1356 3012 mit
1375 2959 1432 3012 dom
1451 2960 1568 3028 Hauoho,

202 3045 315 3098 παλεύει
332 3046 367 3098 im
387 3044 453 3097 Nero
471 3046 520 3110 ist,
538 3060 613 3097 wenn
632 3045 659 3096 in
678 3044 730 3096 ihm
750 3043 841 3113 ingond
860 3044 918 3096 eino
936 3042 1123 3111 Voranderung
1141 3045 1265 3110 ontsteht,
1288 3061 1316 3098 ao
1335 3048 1436 3114 orgiobt
1452 3050 1507 3101 sich
1526 3049 1568 3103 fur

202 3134 253 3186 ihn
272 3132 364 3201 irgond
383 3133 442 3184 eino
460 3132 674 3201 Wahrnehmung
692 3148 744 3185 von
762 3132 866 3200 Dingon
883 3130 938 3183 und
958 3130 1036 3182 deron
1053 3129 1223 3205 Vorotellung
1330 3133 1431 3187 12-15
1450 3135 1472 3187 o
1489 3137 1569 3188 καλ-

202 3218 320 3290 τρόμοις]
339 3218 422 3272 findet
439 3220 497 3272 eino
515 3219 645 3288 dorartigo
662 3218 849 3286 Voranderung
867 3219 896 3271 in
915 3217 972 3270 dom
991 3211 1077 3270 or'ston
1095 3217 1328 3273 wahrnahmendon
1341 3221 1431 3275 Gliode
1449 3228 1520 3289 statt,
1539 3239 1567 3276 so

201 3307 279 3373 vird,
296 3307 353 3361 weil
367 3306 414 3360 das
427 3307 532 3375 Princip
550 3307 595 3360 dos
608 3307 714 3360 Thieros
733 3306 780 3358 das
791 3306 858 3358 Horz
875 3306 920 3368 ist,
936 3305 972 3356 im
989 3319 1089 3372 ganzen
1103 3305 1183 3358 Leibo
1202 3306 1260 3359 aine
1274 3322 1368 3375 grosso
1381 3309 1568 3380 Verandemng

202 3396 233 3448 in
251 3395 304 3447 don
317 3393 401 3447 Arton
420 3395 464 3447 dor
483 3394 547 3447 Rota
566 3395 621 3447 und
639 3395 684 3447 der
702 3394 784 3447 Blauo
803 3393 857 3446 und
874 3391 919 3444 dor
935 3392 1035 3444 Warme
1054 3392 1106 3444 und
1127 3393 1171 3445 der
1189 3392 1266 3446 Kalte
1284 3395 1338 3448 und
1357 3396 1403 3450 dos
1421 3396 1567 3451 Sehauoms

204 3483 261 3535 nnd
279 3482 328 3535 deo
341 3482 456 3534 Zitlorns
473 3481 528 3534 und
547 3483 575 3534 in
587 3485 648 3535 actu
666 3482 738 3534 ist..
751 3485 835 3534 cetera
852 3480 985 3548 usquead
1004 3478 1113 3549 φευκτόν
1131 3480 1208 3548 plano
1227 3490 1348 3552 corrupta
1420 3485 1522 3538 17-18
1540 3483 1567 3546 u

204 3566 436 3640 ἀνάγκης-ψύξις]
456 3569 510 3621 und
529 3585 556 3620 es
575 3568 645 3621 zioht
662 3569 811 3637 notuendjg
829 3568 897 3620 nach
915 3567 969 3619 sich
989 3567 1047 3619 eina
1063 3566 1237 3638 Vorstollung‚
1255 3569 1333 3624 deren
1348 3573 1395 3624 Art
1411 3573 1466 3624 und
1479 3574 1566 3637 Aebu-

204 3656 312 3710 lichkeit
330 3657 435 3709 Warme
452 3656 506 3708 und
526 3655 601 3708 Kalto
619 3656 654 3708 ist
763 3656 795 3708 19
813 3653 907 3723 πάντα]
926 3653 1011 3706 addit:
1031 3655 1077 3706 mit
1096 3655 1247 3710 Ausnahmo
1265 3657 1312 3711 dos
1329 3658 1409 3711 ihnon
1428 3660 1554 3713 Fromdon

203 3742 294 3815 σχεδόν
313 3759 365 3796 om.
468 3741 522 3811 καὶ]
542 3744 604 3796 odor
705 3743 737 3795 21
757 3741 999 3812 ὡς-δνειρωγμσῖς]
1019 3743 1067 3794 wia
1085 3758 1112 3794 os
1130 3744 1275 3797 vorkommt
1293 3746 1334 3798 bai
1353 3746 1400 3799 dar
1417 3746 1567 3817 Bewogung

203 3833 250 3885 des
269 3830 414 3884 Boischlafs
432 3832 467 3883 im
487 3830 588 3883 Schlafo
688 3829 792 3883 21-23
811 3830 828 3882 ιλ
846 3827 1064 3900 πάθη-δυνάμει]
1083 3829 1140 3881 weil
1159 3831 1272 3884 numlioh
1291 3833 1333 3887 dia
1352 3838 1438 3886 orston
1455 3835 1566 3904 spureo,

203 3936 280 3972 uenn
298 3919 338 3971 aie
356 3918 412 3971 sich
431 3918 478 3970 auf
493 3919 536 3971 dio
554 3917 675 3986 Anffinge
698 3918 743 3969 der
764 3918 937 3987 organisohen
955 3915 1060 3969 Gliedor
1078 3917 1238 3983 στειτεσλευ,
1261 3919 1291 3972 di
1297 3921 1429 3975 oselbon
1447 3924 1512 3976 anch
1532 3918 1574 3977 zu'

203 4008 280 4059 ihren
298 4005 466 4074 Titigkoiten
484 4006 539 4059 und
558 4006 639 4058 ihrom
659 4005 767 4058 Dienoto
785 4006 957 4058 horanziahan
975 4004 1056 4056 durch
1075 4005 1117 4057 dio
1136 4005 1212 4058 Kraft
1230 4007 1275 4059 dor
1294 3991 1438 4079 Anrogung

202 4094 238 4147 23
257 4094 302 4146 καὶ
320 4093 368 4162 τὴν
385 4092 478 4163 ἀρχὴν]
497 4108 557 4145 von
573 4092 664 4162 johar
682 4108 733 4145 von
752 4091 860 4161 Anfang
882 4093 915 4145 in
934 4107 995 4145 uns

204 4270 214 4320 1
238 4267 350 4320 fortasse
367 4264 438 4336 αύτῷ
517 4254 521 4261 ’
543 4265 560 4319 3
587 4263 688 4335 ἔννοιαι]
712 4265 745 4318 σί.
764 4264 884 4335 ἐγγίνεται
900 4265 917 4335 η
936 4264 1018 4318 τοιάδε
1037 4264 1084 4327 ἕξις
1102 4273 1139 4337 τῷ
1158 4270 1194 4336 νῷ
1213 4269 1279 4321 κατὰ
1298 4270 1432 4339 μετάβασιν
1451 4270 1500 4323 άπὸ
1519 4276 1565 4342 τῆς

200 4355 260 4425 περὶ
277 4356 312 4407 τὰ
329 4351 438 4424 αἰσθητὰ
455 4358 574 4426 συνεχοῦς
591 4353 723 4425 ἐνεργείας,
747 4351 761 4405 δ
779 4351 841 4405 κατ’
860 4353 939 4426 ἀρχάς
957 4353 1002 4422 μὲν
1019 4352 1103 4424 νόημα
1121 4355 1165 4406 καὶ
1183 4353 1264 4407 ίννοια
1282 4355 1407 4422 καλεῖται,
1426 4356 1564 4411 πλεονάσαν

201 4441 230 4494 δὲ
250 4443 294 4494 καὶ
312 4440 425 4495 ποικίλαν
444 4442 488 4494 καὶ
506 4439 663 4512 πολύτροπον
681 4438 816 4509 γινόμενον,
841 4439 878 4498 ὡς
895 4439 1014 4494 δύνασθαι
1032 4442 1075 4493 καὶ
1093 4443 1172 4515 χωρὶς
1190 4446 1234 4513 της
1252 4440 1403 4514 αίσθητικῆς
1420 4443 1565 4518 θποβάθρας

200 4537 283 4583 ποιεῖν
306 4533 395 4594 τούτο,
417 4534 477 4587 νούς
494 4528 542 4600 ἤδη
569 4528 676 4581 loavoo
804 4527 820 4580 5
848 4526 885 4580 ὧν
902 4527 1125 4597 γινομένων-ἐπὶ
1147 4530 1180 4582 τὰ
1201 4529 1286 4602 νεῦρα]
1312 4547 1356 4599 per
1380 4534 1564 4601 anacoluthon,

174 4642 182 4655 ·
201 4618 274 4686 qnod
294 4633 351 4670 raro
370 4617 483 4670 occurrit
503 4618 532 4669 in
549 4617 597 4669 hoo
615 4617 740 4684 scriptore
758 4615 802 4681 (of.
816 4615 894 4681 Ind.)‚
912 4616 1081 4668 continuatur
1100 4617 1172 4684 prius
1190 4621 1368 4672 enuntiatum:
1387 4621 1564 4692 ἐπεί-πράτ-

200 4723 285 4770 τεται,
308 4704 345 4757 ὧν
363 4702 455 4758 παθῶν
472 4705 504 4757 τά
522 4705 567 4773 μὲν
584 4703 691 4774 ἀνίησιν,
714 4703 747 4755 τὰ
764 4701 791 4755 δὲ
810 4701 943 4755 συστέλλει
980 4709 1116 4771 exspectas
1133 4702 1232 4757 τούτων
1250 4711 1303 4758 τῶν
1322 4707 1449 4760 συστολιῖιν
1467 4710 1564 4779 γινομί-

202 4811 256 4843 νων
274 4791 331 4845 κτλ,
354 4792 387 4845 of.
406 4782 443 4844 ὧν
461 4792 597 4863 γινομένων
617 4792 673 4865 περὶ
691 4791 757 4861 ἡμᾶς
775 4788 875 4860 δρῶμεν
894 4792 955 4844 ποτὲ
974 4791 1020 4860 μὲν
1038 4791 1094 4843 κτλ.
1112 4791 1181 4843 uto
1304 4796 1320 4847 9
1347 4795 1454 4865 γίγνεται
1473 4799 1509 4851 V:
1528 4797 1563 4867 γί-
1601 4868 1605 4875 .
1717 4796 1722 4803 '

203 4896 307 4932 νεταιτι
408 4878 529 4931 11δι’·υ
637 4878 667 4930 12
685 4879 820 4947 γίνονται
930 4880 959 4930 14
979 4878 1160 4952 ἐριθήμασιντι
1266 4882 1298 4934 22
1317 4885 1400 4943 ταςθ
