3540 5610
221 301 261 365 74
706 302 857 360 ΑΗΟΡΙΩΝ
877 301 937 358 ΚΑΙ
957 301 1090 359 ΛΥΣΒΩΝ

271 472 344 536 διότι
367 475 494 553 ἕλκεται,
517 478 564 540 καὶ
588 477 783 562 εύλογώτερόν
805 501 851 560 γε,
879 478 919 539 ὧν
943 479 1018 562 μηδὲ
1041 477 1159 559 ἐμμένει
1182 479 1212 541 ἐν
1235 481 1278 563 τῷ
1301 477 1413 540 ἕλκοντι
1437 475 1525 557 ἰκμάς

274 577 349 639 ἀλλά
372 578 606 663 παραπέμπεται,
629 585 718 643 ταῦτα
741 584 850 662 μᾶλλον
874 582 1024 643 κινεῖσθαι.
1064 582 1112 643 καὶ
1134 580 1190 664 γὰρ
1212 583 1310 644 πλεῖον
1332 581 1392 642 ἀπὸ
1414 579 1526 643 τούτων
1540 595 1566 637 1⁵

272 680 350 749 εἰκός
372 681 509 745 ἕλκεσθαι
536 687 578 767 τῷ
601 685 634 746 τὸ
658 682 812 765 ἑλκόμενον
839 683 869 745 ἐν
898 683 993 766 ἑαυτῷ
1023 685 1097 766 μηδὲ
1124 683 1323 767 πληρούμενον
1346 682 1395 746 ὑπ’
1422 682 1525 756 αὐτοῦ,

271 781 331 845 ἀλλ’
361 781 460 867 όμοιον
484 784 569 867 μένον
592 785 695 849 ἕλκειν.
740 786 848 868 ὁμοίως
871 786 903 849 δὲ
925 785 1055 849 καθόλου
1079 786 1232 868 ἀναγκαῖον
1259 785 1308 847 τόν
1330 786 1397 869 περὶ
1419 785 1523 849 τούτου

237 885 390 967 ὀλέγοντα
414 893 528 971 πρῶτον
555 886 741 972 ἐζητηκέναι,
770 888 810 957 τίς
833 890 848 950 ό
873 894 923 971 τῆς
951 890 1041 971 ὁλκῆς
1066 887 1180 973 τρόπος.
1226 887 1304 951 ἕλκει
1331 887 1385 973 γάρ
1412 887 1449 950 τά
1471 889 1566 970 μένίν

270 989 319 1072 βίᾳ
340 991 388 1051 καῖ
411 989 489 1072 ἀφῇ·
512 993 602 1052 ταῦτα
618 989 692 1052 αὐτὰ
708 991 860 1072 κινούμενα
876 996 956 1054 κινεῖ.
990 991 1046 1075 οὐχ
1063 992 1155 1060 οὕτως
1177 991 1209 1054 δέ
1231 991 1249 1074 ἡ
1272 991 1366 1060 λίθος·
1390 991 1525 1073 ἀκίνητος

270 1092 339 1173 γάρ.
368 1093 416 1154 καὶ
438 1089 505 1154 οὔτε
527 1097 577 1155 τοῦ
601 1093 720 1177 σιδήρου
743 1094 908 1176 ἁπτομένη,
935 1092 1001 1156 οὔτε
1024 1098 1129 1156 σπῶσα
1151 1094 1199 1156 τόν
1224 1093 1328 1175 μεταξὺ
1352 1093 1425 1177 ἀέρα
1448 1094 1467 1176 ἢ
1490 1095 1524 1155 τὸ

272 1194 348 1276 ὕδωρ
377 1195 532 1258 ἐπισπᾶται
558 1196 645 1259 αὐτὸν
674 1195 710 1260 δι’
738 1197 843 1260 αὐτῶν.
889 1198 1011 1281 καὶγὰρ
1034 1197 1069 1260 ἄν
1096 1197 1131 1260 τά
1157 1198 1366 1268 ἐπιπολάζοντα
1388 1197 1419 1260 ἐν
1441 1196 1525 1281 αὐτῷ
1538 1212 1566 1255 τι

269 1298 317 1359 καὶ
339 1298 502 1382 κουφότερα
522 1300 600 1364 ἕλκοι
625 1300 628 1383 Ι
654 1306 696 1384 τῷ
711 1301 889 1365 ἐπισπᾶσθαι
911 1301 959 1362 τόν
976 1300 1080 1382 μεταξὺ
1096 1299 1178 1384 ἀέρα,
1201 1297 1267 1384 (ὥς)
1282 1304 1324 1384 τῷ
1342 1299 1443 1383 θερμῷ
1459 1304 1504 1384 τῷ
1527 1306 1576 1364 140

219 1421 249 1467 ιο
268 1399 298 1461 ἐν
326 1401 424 1470 αὐτοῖς
450 1403 483 1465 τό
511 1402 648 1487 ἤλεκτρον
676 1404 723 1466 καὶ
750 1405 769 1486 η
793 1402 887 1465 σικύα.
932 1402 988 1488 οὐχ
1011 1403 1104 1471 οὕτως
1125 1402 1229 1486 ἐκείνη.
1273 1403 1303 1466 ἐν
1325 1401 1445 1471 ἐκείνοις
1467 1401 1522 1485 γάρ

268 1504 301 1566 τὸ
329 1508 385 1587 πῦρ
412 1505 578 1587 κινούμενον
605 1507 653 1568 καὶ
681 1505 754 1575 ἐξιὸν
783 1509 843 1589 σπᾷ
870 1506 903 1568 τὸ
932 1506 1140 1589 παρακείμενον
1168 1506 1254 1590 ὑγρὸν
1281 1506 1330 1568 καὶ
1356 1503 1520 1587 ἀπτόμενον

270 1611 310 1674 ὡς
333 1610 481 1691 σπώμενιμ
504 1609 536 1670 τὸ
553 1609 673 1693 συνεχὲς
697 1608 859 1693 ἐφέλκεται,
883 1610 901 1691 ἡ
925 1609 958 1671 δέ
973 1609 1054 1676 λίθος
1076 1609 1124 1671 τόν
1147 1608 1263 1692 σίδηρον
1287 1607 1383 1691 μόνον.
1418 1608 1443 1670 εί
1466 1608 1522 1692 γὰρ
1549 1624 1563 1665 ο

269 1707 345 1770 ἔστα
372 1711 420 1772 τόν
449 1710 554 1792 μεταξύ
583 1711 669 1793 ἀέρα,
696 1709 807 1795 ἐφέρετ’
836 1711 870 1774 ἂν
897 1713 991 1773 πάντα
1013 1710 1049 1772 τά
1071 1711 1101 1773 ἐν
1128 1715 1170 1793 τῷ
1200 1710 1264 1794 άέρι
1283 1708 1445 1794 κουφότερα
1467 1716 1521 1774 τοῦ

268 1813 388 1893 σιδήρου
412 1813 458 1875 ἐπὶ
482 1815 533 1895 τὴν
555 1814 637 1876 λίθον
661 1818 762 1896 πρῶτα
786 1817 836 1876 τοῦ
860 1814 988 1898 σιδήρου.
1027 1814 1120 1877 ἕλκειν
1143 1814 1291 1876 δοκεῖκαὶ
1314 1815 1333 1896 ἡ
1357 1814 1463 1898 ὑστέρα
1485 1815 1522 1877 τά

216 1933 246 1982 15
267 1915 418 1997 σπέρματα
440 1917 487 1978 καὶ
511 1917 540 1977 αἱ
564 1915 668 2001 φλέβες
684 1917 731 1979 καὶ
754 1916 789 1978 τά
813 1915 887 2000 μέλη
909 1917 961 1999 τὴν
984 1918 1102 2000 τροφήν.
1147 1916 1205 2000 οὐχ
1227 1917 1319 1985 ούτιυς
1341 1917 1373 1979 δὲ
1395 1918 1415 1999 ί,
1438 1917 1522 1986 λίθος
1536 1935 1563 1977 ιο

266 2017 343 2080 ἕλκει
366 2019 413 2080 τόν
437 2018 564 2102 σιθηρον.
610 2019 657 2080 καὶ
680 2017 733 2102 γὰρ
757 2018 866 2080 τούτων
890 2018 945 2081 όσα
968 2018 1046 2080 ἕλκει
1072 2023 1114 2100 τῷ
1136 2019 1185 2081 τόν
1208 2019 1281 2102 ἀέρα
1305 2021 1409 2083 καὶτὸ
1432 2022 1521 2105 ὑγρόν

267 2125 341 2183 σπᾶν
364 2127 478 2204 πρῶτον
501 2119 560 2205 (τὸ)
583 2120 688 2202 μεταξὺ
711 2125 795 2182 τοῦτο
818 2125 896 2183 ποιεῖ
915 2120 989 2184 κατὰ
1013 2119 1204 2204 συμβεβηκός.
1250 2122 1344 2185 ἕλκειν
1367 2124 1519 2188 δοκεῖκαὶ

191 2293 221 2309 ι,
266 2225 281 2286 ό
305 2225 386 2307 ἥλιος
408 2226 440 2286 τὸ
468 2225 546 2305 ὕδωρ
569 2223 765 2307 (μεταβάλλον
787 2223 843 2307 γάρ
865 2224 912 2286 όιά
935 2224 986 2305 τὴν
1009 2223 1067 2285 ἀπὸ
1091 2227 1140 2285 τοῦ
1157 2224 1241 2305 ἡλίου
1264 2224 1430 2309 θερμότητα
1453 2227 1521 2290 ἀνα·
1536 2243 1562 2285 ιε

265 2327 382 2410 φέρεται
399 2328 447 2395 εἰς
469 2327 516 2388 τὸν
539 2325 612 2388 κατά
635 2326 718 2409 φύσιν
741 2325 836 2388 αὐτῶν
858 2325 955 2401 τόπον,
978 2325 1009 2395 ός
1032 2325 1108 2389 ἐστιν
1132 2323 1192 2388 ἀνιυ
1216 2324 1288 2389 ἔνθα
1311 2329 1359 2389 καὶ
1382 2329 1398 2390 ό
1420 2330 1521 2412 ἥλιος)

212 2449 245 2496 ευ
264 2430 320 2514 οὐχ
344 2434 383 2498 ὡς
405 2429 534 2512 ἡλιθος·
563 2427 596 2490 οὐ
623 2429 677 2510 γὰρ
706 2429 880 2513 μεταβάλλει
907 2430 954 2492 τόν
978 2428 1104 2511 σίόηρον.
1149 2428 1227 2491 ἕλκει
1253 2430 1301 2491 καὶ
1328 2430 1380 2512 τὴν
1406 2433 1519 2516 τροφὴν

263 2534 295 2595 τό
320 2538 394 2616 ζῷον
417 2533 465 2595 καὶ
489 2535 544 2593 πᾶν
568 2533 599 2592 τό
623 2533 801 2614 ἐπιθυμητὸν
819 2534 866 2595 καὶ
890 2532 1007 2615 ὀρεκτόν
1024 2530 1058 2592 οὐ
1074 2535 1116 2613 τῷ
1134 2537 1224 2594 ποιεῖν
1247 2534 1279 2594 τό
1304 2533 1409 2615 μεταξὺ
1425 2535 1517 2599 αὐτοῦ
1532 2552 1561 2595 εν

264 2635 324 2717 (καὶ
347 2635 410 2720 τοῦ)
434 2635 608 2718 ὀρεγομένου
633 2633 733 2717 όμοιον
756 2635 852 2717 ἑαυτῷ
875 2633 924 2716 (ού
940 2634 995 2718 γάρ
1018 2635 1111 2717 τροφὴ
1126 2634 1232 2716 γίνεται
1253 2635 1286 2696 τὸ
1308 2635 1423 2718 μεταξύ,
1447 2637 1511 2701 οὐθ’

262 2738 375 2801 ἕλκεται
392 2739 500 2818 τοῦτο),
523 2736 598 2798 ἀλλὰ
615 2737 731 2820 κινηθὲν
747 2738 779 2799 τό
797 2735 902 2818 μεταξὺ
919 2737 975 2798 ὑπὸ
990 2741 1040 2799 τοῦ
1058 2736 1178 2820 όρεκτοό
1195 2736 1369 2821 <όια>δίδιυσι
1390 2740 1423 2802 τό
1440 2739 1518 2810 εἶδος

263 2841 310 2903 ἐπὶ
333 2843 364 2904 τό
387 2842 563 2922 κινούμενον,
588 2842 627 2906 ιὀς
643 2839 691 2901 ἐπὶ
706 2843 756 2901 τοῦ
780 2840 850 2921 όρᾶν
873 2840 988 2921 γίνεται.
1031 2839 1124 2907 οὕτως
1145 2840 1193 2901 καὶ
1216 2840 1232 2902 ό
1256 2840 1371 2925 σίδηρος
1394 2842 1442 2904 ἐπὶ
1466 2846 1519 2926 τὴν

209 2964 242 3012 25
262 2945 343 3006 λίθον
367 2944 498 3027 φέρεται,
525 2943 581 3026 οὐχ
610 2941 749 3004 ἕλκουσαν
777 2942 864 3004 αὐτὸν
887 2941 935 3026 βίη
963 2942 1034 3024 πρός
1056 2943 1177 3025 ἑαυτήν,
1205 2940 1264 3005 ἀλλ’
1293 2942 1393 3027 ἐφέσει
1415 2947 1560 3010 τούτουεσ

262 3046 296 3109 οὔ
330 3047 430 3128 ἐνδεὴς
463 3045 514 3126 μέν
547 3045 624 3107 ἐστιν
657 3042 753 3118 αὐτός,
787 3042 851 3127 ἔχει
878 3043 905 3106 θ’
937 3043 1008 3107 αὐτὸ
1042 3045 1060 3126 ἡ
1088 3044 1182 3112 λίθος·
1215 3046 1297 3108 δοκεῖ
1326 3047 1381 3131 γὰρ
1415 3051 1464 3111 καὶ
1497 3075 1517 3134 η

261 3149 342 3217 λίθος
377 3149 514 3231 σιδηρῖτις
550 3145 632 3217 εῖναι,
665 3148 667 3229 λ
703 3145 897 3230 ἐξικμασμένη
933 3147 1029 3229 μέντοι
1061 3145 1118 3229 ἤδη
1154 3145 1219 3229 ἤτοι
1254 3149 1309 3211 ὑπὸ
1339 3150 1451 3234 χρόνου
1484 3154 1568 3236 ῆ141

261 3250 316 3314 ύπό
354 3273 428 3318 τινος
464 3249 555 3331 ἀλλης
591 3251 691 3318 αἰτίας.
746 3249 781 3311 οὐ
817 3248 903 3331 μόνον
936 3248 990 3331 γάρ
1025 3248 1060 3310 τά
1094 3248 1230 3333 αἴσθησιν
1264 3248 1370 3336 ἔχοντα
1404 3256 1452 3317 καῖ
1480 3255 1516 3317 τά

261 3351 379 3438 ἔμψυχα
413 3352 523 3436 ἐφίεται
557 3357 607 3414 τοῦ
646 3354 718 3414 κατὰ
753 3351 838 3435 φύσιν
873 3352 998 3425 ἑαυτοῖς,
1036 3349 1096 3413 ἀλλ’
1134 3352 1211 3415 ούτω
1245 3355 1337 3418 πολλὰ
1375 3358 1423 3419 καὶ
1457 3363 1516 3419 τῶν
1542 3375 1556 3417 ⁵

207 3476 241 3524 30
260 3457 382 3541 ἀψύχων
410 3453 481 3540 ἔχει.

260 3663 372 3726 XXIV.
417 3662 552 3730 Λέξεως
580 3661 742 3742 ἐξήγησις
770 3661 808 3723 ἐκ
837 3663 894 3722 τοῦ
918 3660 1083 3743 δευτέρου
1112 3659 1195 3745 Περὶ
1223 3667 1337 3748 ψυχῆς
1356 3661 1514 3749 Ἀριστο-

258 3767 380 3833 τέλους
403 3763 473 3846 μετ’
497 3764 612 3845 ὀλίγον
636 3768 697 3847 τῆς
720 3765 833 3847 ἀρχῆς
856 3763 1057 3846 εἰρημένης·
1085 3761 1259 3847 ((λὲγομεν
1282 3767 1322 3849 δὴ
1348 3767 1448 3848 γένος
1477 3771 1512 3832 ἕν

259 3893 289 3931 τι
319 3875 384 3930 τῶν
412 3865 525 3929 άλλιυν
554 3865 661 3928 όντων
684 3867 745 3949 τὴν
771 3865 906 3938 οὐσίαν,
936 3866 1063 3949 ταύτης
1085 3867 1122 3928 δέ
1149 3867 1185 3929 τό
1214 3870 1274 3950 μὲν
1301 3872 1346 3937 ὡς
1368 3871 1468 3954 ύλην,
1496 3873 1555 3936 ὃιο

205 4025 329 4033 ——-

207 4128 217 4177 l
239 4126 337 4194 ἐμμένει
351 4124 543 4177 Ρεοκετθῖεὶετε
563 4124 676 4191 ἐμμένειν
696 4123 755 4175 libri
835 4123 851 4192 η
871 4123 946 4190 ίκμάς
965 4142 981 4174 ιι
994 4124 1037 4190 Sp.
1122 4123 1175 4175 23
1194 4123 1243 4175 ἀπὸ
1262 4123 1361 4178 τούτων
1375 4125 1443 4185 είαός
1455 4144 1522 4182 corr.
1534 4148 1566 4185 ει

203 4213 271 4271 είτιός
289 4213 339 4265 άπὸ
357 4211 454 4265 τούτων
475 4217 496 4262 V
591 4214 607 4263 3
625 4213 709 4280 ἐαυτῷ
729 4212 776 4280 (μὴ
795 4213 923 4283 κατέχειν)
942 4211 1072 4264 Schwartz
1162 4213 1177 4263 4
1197 4212 1270 4279 μένον
1290 4213 1347 4280 Sp.:
1367 4214 1450 4282 μένειν
1469 4217 1531 4272 libri

205 4303 219 4353 6
239 4303 280 4372 βίφ
293 4303 349 4370 Sp.:
370 4302 410 4370 βία
424 4302 482 4353 libri
572 4301 626 4371 άφη
639 4303 695 4367 Sp.:
715 4300 767 4369 ἀφη
784 4304 813 4350 V:
833 4300 884 4369 ἀφη
900 4320 914 4351 a
1004 4305 1083 4367 ταῦτα
1101 4299 1177 4352 αι’ντά
1197 4301 1301 4367 scripsi=
1320 4306 1400 4354 ταῦτα
1418 4305 1449 4356 τὰ
1464 4309 1567 4362 VGSa:

203 4396 281 4442 ταῦτα
295 4394 327 4441 F:
346 4390 361 4441 ἀ
380 4392 422 4442 καὶ
436 4389 499 4442 αύτά
513 4390 568 4456 Sp.:
589 4386 687 4456 ἀ(ἀς’ί)
702 4390 744 4439 καὶ
762 4389 793 4439 τά
810 4389 875 4439 vict.
949 4388 963 4437 7
983 4408 998 4456 η
1013 4389 1080 4440 vict.
1095 4389 1151 4455 Sp.:
1171 4389 1205 4447 είς
1217 4391 1299 4442 VSBa
1370 4391 1387 4443 8
1404 4392 1434 4443 ἀν
1451 4396 1492 4447 sic
1506 4399 1529 4445 V

203 4478 305 4530 θέλκοι
320 4479 384 4529 vict.
397 4480 452 4546 Sp.:
473 4477 540 4529 ἕλκει
554 4478 611 4530 libri
685 4477 720 4533 ὡς
739 4477 829 4529 addidi
905 4475 1137 4548 1θοθχ8ρ.τοθθ’
1153 4479 1210 4531 libri
1282 4476 1350 4530 οὕτω
1364 4477 1389 4530 δέ
1404 4482 1530 4550 coni.Sp.

202 4567 285 4633 ἐκείνη
305 4565 362 4632 Sp.:
382 4566 474 4622 ἐκεῖνος
499 4565 556 4617 libri
642 4566 671 4616 λ’.)
700 4564 836 4634 σπωμίνιμ]
861 4567 993 4632 σπώμενον
1017 4585 1031 4615 ιι
1051 4570 1094 4631 Sp.
1188 4567 1217 4617 17
1237 4567 1265 4618 τό
1289 4567 1347 4618 add.
1371 4566 1464 4621 B²S²a
1484 4571 1530 4638 Sp.

205 4654 235 4704 19
255 4651 351 4721 αύτῶν]
371 4655 448 4706 αὐτοῦ
467 4672 482 4704 α
501 4656 544 4719 Sp.
653 4655 686 4704 20
705 4653 751 4718 ὡς]
771 4651 853 4710 οὕτως
871 4658 914 4721 Sp.
1014 4654 1042 4704 21
1075 4654 1104 4706 ού
1131 4658 1168 4722 τῷ
1192 4662 1270 4706 ποιεῖν
1295 4656 1374 4707 Victa
1403 4653 1473 4708 οὗτοι
1501 4666 1568 4712 ποιεῖ

202 4741 260 4792 libri
349 4741 382 4792 θ’.)
402 4743 444 4792 καλ
464 4741 521 4792 add.
543 4741 684 4808 B²s²aSp.
775 4747 819 4793 τοῦ
839 4742 983 4793 ad1{.[›i01s
1068 4742 1100 4791 23
1119 4741 1243 4794 διαδίδωσι
1259 4742 1342 4795 Diels:
1362 4742 1447 4796 δίδωσι
1467 4746 1528 4799 libri

203 4829 234 4880 *27
259 4828 378 4899 σιδηρίτισ
398 4833 420 4879 V
510 4829 678 4899 ἐξικμασμίνη
698 4832 805 4897 scripsi:
834 4831 999 4898 ἑξικασμένης
1019 4835 1049 4881 V:
1078 4831 1103 4889 ἐξ
1124 4831 1258 4902 ίκασμένητ
1277 4850 1292 4882 α
1310 4834 1355 4898 Sp.
1445 4831 1476 4884 31
1509 4833 1565 4886 θεν·

202 4915 286 4987 τίρου]
315 4916 346 4969 de
371 4933 413 4968 an.
437 4917 471 4981 11,
494 4918 516 4968 l.
534 4918 624 4969 41⁶2·ss
715 4917 748 4969 33
768 4916 852 4969 ἄλλων
871 4918 919 4971 del.
942 4919 1016 4983 vict„
1040 4934 1089 4970 om.
1110 4920 1188 4970 Arist.
1208 4921 1253 4986 Sp.
