3540 5610
682 318 885 372 ιιιιιιιισιιι
909 318 952 371 nn
976 315 1085 371 ιιιιιιι
1178 286 1183 295 ’
1518 317 1555 381 ιῖ

254 492 409 574 δυνάμεσιν
432 494 486 556 καὶ.
502 456 602 561 ἄλλας.
614 493 691 562 τινὰς
719 494 853 576 δυνάμεις
879 490 1014 577 ἔχουσαν.
1060 491 1169 576 οὐγὰρ
1192 491 1252 555 οἷόν
1275 516 1306 556 τε
1332 497 1389 556 τῶν
1413 491 1504 559 οὕτως

254 593 386 678 ἐχόντων
409 596 480 678 πρὸς
496 593 609 678 α’λληλα
632 601 711 679 σαφῆ
728 597 776 658 τδν
799 594 894 658 κοινδν
916 594 988 679 εἶναι
1004 592 1087 676 λόγον
1110 599 1152 679 τῷ
1170 597 1229 658 δεῖν
1246 596 1297 678 μὲν
1320 597 1368 659 τδν
1384 591 1502 678 ὁρισμόν

254 720 339 758 τινων
362 695 436 759 κατὰ
458 699 573 759 πάντων
595 697 691 761 αὐτῶν
715 697 953 782 κατηγορεῖσθαι,
981 699 1022 781 μὴ
1046 697 1185 761 δύνασθαι
1208 699 1241 761 δὲ
1262 699 1292 761 ἐν
1315 703 1356 783 τῷ
1382 696 1502 779 τοιούτῳ

256 797 336 883 λόγῳ
370 800 613 883 διασημαίνεσδαί
638 825 663 863 τι
690 806 747 863 τῶν
776 800 960 885 τελειοτέραν
988 799 1018 862 ἐν
1045 799 1152 869 αὐτοῖς.
1202 799 1298 863 οὐκέτι
1325 801 1379 884 γὰρ
1408 798 1441 861 διν
1469 797 1505 859 τὰ

225 901 431 985 σάτελέστερα
453 902 483 964 ἐν
499 907 541 987 τῷ
564 903 677 987 ὁρισμῷ
701 905 952 988 περιλαμβάνοιτο.
990 900 1027 965 δι’
1049 903 1084 986 ἣν
1107 904 1199 966 αἰτίαν
1222 904 1270 966 καὶ
1293 904 1308 965 ὁ
1332 908 1384 984 τῆς
1405 905 1505 986 ψυχῆς

257 1005 353 1072 κοινδς
375 1004 459 1084 λόγος
482 1004 677 1089 ἁπλούστερός
700 1029 731 1068 τε
754 1007 802 1068 καὶ
824 1005 987 1089 κοινοτερος
1009 1006 1049 1067 ὢν
1073 1006 1210 1090 οὐδεμιᾶς
1232 1011 1289 1068 τῶν
1312 1005 1437 1088 μαλιστα
1461 1006 1504 1065 δο·
1520 1018 1546 1059 ιο

257 1113 373 1169 κουσῶν
396 1106 468 1170 εἶναι
494 1113 628 1192 ψυχικιον
651 1131 803 1191 ουναρεων
826 1108 902 1172 ἐστιν
926 1106 1105 1177 ἐνδεικτικός.
1145 1110 1204 1171 ἀπὸ
1226 1111 1280 1193 γάρ
1305 1132 1380 1177 τινος
1402 1110 1505 1174 κοινῶς

258 1211 365 1277 πάσαις
387 1209 487 1279 αὐταῖς
510 1211 692 1296 ὑπάρχοντος
715 1213 731 1274 ὁ
753 1216 881 1280 τοιοῦτος
904 1210 996 1305 λόχος.
1022 1208 1026 1296 Ι
1219 1280 1226 1293 ‚

341 1311 378 1376 Εἰ
401 1313 433 1376 δέ
456 1312 530 1375 ἐστιν
554 1312 630 1381 εἶδος
652 1315 780 1398 ἡψυχη,
803 1317 844 1382 ὡς
859 1313 1009 1389 δέδεικται,
1032 1316 1186 1397 ἀναγκαῖον
1209 1313 1299 1397 αὐτὴν
1322 1313 1487 1399 ἀχώριστόν
1510 1327 1559 1371 lter

214 1431 243 1474 ιο
257 1440 289 1479 τε
311 1414 383 1478 εἶναι
412 1420 463 1477 τοῦ
486 1418 622 1503 σώματος
652 1413 685 1477 οδ
714 1416 789 1478 ἐστιν
817 1417 865 1478 καλ
894 1417 1050 1500 ἀσώματον
1078 1418 1125 1479 καὶ
1148 1417 1281 1500 ἀκίνητον
1308 1415 1375 1480 καθ’
1405 1417 1504 1500 αὐτην.
1589 1438 1597 1455 ·

257 1524 314 1581 πᾶν
336 1518 390 1603 γὰρ
412 1518 488 1586 εἶδος
512 1523 649 1581 τοιοῦτον.
695 1519 727 1580 τὸ
751 1519 878 1603 μὲνγὰρ
905 1524 992 1609 σῶμα
1015 1519 1230 1604 συναμφότερόν
1257 1542 1288 1582 τε
1311 1522 1358 1582 καὶ
1382 1519 1506 1605 ὑφεστδς

258 1618 325 1684 ταδ’
355 1619 437 1689 αὑτό,
459 1623 492 1683 τὸ
516 1621 547 1683 δὲ
567 1620 643 1689 εἶδος
665 1620 755 1683 ἄλλου
777 1620 808 1683 δν
831 1621 973 1703 (τοιοῦτον
995 1622 1049 1707 χδιρ
1070 1624 1089 1706 ἡ
1108 1622 1274 1708 ἐντελέχεια
1296 1645 1327 1685 τε
1349 1623 1397 1685 καὶ
1419 1626 1505 1685 τελει-

258 1723 342 1807 ότης)
365 1723 422 1809 οὐχ
437 1723 498 1785 οἷον
513 1748 544 1786 τε
559 1723 626 1786 ἄνευ
650 1724 760 1786 ἐκείνου
783 1723 817 1787 οὖ
834 1725 908 1787 ἐστιν
925 1725 1007 1803 εἶναι,
1031 1729 1071 1814 ὡς
1092 1724 1160 1801 οὐδὲ
1183 1726 1214 1787 τὸ
1230 1725 1318 1808 πέρας
1340 1727 1432 1810 χωρὶς
1454 1729 1505 1787 τοῦ
1532 1741 1542 1777 ·'

256 1825 292 1890 οὖ
318 1827 408 1910 πέρας
430 1827 504 1900 ἐστι’,
533 1825 603 1889 ὥστ’
632 1826 699 1889 οὐδὲ
726 1828 778 1909 τὴν
801 1827 898 1911 ψυχὴν
920 1827 981 1891 οἶόν
1007 1851 1038 1891 τε
1061 1827 1133 1891 εἶναι
1156 1829 1339 1912 χωρισθῆναι
1361 1830 1408 1890 καὶ
1431 1828 1498 1891 καθ’

212 1946 243 1990 15
255 1931 346 2012 αὐτὴν
370 1931 535 2014 ὑφεστάναι.
581 1929 649 1991 οὐδὲ
676 1934 763 2012 σῶμα
790 1929 855 2012 ἄρα.
901 1929 961 1992 ἀλλ’
989 1929 1057 1994 οὐδὲ
1084 1929 1159 1992 κατὰ
1185 1932 1251 2000 τοὺς
1279 1930 1422 2013 λέγοντας,
1446 1935 1503 1994 πᾶν

256 2040 355 2115 σῶμα,
377 2034 397 2116 ἢ
421 2034 491 2116 ὕλην
513 2034 532 2115 ἢ
556 2031 586 2101 ἐξ
608 2033 688 2117 ὕλης,
712 2032 783 2094 εἶναι
806 2032 862 2113 (ὡς
884 2038 943 2101 τοῖς
965 2033 1023 2096 ἀπὸ
1047 2037 1098 2115 τῆς
1115 2032 1207 2101 Στοᾶς
1230 2033 1324 2116 δοκεῖ)
1345 2032 1392 2117 εἴη
1416 2032 1449 2096 ἂν
1472 2035 1505 2096 ed

256 2136 334 2205 εἶδος
357 2141 452 2217 σῶμα.
498 2134 639 2219 οὔτεγὰρ
667 2136 722 2218 δλη
749 2136 782 2197 al>
809 2134 886 2203 εἶδος
912 2134 946 2218 (ἡ
974 2136 1026 2218 μὲν
1053 2136 1106 2220 Ι,ὀλρ
1134 2134 1251 2209 ἄποιος,
1278 2136 1311 2197 τδ
1334 2136 1366 2198 δὲ
1388 2135 1507 2220 ποιότης

256 2240 324 2322 τις),
352 2238 419 2302 οὔτε
441 2237 470 2306 ἐξ
493 2239 577 2320 ὕλης·
605 2238 630 2300 εἰ
652 2238 705 2322 χδιρ
728 2237 773 2322 εἴη
801 2239 834 2300 τὸ
861 2237 937 2307 εἶδος
959 2237 989 2306 ἐξ
1011 2238 1081 2321 ὕλης
1104 2239 1152 2301 καὶ
1174 2237 1281 2312 εἴδους,
1311 2243 1425 2322 πρῶτον
1454 2241 1505 2320 μὲν

257 2340 339 2406 ἔσται
361 2342 463 2406 ταύτδν
486 2342 519 2403 td
539 2342 635 2425 ἕτερον
658 2346 701 2426 τῷ
725 2341 944 2427 συναμφοτέρῳ,
967 2338 1067 2403 ἔπειτα
1089 2341 1130 2425 εἰς
1150 2340 1267 2425 ἄπειρον
1291 2342 1505 2425 προελεύσεται,

141 2438 144 2443 ’
214 2462 244 2505 ee
257 2446 288 2508 εἴ
308 2471 342 2528 χε
364 2447 397 2507 τὸ
420 2446 472 2527 μὲν
494 2444 575 2512 εἶδος.
593 2444 622 2513 ἐξ
645 2444 717 2527 ὕλης
739 2468 770 2506 τε
792 2446 839 2507 καὶ
861 2444 970 2519 εἴδους,
998 2444 1082 2506 πόλιν
1105 2445 1138 2507 δὲ
1163 2446 1256 2507 ἐκεῖνο
1278 2445 1311 2506 τδ
1338 2444 1414 2513 εἶδος
1436 2445 1506 2529 ὕλης
1520 2462 1547 2503 ιι
1575 2500 1580 2508 .

258 2574 290 2613 τε
317 2551 366 2612 καὶ
393 2547 490 2616 εἴδους
516 2549 659 2631 δεήσεται.
705 2547 730 2608 εἰ
756 2548 810 2630 γὰρ
837 2547 929 2616 οὕτως
956 2546 1065 2630 λέηοιεν
1091 2547 1124 2609 τδ
1148 2546 1223 2617 εἶδος
1250 2547 1279 2617 ἐξ
1307 2548 1377 2631 ὕλης
1406 2551 1506 2612 τεκαὶ

202 2825 219 2878 3
247 2827 284 2894 μὴ
303 2821 422 2876 dinudat
440 2819 654 2892 transportandae]
674 2838 734 2874 man
753 2822 824 2874 kann
843 2823 917 2874 nieht
931 2788 1068 2875 'andenten
1087 2823 1135 2874 mit
1153 2822 1253 2875 seleher
1271 2823 1428 2886 Definiti0n‚
1452 2838 1480 2875 so
1499 2823 1559 2875 dass

203 2914 241 2965 sie
259 2929 288 2964 es
306 2913 417 2965 bedente
523 2908 591 2961 'l—8
619 2907 797 2977 ἀπὸ-λόχος]
822 2909 892 2961 denn
911 2910 971 2977 jene
991 2909 1134 2962 Definitien
1152 2912 1187 2962 ist
1204 2910 1316 2962 lrirwahr
1335 2926 1488 2979 genemmen
1507 2926 1559 2962 ιοιι

131 3038 136 3049 .
203 2998 296 3066 irgend
315 3000 388 3051 einer
406 2996 717 3060 Gemeinsehaltlichlreit‚
735 2997 777 3049 die
796 2997 850 3049 sieh
870 2998 897 3049 in
916 2998 997 3050 ihnen
1015 2997 1097 3049 findet
1199 2998 1230 3049 12
1248 2997 1278 3050 τὸ
1296 2996 1323 3049 δὲ
1341 2996 1405 3056 εἶδος
1423 2996 1499 3049 ἄλλοι
1519 2996 1558 3066 ὄν]

203 3086 245 3138 die
264 3086 343 3138 Form
361 3087 502 3154 hingegen‚
521 3101 596 3137 wenn
614 3085 651 3137 sie
671 3085 714 3148 ist,
733 3100 760 3135 so
779 3085 814 3136 ist
832 3085 869 3137 sie
887 3084 999 3137 idrwabr
1017 3085 1059 3137 fdr
1077 3085 1152 3137 einen
1172 3084 1284 3137 anderen
1305 3084 1472 3154 Gegenstand

204 3173 357 3243 ἐντελέχεια]
378 3191 407 3242 p:
428 3171 682 3226 erate-Entelechie
791 3170 892 3223 13-11
921 3170 1089 3245 οὺχ-τέρας
1108 3171 1170 3240 teri]
1195 3173 1232 3225 sie
1249 3172 1322 3247 Ιἰιιιιιιι
1341 3173 1413 3225 nieht
1432 3175 1560 3227 entbldsst

202 3277 254 3314 ren
271 3262 358 3329 jenern
378 3262 463 3328 llinge
481 3261 551 3323 sein,
575 3260 608 3311 da
621 3258 776 3326 ¹(naclrdem)
799 3260 864 3311 aueh
885 3261 911 3311 in
931 3260 1020 3327 Bezug
1042 3260 1088 3311 aul
1111 3260 1156 3311 das
1175 3260 1247 3312 Ende
1271 3260 1309 3311 sie
1330 3259 1404 3311 nieht
1428 3276 1477 3313 ron
1501 3262 1558 3314 dem

203 3349 289 3418 llinge
308 3353 431 3417 getrennt
449 3348 550 3400 werden
569 3347 654 3411 kann,
673 3346 766 3399 dessen
785 3346 857 3398 llnde
876 3347 913 3398 sie
931 3347 966 3398 ist
1076 3346 1175 3400 15-17
1207 3345 1404 3417 ἀλλ’-ποιότης
1421 3347 1469 3416 τις]
1490 3349 1560 3402 denn

202 3454 230 3489 es
249 3440 285 3489 ist
304 3438 378 3489 nicht
397 3436 521 3505 miglich,
543 3436 608 3487 aueh
628 3435 700 3487 nieht
718 3434 785 3486 naelr
805 3433 862 3486 dem
882 3433 1032 3501 dussprueh
1051 3435 1211 3504 derjenigen‚
1230 3435 1324 3487 welche
1343 3450 1424 3504 sagen
1443 3435 1502 3488 dass
1521 3437 1559 3489 sie

126 3554 132 3567 ·
203 3526 247 3577 ein
266 3524 398 3576 einlaelrer
409 3524 507 3590 Kdrper
525 3523 586 3575 oder
599 3522 665 3589 Hyle
683 3522 744 3575 eder
762 3537 809 3574 aus
823 3520 889 3588 llyle
907 3520 961 3574 und
980 3522 1056 3574 Forrn
1075 3521 1136 3591 [sei]
1157 3524 1215 3588 (wie
1233 3522 1275 3575 die
1288 3522 1369 3575 Leute
1388 3523 1433 3575 der
1444 3524 1558 3578 Finster·

202 3612 259 3664 niss
279 3609 361 3679 [arab.
375 3610 609 3674 Alilal-ruwalr,
627 3609 696 3677 qued
713 3612 840 3677 interpres
858 3609 982 3661 hebraeus
1000 3624 1054 3662 non
1068 3609 1242 3662 intellexerit?
1262 3609 1311 3678 St]
1331 3611 1465 3679 glauben),
1484 3612 1559 3664 dass

202 3700 255 3751 die
274 3698 363 3750 F-orrn
382 3680 570 3765 Kdrper'sei.
602 3696 652 3766 [Pp
671 3698 699 3749 in
719 3713 774 3765 mg:
794 3695 919 3748 nachdem
938 3713 965 3748 er
984 3702 1074 3765 gesagt
1090 3697 1146 3760 hat,
1165 3699 1224 3749 dass
1243 3696 1286 3750 die
1299 3698 1374 3750 l'orm
1393 3699 1492 3766 Kdrper
1510 3699 1559 3761 sei,

203 3787 275 3838 hatte
299 3802 327 3837 er
344 3787 422 3838 einen
441 3786 511 3838 diese
529 3785 612 3854 Frage
634 3784 814 3837 erlauternden
833 3784 932 3836 Beweis
959 3785 1070 3851 bringeri
1088 3784 1186 3850 sellan,
1208 3785 1320 3839 nimlieh
1344 3786 1404 3837 dass
1422 3787 1463 3839 die
1482 3785 1558 3838 Form

203 3874 276 3925 nieht
295 3874 393 3941 Κόιρσι
411 3874 462 3935 sei3
490 3888 566 3924 wenn
583 3873 645 3925 eber
667 3873 723 3924 dies
742 3871 996 3924 selbstverstindlieh
1021 3873 1068 3935 ist,
1091 3887 1120 3924 se
1139 3872 1210 3925 hitte
1228 3889 1257 3925 er
1278 3872 1419 3925 fortfahren
1438 3872 1558 3925 missen:

203 3962 246 4013 die
265 3961 340 4012 Ferrn
359 3962 394 4012 ist
412 3961 485 4012 nieht
504 3959 590 4028 Hyle]
627 3961 675 4013 Die
693 3960 768 4010 l'orm
788 3960 823 4011 ist
841 3959 953 4011 nimlieh
972 3959 1046 4010 nieht
1065 3958 1143 4026 Hyle,
1164 3961 1220 4012 weil
1239 3961 1281 4011 die
1300 3960 1366 4027 Hyle
1385 3960 1458 4012 nieht
1476 3959 1559 4026 qnali-

203 4048 318 4112 sciram,
336 4048 378 4100 die
397 4049 473 4100 l'erm
492 4049 526 4099 ist
544 4048 606 4099 aber
623 4047 716 4115 irgend
734 4048 791 4098 eine
805 4046 920 4109 Qualilat
993 4046 1024 4097 18
1043 4043 1100 4098 οὔτε
1117 4046 1143 4106 ἐξ
1156 4045 1227 4116 ὕλης]
1247 4047 1333 4100 addit:
1351 4048 1415 4099 und
1435 4048 1524 4099 Forrn

203 4136 224 4187 εἰ
242 4134 415 4204 ηάρ·τίδοος]
435 4135 501 4187 naelr
520 4135 604 4186 dieser
621 4133 735 4201 Analogi
840 4133 874 4185 20
892 4132 915 4184 εἴ
931 4132 969 4202 γε]
989 4134 1075 4186 addit:
1095 4135 1244 4202 notwendig
1329 4135 1428 4187 20—21
1452 4134 1558 4187 πάλιν-

203 4222 319 4292 δεηστται
337 4239 386 4276 om.
735 4239 739 4248 ·

206 4465 215 4515 l
238 4464 318 4522 ἄλλας
335 4482 403 4520 τινας
422 4463 457 4515 K:
476 4461 540 4515 ἄλλά
558 4482 625 4522 τινας
644 4479 660 4515 a
743 4465 758 4515 7
778 4469 870 4521 κοινῶς
888 4463 926 4515 m²
944 4460 1028 4519 κοινὸς
1045 4463 1122 4514 m¹Vz
1142 4470 1235 4521 κοινῶς
1252 4465 1292 4516 Ka
1380 4466 1403 4541 ‘l
1417 4460 1469 4527 ,ὅτι
1488 4462 1557 4536 ἀχώ-

202 4568 286 4625 ριστας
304 4553 320 4622 ἠ
340 4551 411 4624 ψυχὴ
430 4555 475 4603 τοῦ
495 4551 613 4620 σώματος
630 4549 659 4603 οὗ
679 4551 731 4603 ἐστι
748 4551 842 4622 ψυχή.“
882 4551 903 4602 εἰ
921 4549 947 4602 δέ
966 4551 1031 4602 Vlla
1050 4551 1112 4616 (nisi
1132 4550 1241 4618 quedl(
1261 4549 1291 4603 οὗ
1310 4550 1360 4603 ἐστι
1379 4551 1449 4624 ψυχή
1468 4550 1530 4617 om.)

203 4642 238 4692 lll
262 4640 305 4691 καὶ
323 4644 384 4692 ante
402 4638 538 4707 ἀσώματον
556 4655 606 4694 orn
625 4640 666 4693 Ka
779 4639 806 4689 ll
833 4637 876 4689 καὶ
895 4635 1010 4706 letarde]
1029 4638 1072 4688 καὶ
1090 4636 1104 4688 δ
1123 4639 1156 4690 ἰιι·
1170 4637 1243 4690 lit.V
1352 4638 1383 4690 12
1407 4637 1480 4707 αὑτὸ]
1499 4638 1559 4689 din

200 4727 242 4780 lit.
256 4728 279 4777 V
407 4726 438 4779 13
465 4728 543 4800 χωρὶς
562 4742 612 4780 om.
630 4727 672 4779 Ka
794 4724 826 4778 15
853 4723 988 4793 ὑφιστᾶναι
1005 4724 1047 4776 lle
1170 4725 1201 4778 16
1226 4731 1300 4794 σῶμα
1318 4727 1344 4778 et
1361 4724 1378 4794 ἡ
1397 4724 1559 4791 interpunxi.

201 4817 259 4868 sine
278 4816 360 4868 dnbio
379 4816 447 4867 enim
467 4815 530 4867 haec
548 4813 613 4867 dicit
630 4813 791 4867 Alexander:
818 4813 992 4863 desecandum
1014 4830 1054 4862 eos
1073 4813 1180 4878 quidem,
1204 4814 1246 4877 qni
1264 4830 1329 4863 ornae
1346 4829 1434 4878 eorpus
1453 4828 1504 4860 esse
1522 4809 1559 4858 di·

200 4914 264 4966 cant,
276 4904 365 4966 l'orma
383 4920 473 4968 ιοηιιισ
492 4913 527 4952 στι

253 5010 365 5058 eupptem.
380 5011 445 5050 κιιιι.
459 5011 486 5049 ιι.
508 5009 613 5049 armna.
628 5009 647 5046 a.
663 5008 745 5046 nnana.
1338 4988 1358 5051 2
