3540 5610
203 304 243 369 74
680 305 882 360 ALEXANDRI
904 307 948 360 DE
973 306 1084 361 Annis

256 460 350 541 κλῖναί
371 502 401 542 τε
429 480 476 543 καὶ
499 485 607 563 φυγεῖν.
653 480 729 563 δρμὴ
753 481 806 564 γάρ
833 502 876 548 τις
902 503 950 542 και
972 505 991 562 η
1015 502 1114 565 ορεςις.
1159 478 1219 544 ἔστι
1246 482 1279 545 δὲ
1306 487 1357 565 τῆς
1379 480 1502 566 ὀρέξεως
1515 498 1543 542 νο

256 581 289 643 τδ
312 582 364 662 μὲν
380 582 529 667 ἐπιθυμία,
552 583 584 645 τδ
607 583 640 646 δὲ
655 581 758 665 θυμός,
781 583 813 645 τδ
828 583 861 646 δὲ
877 582 1021 668 βούλησις.
1055 585 1074 666 ἡ
1091 583 1211 667 μὲνγὰρ
1227 589 1285 647 τῶν
1300 584 1395 667 ἡδέων
1411 583 1502 669 ὄρεξις

256 682 410 766 ἐπιθυμία,
432 686 495 768 ἥτις
518 684 547 747 ἐν
570 685 656 748 πᾶσίν
679 685 740 748 ἐστι
761 689 821 754 τοῖς
844 684 1014 770 μετέχουσιν
1036 687 1218 771 αἰσθήσεως,
1245 689 1263 771 ἡ
1287 688 1319 750 δὲ
1342 693 1392 750 τοῦ
1414 713 1500 772 τιμω·

256 786 405 868 ρήσασθαί
424 811 486 850 τινα
501 791 542 857 ὡς
556 787 750 871 ὀλιγωροῦντα
767 786 857 872 ὄρεξις
873 788 966 870 θυμδς
987 792 1126 865 καλεῖται,
1149 787 1250 853 οὐκέθ’
1270 791 1290 872 ἡ
1307 787 1397 873 ὄρεξις
1411 816 1431 874 η
1448 814 1501 855 τοι·

229 888 330 972 οαύτη
360 889 391 952 ἐν
418 894 506 954 πᾶσιν
531 895 591 959 τοῖς
616 887 735 975 ἔχουσιν
761 889 907 972 αἴσθησιν.
952 889 986 953 οὐ
1011 891 1066 976 γὰρ
1094 893 1142 955 καὶ
1169 893 1199 955 ἐν
1226 891 1367 976 σκώληξίν
1394 916 1427 956 τε
1453 895 1502 957 καὶ

257 990 401 1074 ὀστρέοις,
424 991 484 1056 ἀλλ’
512 993 542 1056 ἐν
565 992 750 1076 τελειοτέροις
772 991 839 1076 ἤδη.
883 994 902 1076 ἡ
926 992 959 1056 δέ
980 1016 1012 1075 γε
1033 999 1090 1058 τῶν
1113 985 1232 1078 ἀγαθῶν
1254 993 1346 1080 ὄρεξις
1366 995 1501 1080 γινομένη

258 1093 332 1176 μετὰ
355 1095 477 1179 κρίσεώς
497 1119 529 1159 τε
551 1097 600 1158 καὶ
623 1096 732 1181 βουλῆς
754 1095 889 1180 βούλησις
910 1099 1049 1173 καλεῖται,
1072 1099 1135 1181 ἥτις
1157 1099 1187 1160 ἐν
1209 1099 1375 1182 ἀνθρώποις
1395 1098 1501 1181 γίνεται
1594 1179 1600 1192 ι

256 1195 362 1277 μόνοις.
407 1198 515 1285 ι’γγθρΙ
533 1198 669 1283 βούλησις
697 1196 786 1282 ὄρεξις
811 1200 922 1283 λογική.
966 1200 1066 1283 λογικὴ
1095 1201 1128 1264 δὲ
1154 1201 1211 1286 οὐχ
1237 1204 1278 1270 ὡς
1304 1205 1358 1284 τῆς
1385 1203 1501 1284 λογικῆς
1514 1219 1543 1260 σο

256 1297 330 1362 οὖσα
351 1305 449 1386 ψυχῆς
471 1299 611 1384 ἐνέργεια,
644 1299 703 1363 ἀλλ’
732 1303 772 1369 ὡς
802 1300 849 1364 ἐπὶ
874 1305 937 1370 ταῖς
964 1302 1074 1384 ἐκείνης
1100 1292 1253 1387 ἐνεργείαις
1278 1303 1424 1387 γινομένη.
1467 1306 1501 1367 τὸ

216 1417 242 1462 10
253 1403 309 1486 γὰρ
336 1404 481 1496 δρεκτικδν
508 1408 551 1488 τῷ
575 1404 792 1467 ὑποτάσσεσθαι
817 1408 861 1489 τῷ
889 1403 968 1489 λόγῳ
996 1405 1136 1469 δύνασθαι
1162 1408 1210 1470 καὶ
1237 1406 1404 1484 πείθεσθαι,
1432 1406 1501 1470 ὅταν

202 1540 209 1553 ·
256 1506 392 1591 ὀρέγηται
417 1511 475 1570 τῶν
497 1507 553 1570 ὑπὸ
580 1509 631 1569 τοῦ
657 1505 744 1589 λόγου
766 1506 937 1591 κριθέντων,
965 1509 984 1591 ἡ
1008 1509 1105 1572 τοιάδε
1133 1508 1222 1594 ὄρεξις
1249 1508 1338 1572 αὐτοῦ
1364 1508 1502 1593 βούλησις

256 1613 393 1673 καλεῖται.
438 1635 458 1693 η
480 1609 535 1693 γὰρ
558 1609 694 1695 βούλησις
721 1609 793 1691 μετὰ
816 1610 937 1694 βουλῆς,
964 1612 1038 1694 ἡδὲ
1060 1611 1149 1696 βουλὴ
1179 1613 1226 1674 καὶ
1254 1613 1286 1674 τδ
1309 1610 1501 1697 βουλεύεσθαι

255 1717 305 1776 τοῦ
328 1712 412 1795 λόγον
440 1710 567 1797 ἔχοντος.
612 1711 656 1775 ὅτι
679 1713 711 1776 δὲ
738 1711 823 1796 ἑτέρα
848 1712 966 1796 δύναμις
991 1720 1092 1798 ψυχῆς
1117 1717 1136 1798 ἡ
1163 1716 1321 1799 ὁρμητικῄ,
1350 1713 1426 1777 ἀλλὰ
1451 1716 1500 1778 καὶ

256 1814 300 1877 ὅτι
321 1817 351 1878 αἱ
367 1816 571 1900 προειρημέναι
593 1814 627 1878 οδ
644 1813 729 1897 μόνον
752 1820 804 1899 τῆς
818 1816 977 1899 δρεκτικῇς,
1001 1817 1139 1880 ἀλλὰκαὶ
1157 1819 1292 1900 ἀλλήλων
1308 1811 1501 1902 διαφέρουσιν,

215 1935 241 1979 ιο
254 1918 288 1982 ἐκ
309 1921 400 1982 τῶνδε
422 1917 457 1981 ἄν
478 1942 520 1989 τις
542 1919 688 2002 γνωρίσαι.
725 1921 776 1980 τοῦ
800 1918 851 2001 μὲν
873 1918 927 2002 γὰρ
949 1923 1071 2003 φυτικοῦ
1097 1920 1130 1982 τὸ
1152 1920 1321 2002 αἰσθητικὸν
1343 1921 1542 2005 χωρίζεταιυτ»

156 2010 160 2017 ’
254 2027 297 2103 τῷ
320 2045 351 2085 τε
373 2022 406 2084 τδ
429 2021 481 2104 μὲν
510 2021 649 2106 ὑπάρχειν
676 2020 706 2083 ἐν
729 2025 788 2088 τοῖς
814 2023 914 2105 φυτοῖς
935 2019 1045 2093 αὐτῶν,
1071 2022 1105 2084 τδ
1128 2022 1160 2084 δὲ
1183 2023 1233 2106 μή.
1277 2022 1304 2084 εἰ
1330 2021 1384 2107 γὰρ
1406 2023 1442 2108 ἦν
1465 2025 1502 2088 τδι

255 2125 343 2200 αὐτά,
371 2124 402 2187 ἐν
425 2119 452 2211 qi
476 2124 509 2186 τδ
532 2122 629 2208 ἕτερόν
652 2123 727 2187 ἐστιν
749 2121 860 2199 αὐτῶν,
888 2123 1035 2207 ἐντούτῳ
1062 2121 1096 2186 ἂν
1120 2122 1224 2208 ἦνκαὶ
1248 2125 1379 2210 θάτερον.
1426 2127 1529 2211 ἀλλὰ1

256 2229 305 2292 καὶ
325 2228 374 2299 ἐπὶ
395 2235 453 2291 τῶν
476 2223 562 2312 ζῴων
587 2227 621 2289 τδ
649 2227 701 2310 μὲν
730 2226 882 2309 θρεπτικὸν
908 2226 967 2289 άπὸ
993 2230 1046 2309 τῆς
1073 2230 1191 2310 πρώτης
1212 2229 1380 2298 συστάσεως
1400 2228 1501 2298 αὐτοῖς
1584 2234 1589 2241 “

256 2331 413 2417 ἐνυπάρχει
434 2331 583 2415 (τρέφεται
604 2329 657 2414 γὰρ
680 2328 768 2397 εὐθὺς
782 2327 930 2412 γινόμενον
952 2327 1040 2392 ἔτιτὸ
1058 2333 1145 2414 ζῷον,
1167 2331 1308 2394 καὶκατὰ
1329 2333 1451 2416 γαστρὸς
1467 2331 1499 2395 δν

146 2480 153 2499 .
215 2449 242 2494 20
256 2438 294 2517 ζῇ
317 2434 389 2497 κατὰ
406 2433 496 2517 μάνην
519 2434 603 2517 τήνδε
622 2433 675 2516 τὴν
698 2432 816 2514 δύναμιν
832 2431 989 2515 ἐνεργοῦν),
1010 2434 1029 2516 ἡ
1047 2432 1079 2495 δὲ
1094 2433 1250 2516 αἰσθητικὴ
1267 2436 1348 2520 ψυχὴ
1363 2435 1501 2519 ἐγγίνεται

140 2588 144 2597 .
212 2584 217 2595 .
255 2537 352 2607 αὐτοῖς
375 2537 492 2621 ὕστερον
520 2535 735 2620 άποτεχθεῖσιν.
779 2535 809 2597 αἱ
830 2535 884 2618 γὰρ
907 2535 1046 2598 συστολαί
1070 2558 1102 2598 τε
1128 2536 1177 2598 καὶ
1200 2537 1229 2598 αἱ
1252 2537 1382 2607 ἐκτάσεις
1404 2543 1501 2623 μερῶν

255 2663 348 2714 τινων,
370 2640 404 2709 ἃς
420 2643 543 2701 ποιεῖται
557 2638 630 2702 κατὰ
644 2638 766 2721 γαστρὸς
788 2635 830 2710 ὅν,
853 2635 887 2699 οδ
907 2637 1031 2719 γίνονται
1045 2634 1106 2700 κατ’
1128 2638 1233 2702 οἰκείαν
1256 2638 1391 2722 αἴσθησιν
1406 2640 1500 2724 αὐτῷ,

256 2741 315 2807 ἀλλ’
344 2747 383 2812 ὡς
399 2742 533 2828 ἐμψύχου
557 2741 643 2825 μέρος
665 2741 738 2803 κατὰ
753 2739 842 2803 ταῦτα
864 2744 991 2803 κινεῖται.
1029 2737 1070 2803 ἔτι
1091 2745 1129 2823 τῇ
1146 2741 1198 2824 μὲν
1215 2741 1357 2825 θρεπτικῇ
1380 2744 1502 2827 δυνάμει
1516 2761 1544 2802 ιο

255 2848 301 2910 ἀεὶ
323 2847 492 2929 ἐνεργοῦμεν
518 2844 580 2927 (διὰ
601 2844 707 2911 παντὸς
728 2842 782 2927 γὰρ
804 2842 971 2927 τρεφόμεθα
993 2844 1041 2907 καὶ
1065 2846 1188 2928 μάλιστα
1210 2832 1291 2906 δοκεῖ
1310 2845 1501 2928 κοιμωμένων

213 2955 272 3035 25η
296 2950 369 3014 κατὰ
394 2950 446 3033 τἠν
468 2930 585 3031 δθναμιν
608 2946 714 3028 ταύτην
736 2945 863 3030 ἐνέργεια
888 2946 1046 3028 γίνεσθαι),
1074 2944 1128 3008 οὐκ
1150 2947 1249 3008 ἀεὶδὲ
1271 2949 1308 3028 τῇ
1330 2947 1501 3037 αἰσθητικῇ.

255 3058 360 3138 ὁγοδν
383 3053 470 3121 θπνος
498 3052 528 3114 ἐν
550 3056 587 3134 τῇ
612 3055 668 3113 τῶν
697 3049 865 3132 αἰσθήσεών
887 3048 963 3112 ἐστιν
991 3049 1075 3133 ἀργίᾳ
1101 3071 1132 3111 τε
1158 3050 1206 3112 καὶ
1228 3049 1352 3134 ἡσυχία·
1387 3051 1502 3116 διὸκαὶ

254 3162 274 3243 ἡ
291 3159 342 3242 μὲν
358 3160 415 3219 τῶν
430 3156 597 3238 αἰσθήσεων
621 3151 808 3235 ἀνενεργησία
830 3152 931 3225 ὕπνος,
949 3153 969 3235 ἡ
985 3151 1017 3214 δὲ
1039 3156 1092 3234 τῆς
1108 3152 1264 3235 θρεπτικῆς
1286 3154 1435 3235 δυνάμεως
1451 3156 1502 3219 θά·

255 3285 347 3330 νατος.
380 3260 428 3322 καὶ
451 3259 484 3322 τδ
508 3258 559 3341 μὲν
583 3256 736 3338 θρεπτικὸν
758 3252 905 3336 ποιητικόν
928 3255 998 3329 ἐστι,
1021 3255 1054 3316 τὸ
1077 3255 1110 3317 δὲ
1131 3255 1300 3338 αἰσθητικὸν
1324 3255 1448 3340 κριτικόν
1471 3282 1503 3320 τε

256 3367 304 3428 καὶ
325 3359 491 3447 γνωστικόν.
525 3357 567 3422 ἔτι
589 3357 708 3441 τοῦμὲν
732 3357 888 3440 θρεπτικοῦ
911 3358 1004 3420 πάντα
1026 3356 1061 3419 τὰ
1082 3355 1168 3441 μόρια
1190 3362 1248 3419 τῶν
1265 3355 1349 3443 ζῴων
1373 3359 1501 3445 μετέχει,

201 3625 281 3694 θμέν
299 3624 345 3695 γάρ
364 3637 413 3674 om.
510 3618 582 3678 δὼς
599 3617 768 3690 ὀλιγωροῦντα
787 3633 837 3670 om.
936 3614 996 3667 δδέ
1013 3633 1040 3684 γε
1059 3629 1109 3667 οω.
1206 3615 1292 3671 orl-2
1309 3614 1338 3667 τὸ
1357 3616 1404 3688 γὰρ
1424 3617 1557 3686 ὀρεκτικὸν

202 3710 365 3779 -καλεῖται]
390 3725 464 3761 wsnn
482 3707 595 3761 nimlich
617 3706 662 3759 der
680 3704 855 3776 bsgierdlichs
874 3704 930 3756 Teii
954 3704 1009 3756 sich
1028 3719 1063 3755 nn
1081 3700 1127 3756 die'
1142 3702 1271 3755 Vernnnii
1295 3702 1389 3754 isimon
1407 3707 1479 3758 kann
1501 3708 1557 3760 und

202 3801 268 3852 nach
285 3799 332 3851 der
351 3797 480 3851 Vernnnit
503 3796 622 3864 begehrt,
646 3791 760 3846 didurch
779 3791 917 3860 gebunden
936 3807 971 3843 sn
989 3790 1050 3855 das,
1073 3805 1125 3842 was
1144 3789 1185 3841 die
1205 3789 1334 3841 vernunst
1356 3791 1478 3844 beusteilt
1502 3794 1557 3846 und
1587 3843 1590 3847 .

201 3887 242 3940 fiir
265 3885 429 3939 erforderlieh
453 3885 521 3948 nsit,
549 3898 578 3935 so
602 3890 685 3934 neunt
712 3897 771 3932 man
794 3880 865 3931 disse
889 3879 936 3932 Art
960 3862 1173 3946 von'Begienie,
1197 3877 1290 3928 welche
1314 3877 1410 3930 danaus
1432 3882 1558 3943 entsteht,

163 3955 299 4026 *wnnn
365 4028 368 4033 ,
410 3972 442 4024 ιν
469 3973 512 4024 και
529 3970 559 4024 τι
579 3967 751 4035 nonensem]
769 3966 825 4018 und
843 3966 885 4018 ne
903 3965 1018 4032 senung
1131 3964 1160 4015 13
1189 3962 1253 4015 νιιι
1271 3979 1321 4016 om.
1386 3965 1460 4018 ·15
1487 3967 1557 4018 ικ-

195 4059 328 4134 γνωρίσαι]
348 4060 394 4112 das
413 4059 518 4125 kinnsn
536 4059 582 4109 wir
599 4057 664 4109 auch
684 4057 792 4108 ersehen
811 4070 858 4106 aus
876 4054 943 4118 dem,
961 4052 1080 4103 wodurch
1100 4052 1146 4104 wir
1163 4053 1200 4104 sie
1219 4052 1389 4105 besehreiben
1482 4054 1513 4106 16
1531 4055 1558 4106 ἐν

201 4156 253 4207 τοῖς
270 4146 367 4216 φυτοῖς]
387 4148 415 4199 in
433 4138 478 4199 des
496 4144 627 4198 Piianze
734 4143 768 4194 20
789 4137 990 4210 ζῇ-ένιργδῖιν]
1010 4140 1088 4211 ινίιλι,
1190 4139 1223 4191 23
1242 4137 1424 4209 ἀλλ’-μέρος]
1443 4142 1558 4195 sondern

202 4235 259 4288 weil
277 4251 304 4288 οι
322 4235 366 4287 ein
385 4233 440 4286 Teii
460 4233 505 4285 des
524 4231 653 4285 beseeltsn
673 4230 767 4282 Wesen
786 4230 820 4281 ist
920 4227 968 4295 ἔτι]
987 4227 1042 4279 also
1142 4226 1175 4279 26
1194 4226 1265 4296 γοῦν]
1286 4222 1365 4279 dahin
1385 4228 1476 4296 gehfirt
1494 4230 1557 4284 dass

146 4306 151 4317 ’
202 4320 468 4393 ἀργίφ]Αα11ιοθιιιιμ
573 4320 606 4372 27
624 4316 793 4389 ἁνενεργηαὶα]
815 4315 973 4382 Auihebung

204 4548 216 4599 1
236 4544 382 4599 δκκλίναιο
487 4544 531 4596 καὶ
548 4548 610 4596 ante
628 4542 644 4612 ἡ
664 4540 743 4611 ὄρεξις
761 4556 811 4593 οω.
829 4556 846 4593 a
865 4524 872 4539 ’
950 4540 966 4593 3
983 4544 1028 4594 τοῦ
1047 4556 1097 4594 οω.
1116 4557 1131 4593 ιι
1237 4540 1253 4591 4
1273 4537 1442 4609 ὀλιγωροῦντα
1460 4556 1489 4593 ετ
1508 4539 1559 4592 δλι-

203 4637 323 4708 γορυῡντα
341 4636 364 4690 V
470 4631 487 4682 8
505 4631 582 4699 μόνον
601 4647 617 4682 ο
724 4629 753 4680 11
774 4629 790 4699 ἡ
809 4627 891 4681 τοιάδε
909 4626 988 4698 ὄρεξις
1005 4627 1073 4697 κτλ]
1092 4628 1125 4681 ci.
1137 4628 1180 4693 4‚4
1290 4626 1320 4679 12
1340 4625 1482 4697 μεταβολῆς
1499 4644 1516 4680 a

204 4724 236 4777 13
254 4722 330 4792 λόγου
348 4738 381 4775 ε·
457 4718 560 4786 δυναμις
579 4719 599 4770 V
701 4716 732 4768 1ss
751 4723 836 4784 φυτοῖς
854 4717 957 4783 scripsi,
974 4716 1045 4784 quod
1063 4719 1089 4768 et
1106 4715 1297 4783 argumentatio
1317 4713 1433 4782 postulat
1452 4718 1476 4766 et
1497 4714 1562 4781 legit

202 4812 301 4866 Arabs:
320 4807 393 4880 ζῴοις
412 4809 451 4861 Va
559 4806 588 4857 17
611 4804 641 4856 τὸ
660 4819 745 4858 olna
852 4804 884 4857 19
907 4803 1047 4877 ὑπάρχειν
1157 4801 1190 4853 22
1213 4803 1340 4871 γίνεταιυ
1445 4798 1560 4871 αἴσθησιν

203 4914 287 4954 υω.ο
387 4895 420 4948 23
439 4894 514 4971 μέρος
532 4894 637 4962 scripsi:
656 4891 747 4963 μέρους
764 4893 804 4945 Vn
904 4890 1061 4964 θρεπτικὴα
1167 4890 1200 4942 '26
1220 4890 1328 4961 ἀμγίαπ
1433 4887 1561 4961 ἡσυχίου

1372 4990 1386 5025 ι
