3540 5610
282 364 298 395 ,
647 323 704 397 [ου
728 325 837 383 λιιιυο
861 326 963 413 mm
986 326 1112 399 λιιοιι]
1497 330 1557 395 125

259 504 291 566 τδ
314 508 402 584 σῶμα
423 504 456 566 τὸ
479 503 666 587 ὑποκείμενον
688 508 730 587 τῷ
754 504 851 588 λευκῷ
875 503 923 565 καὶ
946 503 978 565 τδ
1001 501 1058 587 ήδη
1083 503 1249 586 δεδεγμένον
1272 505 1323 587 τὴν
1346 503 1505 588 λευκότητα
1586 512 1589 517 ’

258 607 304 668 καὶ
330 607 449 681 λευκόν,
476 607 524 669 καὶ
551 605 674 690 θατέρου
700 603 893 690 φθειρομένου
920 605 1101 689 φθαρήσεται
1132 603 1135 691 γ
1164 608 1211 670 καὶ
1239 607 1272 668 τδ
1299 607 1487 689 ὑποκείμενον
1509 622 1558 666 14&

258 699 345 790 σῶμα
365 713 409 793 τῷ
431 712 537 792 λευκῷ.
582 706 639 792 οὐχ
661 708 775 791 δρῶμεν
804 708 837 770 δὲ
863 711 947 770 τοῦτο
969 707 1125 790 γινόμενον.
1170 709 1313 792 ὑπομένον
1340 710 1393 794 γάρ
1421 715 1504 773 τοῦτο

259 812 290 874 τδ
313 811 385 880 τέως
408 812 510 875 λευκόν
531 809 635 873 ταῦτδν
657 814 700 895 τῷ
725 810 844 896 ἀριθμῷ
868 809 985 895 δέχεται
1007 811 1043 873 τολ
1066 812 1187 875 ἐναντία.

227 1051 348 1135 οΙΙρδς
362 1053 441 1121 τοῦς
464 1053 571 1136 μηδὲν
587 1057 653 1117 τῶν
668 1053 842 1136 τεττάρων
858 1054 1031 1136 σωμάτων
1051 1053 1070 1116 ἃ
1085 1060 1244 1139 στοιχεῖα
1259 1052 1406 1136 λέγομεν
1429 1050 1499 1115 κατ’

616 1155 708 1218 ἰδίαν
732 1155 947 1239 ὑφίστασθαι
968 1155 1141 1238 λέγοντας.
1463 1154 1467 1161 ’

342 1326 378 1391 Εἰ
400 1327 435 1390 τὰ
456 1326 584 1411 τέσσαρα
607 1328 730 1407 σώματα
752 1327 797 1389 ἀεὶ
821 1325 884 1406 μετ’
905 1329 1040 1411 ἀλλήλων
1064 1327 1198 1411 μέμικται
1220 1329 1268 1391 καὶ
1291 1331 1420 1391 καλεῖται
1443 1329 1506 1391 ἕκα-

261 1452 326 1494 στον
349 1429 445 1493 αὐτῶν
472 1427 538 1492 τόδε
559 1451 586 1490 τι
608 1428 666 1491 ἀπὸ
688 1431 739 1490 τοῦ
761 1431 967 1500 πλεονάζοντος
988 1428 1026 1493 ἐν
1041 1429 1138 1514 αὐτῷ,
1169 1430 1209 1513 μὴ
1229 1431 1353 1499 ,δόναται
1379 1431 1412 1494 δὲ
1438 1429 1502 1494 κατ’
1533 1448 1547 1489 τ

257 1533 330 1596 ἰδίαν
352 1557 378 1595 τι
401 1532 497 1595 αὐτῶν
519 1531 669 1616 ληφθῆναι
696 1530 743 1594 διὰ
764 1531 797 1593 τό
825 1531 897 1594 εἶναι
926 1537 978 1615 γῆς
1002 1533 1053 1616 μὲν
1076 1531 1146 1595 ἴδιον
1168 1533 1201 1594 τδ
1224 1533 1387 1609 ἀντιτυπές,
1416 1536 1505 1618 πυρὸς

214 1650 243 1694 ιυ
255 1635 288 1697 δὲ
309 1638 342 1699 τδ
359 1634 473 1720 όρατόν,
494 1638 552 1696 τῶν
575 1634 608 1696 δὲ
622 1632 719 1697 ἀλλων
742 1634 865 1697 ἑκάστου
885 1633 957 1697 ἀλλο
973 1658 1008 1710 τι,
1031 1635 1078 1697 καὶ
1102 1633 1248 1698 διάτοῦτο
1271 1635 1391 1699 ἕκαστον
1407 1637 1503 1700 αὐτῶν

258 1740 384 1802 πλείοσιν
408 1739 579 1822 αἰσθήσεσιν
602 1737 742 1820 αἰσθητὸν
764 1734 852 1809 εἶναι,
878 1736 1005 1800 καθόσον
1027 1740 1235 1822 κεκοινώνηκεν
1258 1739 1305 1802 καὶ
1328 1743 1386 1801 τῶν
1409 1738 1504 1802 ἀλλων

253 1841 316 1923 (καὶ
339 1841 393 1924 γὰρ
414 1841 447 1903 τδ
470 1844 527 1923 πῦρ
549 1840 640 1902 ἁπτδν
663 1840 710 1902 καλ
733 1839 899 1913 ἀντιτυπές,
929 1837 1000 1903 διότι
1021 1844 1075 1923 γῆν
1098 1838 1181 1926 ἔχει,
1212 1842 1300 1925 καλή
1329 1847 1365 1925 γῆ
1390 1841 1504 1926 όρατόν.

254 1945 327 2007 διότι
349 1947 405 2027 πῦρ
428 1943 505 2006 ἐστιν
528 1942 557 2005 ἐν
573 1942 675 2025 αὐτῇ),
698 1942 727 2004 τί
744 1965 813 2005 ποτε
836 1942 949 2026 ἐροῦσιν
972 1940 1042 2005 ίδιον
1064 1941 1136 2006 εἶναι
1153 1946 1287 2024 σώματος
1310 1945 1357 2007 καὶ
1373 1946 1434 2007 τίνα
1457 1946 1505 2007 τόν

253 2045 338 2128 λόγον
362 2047 563 2108 ἀποδώσουσιν
585 2049 636 2108 τοῦ
659 2048 755 2107 κοινοῦ
781 2045 833 2109 καὶ
851 2048 977 2128 φυσικοῦ
998 2048 1145 2129 σώματος,
1166 2047 1242 2110 καθδ
1265 2050 1366 2129 σῶμα;
1401 2048 1427 2109 εἰ
1448 2047 1502 2130 γὰρ
1518 2065 1543 2105 ιο

213 2165 241 2209 15
257 2151 299 2232 μή
320 2148 380 2212 ἐστι
403 2149 509 2217 παντὸς
530 2151 665 2231 σώματος
686 2149 707 2230 ή
730 2147 877 2210 ἀντιτυπία
901 2148 975 2229 μηδέ
997 2147 1072 2210 ἐστιν
1100 2149 1116 2210 ό
1139 2149 1223 2231 λόγος
1249 2147 1338 2212 αῦτοῦ
1361 2151 1394 2213 τό
1417 2157 1505 2236 τριχή

255 2251 407 2316 ῦιαστατδν
430 2249 503 2333 μετά
518 2251 682 2319 ἀντιτυπίας
703 2248 802 2332 (τοῦτο
817 2248 870 2332 γὰρ
894 2247 964 2311 ἴδιόν
987 2272 1058 2334 φασι
1075 2254 1128 2334 τῆς
1142 2251 1219 2335 γῆς),
1244 2251 1284 2320 τίς
1304 2253 1319 2314 ό
1336 2258 1386 2316 τοῦ
1409 2259 1505 2317 κοινοῦ

255 2357 393 2436 σώματος
413 2351 512 2435 λόγος;
546 2354 591 2416 δεῖ
611 2354 665 2437 γὰρ
688 2351 762 2414 εἶναί
781 2374 855 2430 τινα,
886 2351 967 2434 εἴγε
989 2358 1046 2416 τῶν
1073 2358 1162 2436 γενῶν
1184 2354 1259 2416 ἐστίν
1287 2378 1328 2423 τις
1350 2353 1435 2437 λόγος
1456 2357 1504 2418 καλ

254 2457 343 2525 ἄλλος
373 2448 415 2523 τις
437 2455 515 2538 παρὰ
542 2456 590 2518 τδν
617 2461 675 2518 τῶν
701 2455 787 2518 εἰδῶν
814 2455 947 2529 ἑκάστου.
992 2455 1082 2539 ταύτῃ
1105 2455 1158 2539 γὰρ
1185 2457 1321 2536 τὸγένος
1349 2462 1406 2520 τῶν
1429 2460 1505 2539 ὁμω-

254 2559 354 2639 νύμως
376 2557 540 2642 λεγομένων
563 2557 700 2643 διαφέρει.
746 2555 803 2647 ἔτι,
824 2557 850 2620 εἰ
872 2556 919 2621 διά
940 2561 1025 2620 τοῦτο
1048 2559 1064 2620 ό
1087 2559 1144 2642 ἀὴρ
1168 2556 1267 2632 ἁπτός,
1291 2559 1334 2623 ότι
1356 2565 1409 2642 γῆς
1432 2557 1505 2645 ἔχει.

208 2677 239 2722 νυ
252 2662 302 2723 καὶ
324 2659 373 2723 διὰ
394 2663 478 2723 τοῦτο
501 2659 555 2723 οῦκ
577 2659 652 2725 ἔστιν
675 2660 839 2723 ἀντιτυπίαν
862 2656 941 2744 ἔχων
965 2661 1038 2722 πάνυ
1061 2683 1097 2735 τι,
1124 2658 1196 2724 διότι
1218 2659 1335 2724 ἔλαττον
1358 2659 1422 2747 ἔχει
1444 2669 1506 2747 γῆς,

253 2766 285 2827 τί
303 2766 339 2847 δή
363 2785 443 2838 ποτε,
466 2763 583 2826 ἐπειδὰν
599 2763 687 2826 ἀσκὸν
710 2761 872 2845 πνεύματος
893 2765 1037 2846 πληρώση
1056 2787 1107 2836 τις,
1130 2766 1277 2827 ἀντιτυπεῖ
1289 2761 1355 2827 τότε
1378 2769 1501 2848 μάλλονγ
1519 2782 1545 2825 ιο

255 2868 354 2951 δεήσει
375 2864 428 2949 γάρ
450 2864 555 2934 αὐτοῦς
578 2864 669 2947 λέγειν
697 2870 750 2948 γῆς
772 2862 838 2927 τότε
860 2862 957 2926 πλεῖον
985 2866 1020 2927 τό·
1044 2870 1155 2948 πνεῦμα
1179 2867 1395 2951 μετειληφέναι,
1427 2867 1458 2931 εί
1475 2893 1507 2952 γε

256 2969 336 3054 παρά
356 2973 410 3052 τῆς
431 2973 485 3053 γής
507 2970 526 3051 ἡ
547 2969 705 3031 ἀντιτυπία.
743 2969 768 3030 εἰ
783 2967 825 3041 δέ,
849 2965 893 3029 ότι
915 2967 955 3050 μή
977 2968 1097 3052 χεῖσθαι
1120 2968 1236 3032 δόναται
1259 2970 1505 3054 συγκεκλειμένος,

255 3072 304 3135 διά
324 3075 410 3134 τοῦτο
433 3068 495 3155 ἔχει
517 3071 568 3154 τὴν
592 3071 767 3142 ἀντιτυπίαν,
791 3069 824 3132 οῦ
844 3069 922 3153 παρὰ
944 3071 977 3131 τὸ
1001 3069 1087 3132 πλέον
1110 3071 1129 3154 ή
1153 3068 1271 3134 ἔλαττον
1295 3069 1373 3158 ἔχειν
1395 3076 1503 3158 γῆςτὸ

210 3192 240 3237 25
254 3174 404 3242 ἀντιτυπὲς
425 3173 521 3259 αὐτῷ,
551 3172 626 3236 ἀλλά
647 3172 726 3256 παρὰ
752 3173 804 3256 τήν
826 3171 932 3235 οἰκείαν
954 3171 1048 3257 φῦσιν.
1094 3173 1109 3235 ό
1131 3173 1186 3257 γάρ
1209 3172 1296 3242 αὐτὸς
1318 3170 1412 3258 μένων
1435 3177 1505 3240 ποτὲ

255 3281 308 3361 μὲν
337 3280 462 3361 μᾶλλον,
493 3276 563 3339 ποτὲ
587 3275 620 3339 δὲ
646 3275 731 3360 ήττον
758 3276 917 3363 ἀντιτυπεῖ,
945 3275 1022 3338 ὥστε
1051 3273 1118 3358 παρ’
1145 3274 1217 3338 ἀλλο
1246 3300 1273 3339 τι
1299 3279 1319 3361 ή
1348 3279 1505 3342 ἀντιτυπία.

257 3381 310 3456 ἔτι,
333 3382 360 3444 εἰ
381 3381 423 3448 είς
444 3378 557 3462 άλληλα
579 3378 615 3441 τά
637 3381 760 3461 σώματα
783 3379 956 3463 μεταβάλλει
977 3380 1077 3450 ταῦτα,
1100 3383 1197 3462 κοινῆς
1220 3380 1291 3463 ῦλης
1312 3380 1543 3466 ὑποκειμένηςευ

255 3484 365 3551 αὐτοῖς.
388 3483 436 3544 καὶ
459 3479 519 3561 ἔστι
541 3482 614 3543 κατὰ
635 3482 669 3543 τδ
691 3480 767 3550 εἶδος
789 3480 952 3543 ἐναντίωσιν
969 3477 1074 3564 ἔχοντα
1097 3481 1167 3563 πρὸς
1187 3479 1310 3566 ἀλλήλα,
1334 3485 1381 3546 καὶ
1404 3485 1449 3547 ἀεὶ
1471 3487 1504 3548 τὸ

255 3588 426 3669 ἐπικρατοῦν
450 3583 618 3666 μεθίστησιν
646 3583 686 3652 εἰς
709 3584 760 3668 τἠν
788 3584 893 3646 οἰκείαν
921 3581 1005 3667 φῦσιν
1032 3583 1065 3643 τδ
1087 3572 1296 3666 κρατούμενον,
1323 3587 1352 3648 τί
1376 3588 1412 3670 δή
1436 3611 1507 3650 ποτε

211 3705 242 3749 ου
258 3689 306 3750 ἐπὶ
329 3687 381 3771 μὲν
403 3690 461 3748 τῶν
484 3683 540 3756 ἔξω
554 3685 780 3770 κεχωρισμένων
804 3685 839 3748 τά
857 3685 1052 3769 παρακείμενα
1074 3684 1211 3769 ἀλλήλοις
1233 3686 1269 3748 τά
1289 3687 1427 3751 ἐλάττονα
1450 3689 1506 3754 ὑπὸ

255 3798 313 3856 τῶν
336 3789 487 3864 πλειόνων,
510 3788 536 3851 εἰ
558 3787 604 3873 εἴη
627 3788 749 3865 ἐναντία,
773 3788 931 3874 φθείρεται,
955 3787 1155 3872 ἐνυπάρχοντα
1178 3789 1210 3851 δὲ
1231 3790 1345 3875 ἑκάστῳ
1368 3790 1404 3853 τά
1426 3791 1507 3854 ἐλάτ-

255 3918 324 3959 τονα
348 3893 378 3955 ἐν
401 3897 459 3961 τοῖς
477 3892 603 3975 μείζοσιν
625 3892 673 3955 καὶ
689 3891 736 3954 διὰ
758 3895 842 3954 τοῦτο
857 3890 1020 3974 λεγομένοις
1042 3889 1108 3953 τόδε
1131 3915 1157 3953 τι
1171 3889 1254 3967 εἶναι,
1277 3893 1401 3956 ἀπὸτοῦ
1424 3897 1507 3956 πλεο·

255 3999 391 4069 νάζοντος
413 3995 446 4058 οῦ
469 3995 617 4079 φθείρεται
645 3995 696 4078 τὴν
719 3994 814 4057 αῦτῶν
837 3994 937 4078 φόσιν;
971 4000 1031 4062 τοῖς
1052 3994 1106 4078 γάρ
1128 3994 1221 4063 οὕτως
1243 3995 1372 4077 λέγουσιν
1395 3997 1506 4083 συμβή-

255 4122 338 4164 σεται
360 4098 433 4161 κατὰ
458 4098 510 4166 τὰς
532 4097 732 4181 ὁμοιομερείας
760 4099 809 4165 τὰς
827 4093 1022 4180 Ἀναξαγόρου
1050 4097 1101 4180 τἠν
1128 4096 1236 4178 γένεσιν
1265 4097 1340 4160 κατὰ
1361 4097 1506 4183 σύγκρισιν
1520 4118 1547 4160 ετ

211 4220 241 4265 ³5
254 4205 304 4270 καὶ
327 4201 451 4286 ἔκκρισιν
478 4206 536 4263 τῶν
564 4200 715 4284 στοιχείων
745 4199 852 4282 λέγειν,
884 4199 917 4263 οῦ
941 4199 1014 4262 κατά
1045 4199 1217 4283 μεταβολήν.
1263 4196 1319 4275 ἔτι,
1346 4201 1373 4263 εἰ
1395 4206 1450 4264 πᾶν
1473 4205 1506 4267 τδ

253 4302 473 4390 λαμβανόμενον
496 4303 531 4366 τά
554 4301 675 4386 τέτταρα
697 4302 727 4364 ἐν
749 4302 831 4387 αὐτῷ
852 4299 932 4388 ἔχει,
959 4303 1008 4365 καὶ
1031 4303 1071 4385 μὴ
1095 4303 1216 4365 δυνατδν
1239 4303 1385 4387 εἰλικρινές
1411 4329 1437 4367 τι
1458 4309 1507 4392 λη-

254 4408 383 4493 φθῆναι,
410 4405 457 4470 ἐπ’
482 4405 598 4490 ἄπειρον
621 4407 640 4487 ἡ
664 4403 789 4490 πρόοδος
810 4402 891 4468 ἔσται
917 4405 963 4468 ἀεὶ
984 4409 1035 4467 τοῦ
1057 4404 1278 4491 λαμβανομένου
1301 4407 1348 4470 καλ
1371 4408 1506 4493 ἀφαιρου·

204 4576 362 4583 .-...-..,...-.
371 4574 605 4582 -...---—--——-

202 4672 214 4721 l
236 4669 266 4721 τὸ
285 4674 346 4720 ante
365 4630 529 4736 ὑποκείμενον
547 4683 598 4720 om.
617 4667 656 4719 Ka
756 4667 772 4721 5
791 4666 917 4737 τεσσάρων
936 4683 952 4718 α
969 4672 1000 4717 ut
1018 4665 1083 4718 solet
1188 4667 1203 4717 9
1223 4665 1352 4724 ἀντιτυπίς
1369 4683 1398 4719 a:
1418 4667 1518 4725 ἅντιπις
1535 4670 1558 4721 V

205 4757 237 4809 13
255 4757 281 4808 ἐν
299 4755 370 4825 αῦτιγῑ
390 4773 405 4807 α
507 4755 538 4808 18
556 4753 693 4823 δμονόμως
711 4771 726 4806 a
826 4752 859 4804 22
878 4752 935 4805 τότε
954 4768 1004 4804 om.
1023 4768 1039 4805 υ
1143 4752 1219 4805 πλέον
1237 4770 1252 4806 α
1352 4758 1448 4823 πνεῦμα
1468 4754 1525 4807 τότε
1543 4772 1559 4807 a

200 4845 235 4897 '23
257 4845 466 4914 συγκεκλασμένοι
485 4861 501 4896 α
598 4842 632 4895 30
655 4841 704 4901 ἔξω
724 4842 760 4893 V:
779 4840 864 4893 ἄλλων
883 4857 898 4894 α
990 4839 1021 4892 31
1043 4838 1093 4911 εἴη]
1116 4840 1137 4893 τί
1155 4841 1183 4893 in
1202 4842 1240 4894 lit.
1251 4842 1274 4895 V
1369 4841 1401 4895 33
1420 4849 1504 4896 ἀυτῶν
1523 4843 1559 4897 V:

202 4931 291 4988 when
309 4949 324 4986 ιι
430 4931 463 4986 36
482 4930 570 5004 αῦτῷῖ
