3540 5610
682 344 882 399 ALEXANDRI
907 345 951 397 DE
974 343 1085 397 Anlnn
1522 345 1563 408 93

261 516 368 587 ἔξωθεν
390 516 463 582 εἶναι
485 519 533 583 καὶ
555 517 770 605 κεχωρισμένον
793 520 826 581 τδ
841 517 955 603 τρέφον,
977 519 1026 581 καὶ
1050 517 1090 600 μὴ
1106 521 1163 580 πᾶν
1186 519 1298 603 τρέφειν
1321 521 1368 582 δεῖ
1386 520 1422 582 τόι
1445 518 1510 600 μέλ-

259 624 345 684 λοντα
370 626 414 705 τῷ
444 620 565 707 τοιούτῳ
593 621 750 707 τρέφεσθαι
775 619 912 704 αἴσθησιν
940 617 1018 704 ἔχειν
1045 625 1103 683 τῶν
1132 620 1294 705 τρεφόντων
1324 646 1355 685 τε
1382 623 1430 685 καί
1457 623 1509 705 μή,

261 722 340 793 ὅπως
362 723 398 786 τὰ
418 725 470 806 μὲν
485 725 631 809 λαμβόνη,
654 724 690 787 τὰ
711 725 743 787 δὲ
764 723 990 807 ἀποστρέφηται.
1024 721 1060 785 τὰ
1082 723 1114 785 δὲ
1128 728 1223 805 γεῦσιν
1247 721 1352 808 ἔχοντα
1367 726 1415 788 καὶ
1431 724 1509 808 ἁφὴν

257 822 331 911 ἔχει.
377 827 438 912 ἁφὴ
461 829 515 912 γοίρ
538 851 579 897 τις
602 828 650 891 καὶ
671 828 691 911 ἡ
713 830 818 909 γεῦσις.
863 824 937 888 ἀλλά
960 827 1008 888 καὶ
1035 826 1105 908 πρὸς
1132 826 1276 910 σωτηρίαν
1303 832 1362 895 τοῖς
1383 850 1509 910 πορευτι-

226 933 321 998 5ιιοῖς
341 934 399 992 τῶν
423 927 509 1014 ζῴων
535 933 554 1014 ἡ
579 931 640 1015 ἁφὴ
663 932 801 1013 συνεργεῖ.
847 928 877 990 ἐν
899 927 953 1011 γὰρ
976 932 1015 1010 τῇ
1039 930 1210 1011 μεταστάσει
1238 929 1441 1013 περιπίπτοντα
1461 928 1509 992 ἁλ-

257 1035 320 1100 λοις
341 1034 488 1115 σώμασιν,
516 1034 558 1095 ῶν
581 1033 616 1095 τό
643 1033 694 1114 μὲν
717 1031 862 1116 φθαρτικοί
890 1030 965 1093 ἐστιν
988 1029 1102 1107 αὐτῶν,
1131 1032 1167 1094 τὰ
1193 1032 1226 1094 δὲ
1249 1034 1392 1108 σωστικά,
1419 1032 1444 1094 εἰ
1468 1035 1508 1115 μὴ

257 1135 410 1216 διακρίνειν
433 1134 535 1198 οἷοίτε
561 1134 597 1220 ἦν
619 1139 726 1215 ταῦτα’,
758 1136 798 1202 ὡς
820 1131 1056 1217 ἀποστρέφεσθαι
1079 1134 1130 1217 μὲν
1153 1134 1188 1197 τὰ
1210 1134 1369 1219 φθαρτικὰ,
1399 1133 1509 1219 προσίε-
1522 1151 1551 1193 ευ

256 1235 329 1299 σθαι
345 1237 384 1298 ’δὲ
405 1236 442 1300 τὰ
464 1240 606 1313 σωστικὰ,
634 1237 738 1321 ’ρογδίως
762 1234 795 1298 ἀν
818 1236 997 1320 διεφθείρετο
1019 1238 1067 1298 καὶ
1089 1234 1125 1319 ἦν
1148 1235 1182 1298 ἂν
1205 1237 1304 1306 αὐτοῖς
1325 1239 1396 1322 πρὸς
1419 1244 1509 1302 κακοῦ

256 1339 277 1420 ἡ
303 1338 413 1421 κίνησις
433 1340 453 1421 ἡ
476 1339 550 1403 κατὰ
570 1339 658 1403 τόπον
680 1338 825 1422 γινομένη.
869 1337 952 1400 οὐδὲν
975 1338 1007 1400 δὲ
1028 1343 1156 1402 τοιοῦτον
1179 1345 1236 1402 τῶν
1259 1340 1331 1402 κατὰ
1354 1340 1446 1424 φύσιν.
1484 1342 1510 1404 εἰ

212 1457 244 1500 10
257 1440 292 1502 δὲ
315 1442 469 1523 ἀναγκαῖον
497 1446 553 1507 πᾶν
577 1446 654 1527 ζῷον
677 1442 799 1524 ἁπτικὴν
823 1439 958 1523 αἴσθησιν
986 1437 1078 1526 ἔχειν,
1107 1442 1163 1527 οὐχ
1186 1440 1298 1504 οἷόντε
1321 1443 1354 1505 δὲ
1376 1448 1433 1505 τῶν
1457 1443 1508 1505 ἁπ-

255 1549 318 1606 τῶν
344 1567 419 1612 τινος
444 1544 602 1608 αἰσθέσθαι
630 1542 667 1608 δι’
696 1545 789 1607 ἁπλοῦ
816 1566 890 1611 τινος
920 1545 1055 1625 σώματος
1087 1543 1219 1625 (οὐδενὸς
1246 1544 1299 1628 γὰρ
1327 1545 1425 1609 ἐκεῖνα
1451 1551 1509 1609 τῶν

257 1647 374 1709 οἰκείων
397 1646 494 1716 αὐτοῖς
514 1647 664 1731 αἰσθητῶν
686 1651 730 1732 τιγῖ
753 1646 897 1710 ἅπτεσθαι
918 1647 1121 1727 ἀντιληπτικὰ,
1149 1647 1224 1710 ἀλλὰ
1246 1647 1281 1711 τά
1304 1647 1355 1731 μὲν
1378 1648 1441 1732 τρία
1463 1651 1511 1712 διαί
1546 1650 1556 1671 “

259 1772 336 1816 τινος
352 1748 457 1832 μεταξὺ
473 1749 651 1826 αἰσθάνεται,
675 1753 715 1818 ῶς
730 1749 880 1823 δέδεικται,
903 1772 922 1831 η
941 1749 974 1810 δὲ
993 1754 1030 1832 γῆ
1046 1752 1225 1813 παντάπασιν
1247 1749 1421 1833 ἀναίσθητος
1436 1749 1504 1814 καθ’

258 1849 375 1934 αὑτήν),
399 1851 538 1915 ἀδύνατον
561 1852 593 1915 τδ
616 1856 667 1915 τοῦ
690 1851 768 1935 ζῴου
792 1856 877 1934 σῶμα
900 1851 1010 1913 ἁπλοῦν
1033 1849 1114 1913 εἶναι.
1157 1877 1176 1937 η
1200 1853 1253 1937 γὰρ
1277 1853 1349 1937 ἁφή,
1373 1853 1402 1916 ἐν
1426 1851 1509 1937 μεσό·
1523 1871 1551 1913 κο

212 1969 243 2012 15
257 1976 324 2036 τητι
345 1952 419 2017 οὖσα
441 1956 482 2016 ῶν
504 1954 682 2028 αἰσθάνεται,
705 1960 747 2039 τῷ
771 1959 872 2017 πασῶν
894 1957 952 2015 τῶν
977 1953 1075 2015 ἁπτῶν
1087 1936 1295 2019 ’ἐναντιώσεων
1318 1956 1509 2022 αἰσθάνεσθαι

182 2139 186 2147 ¹
257 2057 290 2119 ἐν
311 2059 350 2139 τῇ
373 2058 488 2120 πάντων
515 2061 572 2120 τῶν
595 2058 694 2120 ἁπτῶν
727 2056 865 2141 ρεσότητί
892 2056 993 2118 τεκαὶ
1022 2056 1093 2138 μίξει
1120 2059 1153 2121 τδ
1179 2057 1251 2121 εἶναι
1274 2056 1351 2143 ἔχει,
1381 2059 1509 2124 τοιοῦτόν

256 2161 335 2223 ἐστιν
356 2160 376 2242 ἡ
394 2159 464 2244 σὰρξ
486 2162 533 2224 καὶ
556 2161 661 2230 ἐντοῖς
683 2160 736 2224 οῦκ
751 2158 867 2245 ἔχουσιν
891 2158 997 2241 ταύτην
1018 2160 1050 2221 τδ
1066 2159 1205 2243 ἀνάλογον
1228 2159 1313 2244 αὐτῇ.
1352 2161 1436 2225 αὗται
1458 2164 1509 2245 μὲν

256 2262 309 2327 οῦν
331 2265 484 2346 ἀναγκαῖαι
506 2264 658 2348 αἰσθήσεις
680 2266 740 2331 τοῖς
763 2261 849 2347 ζῴοις
876 2262 947 2344 πρὸς
967 2262 1000 2324 τὸ
1022 2260 1104 2325 εἶναι.
1148 2264 1192 2326 διδ
1215 2266 1263 2327 καὶ
1286 2265 1377 2350 χωρὶς
1400 2267 1508 2329 τούτων

256 2367 399 2431 ἀδύνατόν
421 2390 448 2429 τι
470 2370 547 2452 ζῷον
570 2366 652 2431 εἶναι.
697 2367 726 2430 αἱ
749 2365 782 2429 δὲ
804 2364 901 2427 λοιπαὶ
930 2368 1004 2446 τρεῖς
1031 2363 1065 2426 οῦ
1092 2366 1164 2450 πρὸς
1191 2368 1223 2429 τδ
1246 2367 1317 2430 εἶναι
1340 2367 1432 2438 οῦτως
1457 2367 1509 2447 ἔτι,

215 2487 245 2530 ου
258 2469 335 2533 ἀλλά
357 2470 429 2553 πρὸς
450 2470 483 2532 τό
506 2467 538 2532 εῦ
561 2468 633 2532 εἶναι
656 2471 848 2551 συνεργοῦσιν.
892 2466 936 2528 διδ
959 2464 1028 2529 οὐδὲ
1050 2467 1143 2529 πάντα
1164 2467 1260 2532 αὐτῶν
1284 2471 1414 2556 μετέχει,
1442 2471 1502 2535 ἀλλ’
1522 2490 1551 2532 ιο

257 2573 315 2637 ὅσα
337 2571 395 2657 ἤδη
410 2571 583 2655 τελειότερα.
615 2575 734 2635 τοιαῦτα
756 2571 789 2633 δὲ
810 2568 846 2631 τδι
861 2570 1025 2651 πορευτικὰ.
1059 2573 1150 2633 ταῦτα
1171 2575 1224 2656 γδιρ
1248 2575 1338 2636 δεῖται
1360 2574 1394 2637 οῦ
1418 2573 1509 2661 μόνης

257 2682 310 2759 τῆς
331 2675 404 2760 πρδς
425 2675 461 2738 τὰ
483 2676 696 2760 προσπίπτοντα
719 2673 817 2741 αὐτοῖς
840 2671 971 2754 μένουσιν
993 2673 1175 2756 αἰσθήσεως,
1199 2675 1343 2740 ἀλλὰκαὶ
1365 2682 1417 2741 τοῦ
1439 2677 1509 2743 ἁπο-

259 2778 311 2842 θέν
338 2802 421 2842 τινων
447 2777 643 2861 αἰσθανόμενα
671 2778 706 2840 τὰ
733 2774 879 2859 φθαρτικὰ
905 2773 1001 2837 αὐτῶν
1028 2775 1241 2858 φυλάσσεσθαι.
1290 2779 1334 2842 διδ
1362 2781 1409 2843 διαί
1435 2805 1510 2851 τινος

259 2881 365 2965 μεταξὺ
388 2883 407 2964 ἡ
431 2880 541 2944 τούτων
563 2880 700 2964 αἴσθησις
721 2879 820 2948 αὐτοῖς
841 2881 889 2942 καὶ
911 2878 941 2949 ἐξ
964 2880 1168 2963 ἀποστήματος
1189 2879 1306 2961 γίνεται.
1340 2888 1392 2967 τῆς
1415 2884 1447 2946 δὲ
1469 2886 1510 2948 αἰ·

216 3000 244 3044 25
258 2984 401 3069 σθητικῆς
423 2987 523 3068 ψυχῆς
544 2985 592 3047 καὶ
615 2984 839 3069 ἡφανταστική,
862 2983 909 3046 καὶ
925 2981 1053 3066 ἑπομένη
1069 2982 1170 3065 ταότη,
1195 2985 1235 3050 ὡς
1249 2985 1423 3069 προείρηται.
1459 2991 1510 3070 τῆς

207 3227 218 3278 l
248 3227 293 3279 zai
317 3226 354 3296 μη
377 3232 427 3277 πᾶν
444 3225 554 3296 τρέφειν]
578 3226 639 3278 aber
661 3226 735 3278 nicht
757 3241 824 3294 ganz
847 3223 989 3277 emishrend
1116 3224 1183 3276 1-2
1209 3223 1333 3279 δεῖ-καὶ
1351 3226 1398 3296 μη]
1424 3244 1451 3280 οε
1474 3229 1566 3282 bederi

203 3315 260 3366 etse
279 3314 427 3382 dnsjenige,
449 3312 541 3365 dessen
559 3312 647 3365 Weiss
671 3312 713 3365 die
733 3312 887 3379 Emihrnng
910 3312 944 3363 ist
966 3311 1038 3362 eines
1061 3309 1221 3377 derartigen,
1244 3312 1325 3366 demit
1348 3332 1374 3368 es
1392 3318 1563 3384 wahrnehme‚

201 3416 256 3454 wss
274 3401 381 3454 emihrt
397 3400 451 3452 und
471 3416 523 3452 was
541 3400 615 3452 nieht
634 3400 738 3452 emishrt
843 3398 913 3451 4-5
932 3396 995 3450 ἀλλά
1014 3397 1221 3471 καὶ-συνεργεῖ]
1240 3401 1305 3452 κοιλ
1325 3401 1370 3454 ἀοι
1388 3403 1500 3458 Tastens
1520 3408 1562 3460 be·

202 3488 262 3542 dsri
278 3488 326 3540 dns
345 3488 438 3554 Thier,
460 3487 569 3541 welches
587 3486 686 3539 schnell
704 3487 739 3538 ist
760 3488 790 3539 in
807 3488 893 3540 seiner
910 3486 1040 3553 Rettung,
1066 3486 1134 3543 denn
1153 3486 1228 3539 darin
1246 3487 1292 3540 het
1312 3504 1340 3541 es
1359 3490 1484 3544 ebentells
1502 3494 1561 3547 eine

203 3575 273 3629 Hitie
290 3575 333 3627 hir
351 3574 394 3627 die
413 3573 600 3642 Schneiiigkeit
619 3571 676 3641 [der
693 3572 852 3643 Bewegung]
964 3573 1049 3625 9-14
1076 3572 1098 3625 ei
1116 3571 1142 3625 tt
1160 3573 1429 3648 ἀναγκαῖον-αθτην]
1449 3579 1489 3631 De
1507 3581 1561 3633 sich

202 3679 259 3716 nun
277 3663 327 3714 mit
338 3661 548 3729 Netwendigkeit
567 3662 675 3730 ergiebt‚
694 3660 754 3714 dass
769 3660 843 3730 jedes
860 3660 940 3713 Thier
957 3660 1034 3712 einen
1051 3659 1116 3712 Sinn
1135 3662 1189 3726 het,
1207 3677 1235 3714 so
1254 3663 1299 3715 hat
1317 3680 1344 3716 es
1362 3664 1412 3718 den
1426 3666 1562 3732 Testsinn‚

200 3751 258 3804 und
276 3767 304 3804 es
323 3752 359 3803 ist
376 3748 541 3817 unmdglich‚
560 3748 620 3801 dass
638 3765 665 3802 es
684 3750 755 3802 eines
774 3749 818 3801 der
835 3749 969 3801 tastbaren
987 3748 1072 3816 Dinge
1090 3764 1124 3800 an
1143 3750 1226 3803 einem
1246 3750 1290 3802 der
1309 3750 1445 3806 einiachen
1463 3754 1563 3823 Kdrper

202 3842 314 3903 beteste
333 3837 403 3890 denn
417 3837 465 3889 mit
483 3835 582 3902 (unter)
597 3835 675 3904 jenen
691 3836 813 3890 Sinnen
832 3834 882 3903 [ita
900 3851 927 3888 se
941 3836 1012 3888 arab.
1025 3837 1246 3902 interpretationis
1261 3838 1389 3907 „Kdrper“
1411 3843 1562 3896 emendasse

201 3928 251 3980 int
264 3927 336 3979 hebr.
351 3922 497 3993 proiit-etur]
516 3923 580 3976 wird
592 3923 654 3975 hein
666 3923 736 3992 Ding
754 3939 806 3976 von
818 3923 868 3976 den
881 3922 994 3975 sinnlich
1008 3924 1256 3990 Wahmehmberen‚
1275 3925 1368 3980 welche
1382 3928 1461 3980 ihnen
1475 3930 1563 3996 eigen-

201 4013 312 4067 timlich
331 4012 406 4077 sind,
429 4012 477 4063 mit
495 4012 592 4064 Tnsten
611 4011 848 4079 wahrgenommen‚
871 4012 984 4063 sendern
1002 4010 1044 4064 die
1062 4011 1116 4065 drei
1135 4027 1185 4065 ven
1205 4014 1283 4065 ihnen
1301 4015 1412 4068 nehmen
1431 4016 1474 4067 ein
1492 4016 1563 4085 Ding

201 4103 271 4155 wehr
290 4101 373 4154 durch
392 4101 434 4152 ein
447 4099 556 4152 anderes
569 4099 649 4167 Ding,
669 4100 716 4151 wie
734 4099 856 4152 erliutert
872 4098 974 4151 worden
993 4099 1038 4162 ist3
1058 4100 1100 4152 die
1112 4100 1177 4152 Erde
1197 4102 1258 4154 aber
1276 4102 1311 4154 ist
1330 4103 1447 4172 ginztich
1462 4119 1562 4157 eusser-

201 4191 263 4244 heib
281 4185 440 4258 [BetraehtL
458 4186 498 4239 als
516 4186 577 4240 dass
596 4188 633 4241 sie
652 4188 766 4240 sudden
784 4187 849 4240 Sinn
869 4188 897 4239 in
914 4187 994 4239 ihrem
1017 4187 1110 4239 Wesen
1129 4188 1243 4256 bezogen
1264 4190 1363 4243 werden
1382 4190 1480 4244 kdnnte

204 4277 236 4331 16
264 4274 398 4346 μισότητί]
417 4274 575 4340 Gleiehsein,
593 4275 791 4344 husgieichung
894 4274 934 4331 .17
962 4274 987 4326 ἐν
1005 4273 1195 4346 τοῖς-ταῦτην
1214 4292 1264 4328 οοι.
1376 4277 1475 4330 20-21
1506 4278 1562 4331 ἀλλ’

201 4361 394 4434 -τιλιιότεροθ
414 4362 526 4415 sondern
545 4379 572 4415 es
590 4362 654 4414 wird
670 4361 785 4414 dedureh
803 4361 851 4414 das
869 4361 1084 4415 votthemmenere
1103 4363 1181 4415 Thier
1199 4363 1339 4430 specificirt
1456 4366 1490 4420 23
1517 4388 1563 4439 φυ-

200 4451 350 4521 λάσσεσθαι]
369 4451 446 4504 fliehe
464 4449 519 4503 und
537 4451 593 4503 sich
610 4449 672 4502 λῦτο

205 4661 379 4732 Ιτρεφεῑνλί
488 4659 521 4712 10
543 4657 654 4727 ἁπτικὴν
672 4657 777 4723 scripsi:
795 4655 877 4727 ἁπτὴν
895 4657 935 4710 Va
1042 4659 1071 4710 ll
1096 4663 1156 4711 ante
1175 4659 1275 4719 οῦδενδς
1292 4662 1367 4715 τοίου
1386 4663 1493 4728 excidit,
1511 4663 1561 4716 for·

200 4757 271 4803 tasse
290 4746 323 4801 δι’
344 4747 426 4800 ἁπλοῦ
445 4765 511 4805 τινος
529 4746 646 4817 σώματος
669 4745 785 4817 ((ίνεργεῖ
801 4743 827 4796 δὲ
844 4746 876 4797 τὰ
893 4743 958 4797 ἀλλα
976 4743 1163 4819 αἰσθητήρια
1185 4746 1217 4799 δι’
1240 4747 1320 4801 ἁπλοῦ
1337 4767 1403 4808 τινος
1421 4749 1563 4818 σώματος)

202 4835 304 4894 οδδινδς
321 4836 368 4907 γὰρ
386 4836 492 4887 ἐκεῖνα
592 4835 624 4887 12
642 4831 782 4904 αἰσθητῶν]
802 4849 881 4901 ευριπ
898 4831 916 4886 θ
932 4834 1065 4901 paululum
1084 4836 1227 4889 erasumV
1324 4836 1356 4890 13
1374 4836 1410 4896 ὡς
1428 4836 1561 4907 δέδεικται]

202 4923 309 4992 58,5εη.
382 4923 482 4993 ἡδδγῆ
500 4922 568 4993 κτλ]
587 4921 709 4976 cidlex.
728 4921 759 4974 de
778 4937 845 4975 sens.
861 4919 967 4991 83‚3sq.
986 4922 1108 4989 (Thurot)
1179 4923 1214 4977 25
1231 4923 1267 4983 ὡς
1283 4924 1437 4998 προιίρηται]
1457 4925 1561 4995 66,9sq.
