3540 5610
200 261 254 301 vm
781 256 978 310 PRAEFATIO

202 429 297 495 buius
342 429 541 496 collectionis
583 450 625 497 ne
668 430 844 514 excogitari
881 429 1009 514 quidem
1045 450 1143 515 posse
1178 429 1419 515 inscriptionem
1456 426 1559 512 magis

201 551 362 618 idoneam.

287 672 406 737 Verum
429 675 491 734 est:
515 667 629 738 tertiae
651 675 776 736 tantum
792 668 875 754 parti
890 676 968 754 apta
990 676 1048 736 est.
1093 676 1126 736 et
1146 674 1255 736 manet
1274 668 1355 735 haec
1376 666 1558 751 difficultas,

203 790 329 858 etiamsi
362 789 486 873 reliqua
519 787 792 873 perscrutantibus
822 794 958 873 augetur
985 809 1137 855 numerus
1165 788 1409 874 problematum.
1454 792 1561 872 potest

203 908 289 976 enim
304 916 426 992 auctor,
449 927 543 992 quern
567 907 704 973 vidimus
726 928 803 992 rem,
826 929 890 973 non
911 907 1034 974 formae
1049 907 1311 992 aequabilitatem
1325 925 1467 983 curasse,
1490 927 1561 990 pro·

203 1027 353 1094 blematis
375 1025 590 1093 destinavisse
612 1026 709 1093 etiam
732 1027 775 1112 ΙΙ,
785 1029 838 1112 23,
861 1026 914 1093 ubi
937 1046 1042 1093 vanae
1064 1025 1268 1111 Empedoclis
1291 1023 1464 1091 Democriti
1486 1024 1561 1090 Dio

204 1146 294 1230 genis
310 1147 351 1213 de
374 1152 524 1229 magnete
548 1135 715 1230 opiniones
738 1151 770 1213 et
792 1148 878 1232 quod
900 1148 941 1214 de
963 1165 1040 1212 vera
1052 1145 1227 1229 quaerendi
1243 1144 1367 1212 ratione
1389 1145 1561 1229 (ἀναγκαῖον

205 1265 376 1350 ἑζητηκέναι
399 1264 486 1348 lab)
509 1264 578 1348 ipse
601 1263 767 1349 praefatur
789 1266 987 1351 respondent
1008 1264 1077 1331 fere
1099 1265 1232 1349 aporiae
1258 1263 1488 1348 constitutioni,
1513 1283 1561 1330 so

205 1386 311 1468 quitur
338 1383 454 1450 solutio
485 1382 693 1450 difficultatis:
728 1384 904 1453 Alexandri
937 1383 1120 1469 explicatio.
1163 1384 1280 1452 deinde
1314 1390 1349 1451 ut
1373 1383 1448 1464 n‚5
1475 1383 1560 1449 iusto

206 1504 406 1590 problemate
429 1512 551 1590 pugnat
572 1512 684 1571 contra
706 1505 884 1573 Stoicorum
912 1505 954 1571 de
975 1504 1078 1571 libera
1099 1506 1265 1570 voluntate
1287 1502 1480 1589 opinionem,
1506 1524 1562 1587 po

206 1630 269 1690 test
296 1623 392 1690 etiam
415 1631 450 1689 ut
471 1625 666 1691 insereretur
688 1625 896 1711 problematis
920 1625 977 1707 Ι,4
999 1623 1180 1708 scripsisse,
1213 1644 1276 1708 quo
1298 1623 1426 1690 illorum
1453 1622 1495 1688 de
1521 1641 1562 1689 eo

206 1743 293 1827 quod
316 1742 383 1809 fieri
406 1750 513 1830 potest
535 1743 713 1810 doctrinam
735 1744 862 1811 refellit.
912 1744 1032 1827 pendet
1056 1743 1140 1809 enim
1169 1749 1255 1809 certe
1283 1743 1365 1809 haec
1385 1741 1562 1827 disputatio

206 1883 227 1928 a
254 1862 354 1928 tacita
379 1863 567 1947 quaestione
594 1864 620 1928 εἰ
646 1867 761 1928 πάντων
788 1863 946 1949 γινομένων
973 1863 1040 1929 καθ’
1068 1863 1244 1950 εἱμαρμένην
1273 1867 1427 1936 σώζεται
1452 1864 1486 1928 τὸ
1517 1866 1563 1928 δο-

206 1984 291 2047 ναιὸν
318 1985 366 2047 καὶ
394 1982 594 2068 ἐνδεχόμενον,
628 1985 717 2050 ouius
739 1991 890 2069 quattuor
922 2003 1078 2068 respousa
1105 1990 1139 2048 ut
1165 1981 1276 2049 variae
1309 1983 1403 2048 unius
1429 1982 1563 2067 aporiae

208 2101 385 2167 solutiones
422 2111 652 2186 proponuntur.
708 2102 805 2168 affine
837 2103 978 2186 denique
1014 2101 1087 2167 huic
1120 2101 1294 2184 quaerendi
1327 2103 1438 2185 generi
1473 2110 1564 2188 patet

208 2240 280 2286 esse
296 2222 321 2304 Ι,
334 2220 385 2302 21,
408 2219 449 2286 de
465 2242 538 2305 quo,
561 2222 637 2306 quia
658 2222 774 2288 solutio
798 2230 870 2307 post
891 2222 965 2286 εἶναι
990 2220 1091 2304 (35,8)
1112 2219 1190 2285 mihi
1204 2219 1331 2287 videtur
1353 2221 1466 2288 mutila
1481 2242 1562 2307 esse,

206 2338 252 2405 nil
275 2339 353 2405 certi
375 2338 610 2407 affirmaverim.

292 2459 386 2524 Nunc
407 2479 484 2525 vero
507 2460 550 2525 ad
572 2461 732 2527 diversum
757 2482 858 2546 genus
884 2461 1037 2526 venimus.
1092 2478 1167 2523 narn
1189 2479 1230 2525 ex
1255 2459 1322 2525 alia
1344 2460 1508 2544 palaestra
1529 2462 1563 2527 in

208 2577 268 2643 has
290 2578 421 2661 aperias
447 2580 616 2665 irrepsisse
649 2600 689 2647 ea
715 2581 831 2666 capita,
866 2599 949 2663 quae
981 2579 1185 2662 ἐξηγήσεων
1218 2579 1310 2645 titulo
1344 2579 1563 2665 designantur,

209 2716 303 2761 nemo
326 2698 465 2781 negabit.
511 2701 569 2766 sed
590 2720 632 2767 ne
654 2700 734 2767 haec
757 2700 886 2783 quidem
912 2699 1092 2765 accuratius
1121 2698 1293 2782 inquirenti
1321 2719 1362 2764 ex
1388 2720 1453 2765 uno
1475 2700 1564 2767 fonte

208 2816 388 2882 derivanda
411 2838 482 2885 esse
504 2819 706 2886 ridebuntur.
751 2840 825 2885 narn
847 2820 931 2884 inter
960 2819 1215 2901 quattuordecim
1246 2818 1396 2905 ἐξηγήσεις
1423 2819 1563 2903 quinque

210 2939 430 3004 tantummodo
457 2938 518 3004 boc
545 2939 675 3005 nomine
701 2939 746 3005 ita
774 2941 891 3023 dignae
919 2947 1008 3022 sunt,
1036 2948 1070 3005 ut
1097 2940 1173 3005 olim
1197 2938 1313 3022 integri
1343 2939 1564 3007 commentarii

210 3063 319 3142 partes
341 3056 440 3124 fuisse
461 3059 601 3142 possint:
636 3059 677 3141 ΙΙ,
689 3059 719 3123 2.
733 3060 785 3124 24.
799 3059 840 3123 26
862 3059 921 3141 ΙΙΙ,
934 3058 963 3124 Ι.
976 3060 1005 3123 9.
1046 3066 1157 3123 contra
1179 3078 1221 3124 ne
1242 3058 1267 3141 l,
1282 3059 1320 3122 11
1345 3078 1385 3124 ex
1407 3079 1565 3127 commen·

210 3175 292 3241 tario
308 3176 351 3241 ad
367 3175 549 3243 Aristotelis
564 3178 807 3264 psychologiam
823 3179 1025 3262 desumptum
1048 3198 1118 3242 esse
1141 3185 1299 3261 putemus,
1325 3186 1382 3243 aut
1404 3179 1502 3262 Inna
1524 3201 1563 3247 ex

209 3295 476 3379 interpretatione
498 3296 648 3362 librorum
668 3299 714 3364 De
737 3298 942 3382 corruptione
965 3303 997 3362 et
1012 3295 1231 3379 generatione,
1253 3295 1372 3363 diserte
1388 3318 1565 3366 monemur.

210 3415 243 3480 in
271 3415 327 3479 illo
351 3414 434 3480 enirn
458 3415 564 3498 capite
586 3416 717 3502 (21,18)
748 3419 884 3501 legimus
905 3416 949 3480 ὅτι
972 3416 1023 3498 μὲν
1046 3413 1174 3492 odam,
1202 3415 1351 3501 εἴρηταί
1376 3441 1436 3501 μοι
1459 3418 1563 3503 ἐντῷ

211 3536 262 3602 εἰς
285 3534 404 3598 ἐκεῖνο
427 3533 473 3619 (τὸ
496 3540 609 3620 πρῶτον
626 3536 697 3621 Περὶ
719 3539 832 3624 ψυχῆς)
855 3539 1050 3621 ὑπομνήματι,
1074 3534 1167 3600 huius
1191 3554 1230 3601 ex
1252 3534 1462 3619 inscriptione
1484 3557 1566 3603 com·

211 3653 352 3738 perimus
384 3653 481 3718 aliam
514 3655 810 3739 interpretationem
846 3657 878 3721 in
908 3654 1084 3721 Alexandri
1111 3655 1339 3720 commentario
1366 3656 1565 3740 propositam

212 3792 284 3839 esee
308 3771 456 3857 (ἐξήγησις
478 3771 591 3843 ἄλλως
614 3773 749 3860 ἔχουσα
771 3776 861 3860 παρὰ
884 3777 944 3860 τήν
967 3775 1001 3838 ἐν
1024 3780 1070 3858 rqi
1093 3775 1146 3844 εἰς
1168 3772 1253 3836 αὐτὸ
1274 3773 1322 3857 (τὸ
1345 3775 1479 3859 δεύτερον
1496 3776 1566 3862 Περὶ

212 3893 354 3974 γενέσεως
376 3893 424 3955 καὶ
446 3893 574 3977 φθορᾶς)
597 3895 806 3981 ὑπομνήματι).
852 3894 1005 3960 habemus
1028 3893 1124 3976 igitur
1147 3893 1447 3959 commentariorum
1475 3895 1567 3978 quasi

212 4012 369 4095 epimstra
392 4013 561 4094 quaedum,
595 4015 628 4078 in
662 4014 776 4097 quibus
809 4013 1001 4079 difficiliores
1034 4011 1229 4078 Aristotelici
1253 4012 1324 4095 loci,
1359 4012 1400 4079 de
1433 4034 1567 4097 quorum

212 4130 445 4215 significatione
466 4151 487 4196 a
510 4133 732 4216 Peripateticis
754 4134 970 4216 dubitabatur,
994 4133 1168 4217 separatim
1191 4138 1379 4196 tractantur.
1424 4133 1511 4217 quod
1534 4142 1568 4198 ut

212 4252 329 4316 clarius
351 4259 472 4336 pateat,
495 4252 652 4317 conducet
679 4251 759 4319 haec
782 4253 962 4320 exscribere
984 4254 1093 4336 21,14;
1138 4253 1307 4336 ἐζητεῖτο
1330 4256 1404 4319 πῶς
1427 4251 1568 4336 εἴρηται

287 4371 378 4454 28,8;
409 4373 567 4456 ἠπόρησε
590 4374 616 4435 τί
637 4370 703 4434 πότ’
731 4371 794 4435 ἐστι
815 4373 847 4434 τὸ
869 4373 1018 4457 εἰρημένον
1042 4372 1088 4436 διὰ
1111 4372 1217 4454 ταύτης
1244 4376 1296 4454 τῆς
1317 4369 1422 4440 λέξεως
1444 4369 1488 4436 ib.
1513 4373 1568 4436 16:

213 4490 246 4551 τό
268 4512 299 4551 τε
327 4489 488 4571 λέγειν
512 4491 691 4575 ἀπορήσαι
723 4515 763 4559 τις
790 4491 824 4554 ἄν
848 4489 903 4575 (ad
931 4491 1073 4576 ἠπόρησε,
1107 4493 1132 4557 si
1162 4489 1345 4556 Alexander
1379 4488 1440 4552 hou
1471 4497 1570 4574 eaput

213 4606 349 4690 scripsit,
372 4608 569 4692 supplendus
593 4617 641 4675 est
667 4609 843 4693 ,interpres
858 4609 947 4674 cuius
963 4631 1078 4675 nomen
1096 4612 1250 4692 tacetur“,
1273 4606 1311 4673 of.
1329 4607 1444 4690 leuet
1461 4608 1571 4692 123,4)

213 4726 511 4814 81,11;ὲιητήνη
535 4729 663 4792 καθόλου
687 4730 751 4792 ὑπὸ
774 4734 834 4813 τῆς
857 4729 1060 4813 ἐξηγήσεως
1082 4729 1175 4812 ee,3:
1203 4731 1285 4792 δοκεῖ
1311 4752 1359 4812 μοι
1387 4728 1403 4789 ὁ
1430 4729 1496 4796 νοῦς
1518 4731 1570 4791 τοῦ

212 4847 433 4933 λεγομένου...
456 4852 586 4917 τοιοῦτος
608 4847 689 4911 εἶναι.
735 4847 835 4913 sentis
858 4847 939 4914 haec
961 4855 1099 4932 cognata
1122 4866 1194 4912 esse
1217 4867 1287 4911 oum
1317 4844 1438 4929 aporiis
1465 4865 1571 4929 neque
