3540 5610
232 319 274 384 98
718 314 869 373 ΑΙΙΟΡΙΩΝ
888 313 949 371 ΚΑΙ
970 314 1103 370 ΑῘΣΕΩΝ

287 495 344 554 τῶν
368 491 545 576 ἐγγενέσθαι,
568 491 798 576 οὐδ’,ἀνέκείνη
821 493 911 577 κρίνοι
933 490 968 556 ἀν
992 489 1036 575 [έν
1059 488 1095 575 ἡ]
1118 491 1250 555 τάναντία
1265 494 1309 576 τῷ
1332 491 1373 574 μὴ
1396 489 1538 559 δέξασθαι

284 594 418 659 τάναντία
441 597 502 679 ἅμα
517 596 577 659 οἶόν
592 619 624 660 τε
639 596 723 660 εἶναι·
748 596 811 659 ἐπεί
834 592 859 657 δ’
877 594 907 657 ἐν
923 595 975 677 μὲν
991 599 1034 679 τιγῖ
1050 594 1233 679 αἰσθητηρίιρ
1254 593 1291 657 τά
1312 594 1395 676 πάθη
1418 593 1536 675 γίνεται,

284 698 303 779 ἡ
327 699 359 761 δὲ
381 704 439 763 τῶν
466 700 496 763 ἐν
519 700 612 784 τούτῳ
634 699 791 783 γινομένων
817 698 908 781 κρίσις
935 698 964 761 ἐν
990 702 1030 780 τῇ
1057 699 1178 781 δυνάμει
1203 695 1253 780 (ού
1275 696 1330 780 γάρ
1352 695 1413 759 οἶόν
1436 718 1469 758 τε
1491 692 1535 760 ἔτι
1562 711 1576 751 ο

283 803 368 864 τοῦτο
391 802 427 865 τά
450 803 531 887 πάθη
556 803 697 888 δέχεσθαι
719 803 754 865 τά
777 800 928 884 σωματικὰ
951 799 983 864 δν
999 802 1181 884 ἀσώματον),
1204 799 1287 864 οὐδὲν
1310 802 1475 863 κεκώλυται
1497 797 1533 860 τά

249 922 264 970 5
284 901 314 965 έν
337 910 380 990 τῷ
402 906 584 990 αἰσθητηρίιμ
607 904 741 988 γινόμενα
763 902 825 968 κατ’
851 902 922 966 ἀλλο
945 905 993 966 καὶ
1015 902 1078 966 κατ’
1099 901 1170 966 ἀλλο
1194 902 1280 987 μέρος
1301 902 1364 985 ἅμα
1386 901 1491 985 κρίνειν
1515 901 1534 982 ἡ

284 1006 403 1092 δύναμις
424 1011 443 1092 ἡ
467 1010 573 1077 παντὸς
594 1006 693 1071 αὐτοῦ.
738 1009 757 1091 ἡ
780 1007 834 1089 γὰρ
857 1005 993 1090 αῖσθησις
1019 1005 1109 1089 κρίσις
1130 1006 1190 1069 ἐστὶ
1214 1011 1266 1090 τὴς
1288 1004 1463 1088 αἰσθητικὴς
1484 1006 1532 1067 δυ·
1546 1019 1573 1061 ιο

281 1111 397 1191 νάμεως
411 1116 469 1174 τῶν
484 1111 633 1194 αἰσθητῶν
650 1110 697 1174 διά
712 1115 769 1173 τῶν
786 1107 909 1193 [αὐτῶν]
932 1109 962 1172 έν
983 1114 1026 1194 τῷ
1043 1109 1224 1192 αἰσθητηρίῳ
1246 1107 1403 1191 γινομένων
1426 1106 1532 1170 παθῶν

280 1210 316 1274 δι’
344 1213 450 1290 αὐτῶν,
477 1214 583 1295 γίνεται
606 1213 638 1275 δὲ
660 1212 752 1280 ούτως
773 1213 793 1293 ἡ
817 1211 889 1294 αὐτὴ
914 1212 962 1275 καί
985 1213 1036 1294 μία
1058 1212 1176 1295 δύναμις
1197 1210 1304 1274 πολλαί
1323 1232 1386 1278 πως
1409 1209 1472 1291 ἅμα
1494 1233 1534 1292 γι·

278 1315 385 1400 νομένη
412 1322 454 1401 τῷ
481 1322 540 1379 τῶν
569 1312 636 1379 καθ’
665 1314 786 1377 ἕκαστον
818 1313 905 1398 μέρος
934 1319 985 1377 τοῦ
1016 1315 1206 1399 αἰσθητηρίου
1236 1314 1341 1377 παθῶν
1371 1312 1531 1395 γινομένων
1547 1327 1573 1369 ις

230 1438 260 1484 10
279 1419 341 1501 ἅμα
363 1424 454 1483 ποιεῖν
476 1419 620 1501 αἰσθητὴν
644 1416 743 1501 κρίσιν.
778 1417 798 1498 ἡ
817 1415 872 1500 γάρ
895 1417 1029 1498 κρίνουσα
1052 1416 1170 1500 δύναμις
1192 1418 1224 1480 τδ
1240 1417 1313 1480 κατά
1334 1439 1361 1479 τι
1384 1414 1416 1478 ἓν
1441 1414 1531 1498 μέρος

277 1525 327 1584 τοῦ
349 1522 541 1607 αἰσθητηρίου
555 1520 702 1603 γινόμενον
725 1521 819 1588 πάθος
841 1517 914 1601 αὐτὴ
939 1520 1027 1603 κρίνει
1048 1521 1096 1584 καί
1119 1520 1154 1584 τά
1173 1520 1246 1584 κατὰ
1267 1522 1358 1582 πάντα
1381 1517 1418 1581 τά
1442 1516 1530 1601 μα’ρια

278 1623 339 1706 ἀμα
363 1623 421 1707 [δ’]
444 1623 531 1688 αὐτοῦ
553 1624 688 1707 γινόμενα
711 1623 803 1706 πάθη,
826 1624 845 1705 ἡ
868 1621 942 1705 αθτὴ
965 1624 1012 1686 καὶ
1036 1622 1088 1705 μία
1113 1624 1161 1687 καί
1183 1622 1290 1687 πολλαί
1308 1645 1371 1690 πως
1392 1621 1530 1705 γινομένη
1544 1636 1572 1678 ευ

276 1727 350 1790 κατά
373 1729 424 1811 τὴν
445 1733 503 1792 τῶν
528 1732 623 1811 μερῶν
647 1731 697 1789 τοῦ
722 1725 914 1810 αἰσθητηρίου
936 1726 1012 1789 καθδ
1035 1727 1143 1810 πάσχει
1170 1726 1316 1810 διαίρεσιν,
1350 1727 1391 1793 ῶς
1417 1723 1529 1810 ἐγίνετο

276 1831 324 1892 καί
346 1832 378 1894 τὸ
402 1834 522 1914 σημεῖον
549 1830 579 1892 έν
605 1829 637 1892 δν
659 1828 753 1892 πολλά
781 1828 855 1892 κατά
881 1829 913 1891 τδ
936 1829 1050 1913 πλῆθος
1076 1833 1134 1892 τῶν
1160 1834 1301 1912 γραμμῶν
1329 1825 1529 1910 διαιρούμενον

224 1952 254 2000 15
274 1935 314 1996 ῶν
337 1933 383 2018 [ἡ]
405 1934 516 2016 ἑκάστη
538 1932 636 2017 πέρας.

273 2138 311 2202 X.
358 2138 442 2223 Περὶ
463 2139 645 2222 θαλάσσης
667 2139 792 2202 ἐκτῶν
814 2135 1149 2222 Μετεωρολογικῶν.
1538 2151 1565 2194 α

352 2293 537 2378 Ιίροθέμενος
553 2295 583 2357 ἐν
598 2299 642 2379 τιγῖ
659 2293 788 2379 δευτέρῳ
800 2298 857 2356 τῶν
868 2292 1141 2378 θίετεωρολοῇγικῶν
1157 2294 1246 2357 εἰπεῖν
1262 2296 1328 2378 περί
1344 2293 1504 2376 θαλάσσης,
1528 2300 1578 2359 188

270 2397 319 2466 τίς
333 2422 364 2460 τε
380 2400 397 2480 ἡ
413 2398 517 2482 φύσις
531 2398 641 2482 αὐτῆς
662 2399 720 2461 καί
736 2396 791 2460 διά
813 2397 887 2460 τίνα
907 2399 1025 2460 αἰτίαν
1040 2403 1207 2462 τοσοῦτον
1230 2398 1383 2484 άλμυρδν
1400 2396 1528 2466 ύδατός

270 2500 344 2564 ἐστι
366 2502 519 2584 πλῆθος,
542 2505 657 2586 πρῶτον
679 2501 730 2570 τάς
752 2502 818 2586 περὶ
834 2500 923 2584 αἰιτὴς
939 2501 1249 2586 προκαταβεβλημένας
1269 2499 1352 2570 δόξας
1367 2500 1526 2585 παρέθετο,

217 2624 250 2670 20
270 2606 310 2668 ῶν
332 2606 352 2686 ἡ
376 2605 428 2687 μέν
452 2610 509 2667 τῶν
537 2605 683 2688 θεολόγων
711 2604 806 2688 πηγάς
832 2603 940 2673 οἰκείας
966 2603 1063 2687 ἔλεγεν
1091 2602 1170 2690 ἔχειν
1197 2605 1249 2687 τὴν
1273 2604 1437 2682 θαλασσαν,
1464 2608 1524 2667 τῶν
1551 2619 1566 2661 ε

269 2707 301 2770 δὲ
323 2712 452 2792 φυσικῶν
480 2709 507 2770 οἱ
531 2709 582 2791 μὲν
605 2707 695 2791 αὐτὴν
722 2707 866 2790 γεγονέναι
889 2704 987 2789 ἔλεγον
1015 2707 1049 2770 ἐκ
1076 2712 1129 2791 τῆς
1155 2711 1265 2793 πολλῆς
1291 2707 1447 2793 ὑγρότητος
1469 2712 1524 2792 τὴς

266 2811 332 2893 περὶ
354 2812 406 2894 τὴν
429 2816 482 2895 γὴν
504 2812 684 2896 ἀναχθείσης
711 2811 768 2873 ύπδ
795 2815 846 2894 τῆς
872 2809 958 2894 [ἀπὸ]
982 2815 1033 2873 τοῦ
1055 2811 1138 2894 ἡλίου
1161 2811 1302 2895 κίνησεῶς
1329 2834 1360 2874 τε
1383 2811 1431 2874 καί
1454 2810 1522 2895 θερ·

267 2912 400 2996 μύτητος,
417 2914 644 2998 ὑπολειφθείσης
659 2915 691 2976 δε
705 2913 821 2998 ταύτης,
839 2915 873 2997 ἡν
894 2918 1038 2996 καλοῦμεν
1054 2915 1215 2990 θάλασσαν,
1237 2916 1265 2978 οἱ
1281 2915 1312 2978 δὲ
1332 2916 1522 3000 θερμαινο·
1536 2930 1564 2973 ιο

269 3015 377 3098 μένης
399 3019 469 3100 φασὶ
491 3022 551 3101 τὴς
577 3021 641 3099 γὴς
663 3017 718 3078 ὑπδ
742 3022 794 3100 τῆς
816 3017 958 3098 κινήσεως
979 3021 1029 3080 τοδ
1052 3019 1135 3102 ἡλίου
1158 3020 1266 3103 ἱδρῶτα
1293 3018 1522 3103 ἐκκριθῆναιτδ

215 3137 246 3186 25
266 3119 345 3203 ὕδωρ
367 3125 466 3196 τοῦτο,
495 3120 511 3182 δ
539 3123 667 3184 καλεῖται
694 3120 832 3183 θάλαττα.
878 3120 925 3184 διά
953 3125 1037 3184 τοῦτο
1064 3121 1117 3205 γάρ
1146 3123 1194 3185 καί
1223 3122 1351 3205 ἁλμυρὸν
1379 3122 1412 3184 τδ
1441 3121 1522 3206 ὕδωρ

267 3221 349 3297 εἶναι,
372 3222 416 3285 ὅτι
438 3223 485 3286 καί
510 3223 525 3284 δ
547 3224 644 3307 ἱδρώς.
682 3224 710 3285 οἱ
732 3224 765 3286 δὲ
787 3228 840 3306 τὴς
862 3222 1060 3309 ἀλμυρύτητος
1082 3225 1134 3308 τὴν
1156 3230 1210 3308 γῆν
1234 3225 1281 3287 καί
1304 3225 1356 3308 τὴν
1378 3223 1522 3310 ποιότητα
1536 3242 1563 3284 ισ

267 3326 320 3409 τὴν
343 3326 447 3410 ταύτης
470 3326 626 3389 αἰτιῶνται.
659 3328 692 3389 τδ
715 3326 769 3411 γὰρ
790 3327 867 3410 ὕδωρ
891 3325 955 3410 ῥέον
978 3325 1017 3390 δι’
1038 3326 1129 3410 αὐτῆς
1150 3328 1298 3396 τοιούτους
1321 3328 1387 3397 τοδς
1402 3330 1520 3413 χυμοὺς

265 3430 415 3514 λαμβάνει,
439 3431 557 3499 ὁποίους
581 3429 614 3492 ἀν
637 3427 697 3514 ἔχη
720 3431 768 3493 καί
791 3431 810 3512 ἡ
833 3435 881 3513 γῆ,
905 3426 939 3492 δι’
967 3430 1003 3514 ἧς
1025 3430 1111 3493 δίεισί
1129 3453 1160 3493 τε
1183 3432 1231 3494 καὶ
1254 3431 1407 3515 διηθεῖται.
1442 3430 1514 3514 μεθ’

264 3531 283 3594 ἀ
305 3533 412 3608 δείξας,
440 3533 483 3596 ὅτι
507 3535 546 3617 μὴ
571 3532 635 3618 ἔχει
657 3533 751 3618 ττηγάς
773 3532 881 3602 οἰκείας
902 3535 921 3616 ἡ
945 3533 1080 3596 θάλασσα
1106 3536 1149 3618 τῷ
1173 3537 1229 3596 πᾶν
1253 3534 1304 3615 μὲν
1331 3534 1364 3597 τδ
1387 3540 1514 3618 πηγαῖον

211 3653 243 3701 30
264 3635 352 3719 ὕδωρ,
375 3637 400 3696 εἰ
424 3636 475 3716 μὲν
490 3635 653 3717 αὐτόματον
676 3632 709 3719 ἡ,
732 3637 868 3721 ἀπορρεῖν
893 3659 924 3698 τε
946 3636 1004 3698 ἀπὸ
1026 3641 1084 3697 τῶν
1100 3641 1211 3718 πηγῶν,
1234 3634 1286 3721 ἀφ’
1315 3637 1355 3700 ῶν
1378 3635 1514 3723 ἄρχεται,
1531 3653 1560 3695 ευ

262 3740 310 3801 καί
335 3740 538 3822 μεθίστασθαι,
564 3742 596 3802 εδ
620 3739 646 3803 δ’
676 3738 743 3803 ὅσον
766 3739 820 3802 οδκ
842 3741 964 3823 ἀπορρεῖ
985 3737 1177 3824 χειρόκμητον
1200 3738 1273 3803 εἰναι
1295 3740 1344 3802 καὶ
1366 3738 1421 3802 οὐκ
1443 3739 1518 3804 αύτδ

263 3842 348 3924 φύσει
372 3844 505 3922 (τοιαῦτα
527 3841 581 3925 γάρ
604 3842 639 3904 τὰ
662 3842 797 3927 φρέατα),
826 3843 878 3926 τὴν
901 3844 933 3905 δὲ
956 3843 1105 3906 θάλασσαν
1133 3845 1207 3926 μήτε
1230 3846 1287 3906 τῶν
1310 3845 1517 3928 χειροκμήτων
1609 3890 1612 3895 ,

261 3943 334 4006 εἰναι
358 3945 431 4028 μήτε
453 3950 511 4006 τῶν
534 3946 701 4029 φερομένων
725 3970 756 4008 τε
778 3947 825 4008 καί
849 3945 1068 4028 μεθισταμένων
1091 3969 1111 4008 ιι
1133 3967 1153 4006 α
1177 3967 1206 4008 ιι.
1251 3946 1298 4008 διὰ
1313 3945 1367 4030 γάρ
1389 3951 1442 4030 τῆς
1465 3947 1560 4010 iia-2⁸

261 4048 371 4131 λάσσης
394 4049 518 4132 κινήσεις
535 4050 629 4112 τεκαὶ
646 4050 887 4134 ἀντιπεριστάσεις
908 4051 938 4112 αί
962 4050 1013 4132 μὲν
1034 4050 1157 4133 γίνονται
1178 4054 1229 4112 τοδ
1254 4048 1257 4133 Ι
1281 4048 1369 4113 αὐτοῦ
1392 4048 1498 4120 ύδατος
1521 4057 1571 4116 189

207 4170 239 4218 35
260 4151 464 4235 μεταρρέοντος
489 4152 521 4235 (δ
545 4152 692 4234 γινόμενον
720 4154 750 4215 ἐν
772 4155 853 4236 πάσγ
876 4153 1013 4236 θαλάσση
1036 4155 1158 4240 φανερὸν
1183 4155 1252 4237 ἡμῖν
1274 4152 1379 4235 γίνεται
1401 4153 1431 4215 ἐν
1455 4157 1517 4223 τοῖς

209 4323 220 4373 l
240 4320 380 4391 ἐγγενέσθαι
394 4321 477 4376 G²¹S²a
489 4323 545 4390 Sp.:
565 4327 590 4377 ἐν
604 4327 695 4395 γενέσει
707 4330 843 4381 VBFG¹S¹
916 4328 942 4379 ἐν
955 4325 971 4397 ᾗ
985 4328 1189 4396 circumscripsi:
1209 4327 1319 4379 sortasse
1333 4324 1397 4396 αὑτὴ
1471 4326 1488 4378 2
1506 4328 1570 4380 εἰναι

205 4411 311 4477 scripsi:
331 4429 354 4463 τι
368 4411 427 4462 libri
498 4410 822 4484 ἵιὴ1”1ιι.ὃεηνίἡο
893 4414 1108 4467 ἸαδτῶνδεΙενί
1181 4415 1213 4467 10
1232 4413 1366 4487 αἰσθητὴν]
1386 4414 1569 4486 ίοήααεε<τλγν

203 4499 267 4559 τῶν>
285 4495 414 4566 αἰσθητῶν
488 4498 518 4548 12
538 4495 563 4549 δ’
584 4500 665 4553 dclcvi
737 4501 935 4572 1υτίυευεαδτιρ
1011 4503 1039 4555 13
1060 4502 1174 4574 διαίρεσιν
1192 4502 1228 4556 (3²
1247 4504 1326 4555 Vict.:
1347 4501 1447 4570 διαιρεῖν
1471 4503 1532 4557 libri

206 4584 236 4636 15
256 4584 292 4636 ῶν
305 4585 448 4637 Schwartz:
468 4585 503 4637 ῶν
518 4586 534 4655 ἡ
550 4587 622 4640 iibri:
643 4588 671 4639 δν
688 4591 754 4641 vict.
828 4590 857 4640 li
879 4590 905 4640 ε’ν
924 4592 962 4659 τῷ
976 4589 1095 4659 δευτέρω]
1111 4592 1190 4643 Arist.
1203 4592 1262 4644 Met.
1275 4592 1307 4656 11,
1323 4589 1389 4642 1-3
1408 4588 1568 4656 (353231-

203 4671 324 4738 3591226)
392 4673 422 4724 lii
436 4679 491 4743 πρῶ
505 4672 582 4725 τδνλί
646 4676 679 4726 ·.)·’.’
692 4674 842 4749 ἀναχθείσης
856 4676 1154 4749 ὃοθνιαιιιιένεχθείσης
1167 4679 1227 4731 libri
1290 4677 1566 4748 τούὸμ.ιάπδτὴσλίι

201 4759 251 4812 ἀπὸ
264 4763 336 4811 τοδε
399 4760 431 4811 2²9
452 4760 504 4830 ἕγει
517 4762 574 4825 Sp.:
594 4761 639 4831 ἔγγγ
654 4762 715 4814 libri
781 4763 815 4814 30
834 4764 949 4835 ἀπορρεῖν
962 4765 1019 4832 Sp.:
1039 4767 1142 4837 ἀπορρεῖ
1155 4766 1215 4819 libri
1277 4765 1307 4817 31
1331 4763 1566 4835 μεθίστασθαιὸμ.τ

202 4844 347 4913 μεθίσταται
361 4847 420 4899 iibri
483 4850 647 4920 χειράτμητον
661 4853 684 4900 V
702 4850 777 4914 (corr.
789 4851 832 4918 Sp.
847 4869 879 4904 cx
893 4854 984 4919 Arist.)
1051 4853 1098 4906 ουκ
1117 4851 1566 4921 αδτὸ(αδτοθ)]1οτίααεσυθστά·

201 4948 273 5002 σιμον
344 4933 378 4987 33
397 4937 524 4989 excidisse
543 4938 645 4989 videtur
663 4937 709 5005 τὴν
728 4937 809 4988 αἰτίαν
828 4938 957 4991 ἀπέδωκεν
976 4944 1021 5009 τῆς
1040 4939 1191 5010 φαινομένης
1209 4944 1256 5009 τὴς
1273 4937 1401 5010 θαλάσσης
1419 4939 1517 5012 ῥύσεως
