3540 5610
643 308 698 378 [οε
724 310 831 363 ,ικιιιλ
854 309 957 362 ιιοιοπ
979 308 1107 378 ALTER]
1491 308 1551 373 107

247 485 393 566 χρώματι.
439 482 514 545 ἀλλὰ
541 485 589 545 καὶ
617 485 635 563 ί,
665 481 805 567 ῦσρρησις
834 482 864 552 ἐξ
891 482 976 566 ἀέρος
997 481 1122 564 (άυσμος
1145 484 1177 546 δέ
1200 478 1311 561 οὗτος),
1342 481 1440 563 ῦσμῶν
1468 480 1500 543 δέ

245 585 326 648 ἐστιν
349 586 552 668 ἀντιληπτική·
578 586 626 647 καὶ
648 610 666 669 η
684 585 745 669 ἀρὴ
769 585 801 647 δὲ
820 589 877 647 τῶν
901 585 953 667 μὲν
974 585 1081 666 ὁμοίως
1103 583 1179 667 aba]
1204 585 1322 668 δερμῶν
1345 583 1499 667 ἢψυχρῶν

245 689 268 769 ᾖ
295 691 431 771 σκληρῶν
458 688 477 770 ἢ
507 690 644 768 μαλακῶν
672 686 725 750 οῦκ
752 687 934 760 αἰσθάνεται,
969 691 1026 748 τῶν
1059 686 1091 748 δὲ
1117 685 1365 771 παρηλλαγμένον
1391 686 1439 747 ἐπὶ
1467 685 1499 747 τδ
1513 701 1541 743 ου

246 793 359 872 μᾶλλον
387 815 406 872 η
433 791 529 873 ἦττον.
573 793 658 853 τοῦτο
683 787 730 862 δέ,
760 789 823 852 ἐπεὶ
853 788 890 873 ἧν
917 789 1055 852 ἀδύνατον
1088 793 1175 872 σῶμα
1206 787 1294 853 οῦσαν
1327 789 1367 871 μὴ
1395 788 1498 857 ταύτας

212 890 328 978 σε”χειν
350 892 401 961 τάς
423 892 612 961 ἐναντιώσεις.
647 895 703 953 πᾶν
727 892 780 975 γὰρ
804 897 892 974 σῶμα
916 890 1038 974 φυσικόν
1061 915 1091 954 τε
1115 892 1162 953 καὶ
1184 893 1302 974 γενητὸν
1326 890 1424 954 ἁπτόν.
1460 894 1500 959 ῶς

243 995 298 1059 οῦν
315 995 363 1058 ἐπὶ
385 1001 442 1057 τῶν
462 995 629 1078 αἰσθήσεων
652 994 789 1057 άδῦνοιτον
813 995 864 1076 τὴν
887 993 1022 1080 ἔχουσάν
1044 1018 1070 1055 τι
1093 993 1195 1056 τοῦτου
1219 993 1254 1056 οῦ
1276 990 1340 1077 ἔχει
1362 992 1434 1056 εἶναι
1456 996 1501 1056 ἀν·

245 1099 418 1181 τιληπτικην
441 1120 472 1159 τε
492 1097 540 1159 καὶ
556 1099 693 1180 κριτικήν,
716 1098 818 1171 οὕτως,
841 1098 904 1160 ἐπεὶ
926 1097 973 1160 καὶ
994 1098 1091 1163 δνοῦς
1114 1096 1262 1179 άντιληψίς
1284 1119 1325 1164 τις
1340 1097 1387 1159 καὶ
1410 1096 1501 1179 κρίσις

247 1208 309 1264 τῶν
331 1204 454 1284 νοητῶν,
477 1198 545 1262 οῦδὲ
565 1199 651 1262 αῦτδν
675 1199 734 1261 οἷον
758 1223 789 1262 τε
811 1199 883 1263 εἶναι
905 1206 962 1263 τῶν
985 1198 1160 1282 κρινομένων
1184 1196 1231 1260 ὑπ’
1251 1197 1350 1261 αὐτοῦ.
1385 1200 1500 1261 πάντων

249 1304 284 1366 δὲ
306 1309 365 1366 τῶν
389 1300 479 1364 ὄντων
503 1301 579 1365 ἐστὶν
602 1301 813 1385 ἀντιληπτικῦς,
835 1302 917 1384 εἴγε
939 1303 1032 1365 πάντα
1053 1299 1113 1365 ἔστι
1137 1305 1221 1364 νοεῖν.
1259 1299 1341 1363 οῦδὲν
1364 1299 1421 1384 ἄρα
1442 1305 1500 1363 τῶν

200 1403 1542 1489 mfflmeQWQQmemwMfflfflMffi

244 1506 1501 1594 &dwmmmwmmfflmmwfflfflwwa

249 1615 293 1676 ῶν
317 1612 587 1695 ἀντιλαμβάνονται,
614 1609 689 1672 ἄλλοι
711 1610 744 1673 δέ
767 1613 829 1673 τινά
853 1610 929 1674 ἐστιν
951 1610 1092 1693 ἐνεργείᾳ,
1120 1607 1235 1673 ἔστιδὲ
1261 1611 1280 1692 ἡ
1304 1609 1422 1692 δύναμις
1445 1613 1501 1673 σώ-

247 1713 341 1797 ματός
367 1737 450 1782 τινος.
494 1713 539 1777 διδ
567 1713 613 1775 καὶ
641 1717 691 1801 τοῦ
719 1712 854 1792 σώματός
882 1736 907 1774 τι
930 1715 1093 1797 πάσχοντος
1121 1737 1140 1795 η
1166 1715 1224 1774 τῶν
1251 1711 1400 1795 αἰσθητῶν
1427 1713 1500 1775 ἀντί·

248 1822 345 1901 ληψις.
391 1817 439 1878 καὶ
462 1816 508 1878 διὰ
535 1819 619 1877 τοῦτο
647 1814 680 1876 οῦ
709 1817 823 1877 πάντων
851 1819 930 1878 πᾶσα
954 1813 1090 1897 αἴσθησις
1117 1815 1315 1898 ἀντιληπτικη.
1360 1812 1420 1878 ἔστι
1445 1816 1500 1899 γάρ

201 1938 235 1982 ιο
249 1945 292 1988 τις
317 1920 364 1981 καὶ
385 1918 458 2001 αῦτὴ
483 1917 540 2001 ἤδη
557 1918 694 2001 ἐνεργείᾳ.
730 1920 746 1980 6
768 1918 800 1980 δὲ
823 1922 889 1986 νοῦς
910 1916 977 1980 οὔτε
999 1918 1046 1982 διὰ
1066 1921 1201 1999 σώματος
1220 1915 1501 2002 ἀντιλαμβανόμενος

246 2031 308 2087 τῶν
331 2020 436 2094 ὄντων,
463 2019 531 2083 οὔτε
553 2023 689 2103 σώματος
717 2021 835 2103 δῦναμις
862 2020 917 2098 ῶν,
945 2019 1013 2083 οὐδὲ
1035 2022 1174 2104 πάσχων,
1203 2019 1270 2084 οῦδέ
1299 2021 1361 2085 ἐστί
1385 2044 1412 2082 τι
1439 2023 1497 2082 τῶν

246 2126 340 2190 ὄντοιν
365 2123 440 2193 δλως
462 2124 606 2207 ἐνεργείᾳ,
632 2123 700 2186 οῦδέ
722 2125 783 2186 ἐστι
804 2124 870 2186 τάδε
893 2147 918 2185 τι
941 2123 973 2186 τὸ
997 2124 1168 2204 δυνάμενον,
1197 2123 1256 2187 ἀλλ’
1284 2121 1359 2188 ἔστιν
1383 2122 1500 2206 δύναμίς
1513 2138 1546 2179 ³⁰

247 2255 291 2300 τις
315 2230 416 2296 ἁπλῶς
438 2233 490 2310 τῆς
512 2227 630 2288 τοιάσδε
657 2227 834 2311 ἐντελεχείας
861 2249 892 2288 τε
914 2227 961 2289 καὶ
984 2230 1082 2311 ψυχῆς
1103 2225 1188 2289 εἰδῶν
1209 2227 1258 2289 καὶ
1280 2228 1433 2310 νοημάτων
1457 2227 1499 2288 δε-

246 2334 345 2415 κτική.
391 2329 474 2398 οῦτος
499 2331 550 2412 μὲν
578 2326 627 2391 οῦν
655 2331 670 2392 6
694 2335 759 2397 νοῦς
783 2329 879 2398 ῦλικδς
907 2331 947 2392 ῶν
975 2329 1004 2392 ἐν
1028 2329 1113 2392 πᾶσίν
1136 2329 1197 2391 ἐστι
1228 2333 1288 2397 τοῖς
1316 2334 1368 2412 τῆς
1391 2329 1500 2398 τελείας

201 2454 232 2497 ἐυ
246 2441 348 2522 ψυχῆς
371 2429 620 2514 κεκοινωνηκὸσιν,
644 2430 789 2495 τουτέστιν
812 2432 987 2514 ἀνθρώποις.

328 2535 435 2604 Ἄλλος
459 2534 491 2596 δέ
514 2534 589 2598 ἐστιν
617 2534 633 2595 6
656 2533 713 2618 ἤδη
737 2540 811 2596 νοῶν
839 2536 887 2597 καὶ
913 2534 970 2604 ἐΕιν
993 2532 1072 2618 ἔχων
1099 2538 1150 2596 τοῦ
1172 2539 1247 2597 νοεῖν
1271 2534 1319 2596 καὶ
1342 2536 1499 2618 δυνάμενος

243 2643 282 2705 τὰ
303 2640 368 2722 είῦη
392 2643 448 2701 τῶν
471 2640 583 2719 νοητῶν
605 2635 679 2700 κατὰ
701 2636 753 2719 τὴν
776 2638 864 2700 αὑτοῦ
886 2636 1004 2718 δύναμιν
1027 2638 1193 2722 λαμβάνειν,
1216 2637 1355 2719 ἀνάλογον
1378 2638 1418 2700 ῶν
1441 2641 1500 2705 τοῖς

243 2737 1540 2827 ψῶᾢωώψώωωωῶὼὼωῶωυ

244 2849 302 2930 τὴν
325 2845 443 2929 τέχνην.
478 2841 570 2926 ὁγὰρ
593 2848 706 2924 πρῶτος
728 2842 762 2905 οῦ
782 2841 893 2910 τούτοις
915 2841 950 2926 ἦν
973 2843 1087 2917 ἐοικώς,
1110 2843 1185 2904 ἀλλὰ
1208 2845 1317 2923 μᾶλλον
1339 2847 1399 2912 τοῖς
1421 2845 1501 2906 δυνα-

200 2967 228 3010 2¹1
244 2950 348 3034 μένοις
376 2948 428 3029 τἠν
454 2945 561 3031 τέχνην
588 2945 740 3030 ἀναλαβεῖν
767 2947 815 3008 καὶ
841 2945 977 3027 γενέσθαι
1004 2945 1154 3030 τεχνίταις.
1198 2945 1246 3007 καὶ
1274 2942 1349 3009 ἐστιν
1377 2944 1460 3015 οῦτος
1485 2946 1500 3008 6

242 3053 344 3121 ῦλικὸς
360 3050 416 3119 ἕξιν
439 3048 496 3133 ἤδη
521 3048 617 3111 καὶτὸ
640 3051 713 3110 νοεῖν
736 3070 768 3110 τε
783 3048 832 3111 καὶ
855 3049 979 3131 ἐνεργεῖν
995 3050 1207 3132 προσειληφώς.
1245 3048 1261 3109 6
1285 3053 1412 3117 τοιοῦτος
1434 3053 1500 3117 νοῦς

242 3157 275 3218 ἐν
305 3158 365 3222 τοῖς
391 3151 576 3235 τελειοτέροις
602 3150 678 3214 ἐστὶν
706 3150 764 3234 ἤδη
798 3151 846 3212 καὶ
872 3155 995 3214 νοοῦσιν.
1046 3149 1129 3219 οὖτος
1158 3151 1220 3233 μὲν
1244 3149 1293 3214 οὖν
1325 3152 1341 3214 6
1368 3149 1500 3235 δεῦτερσς

243 3262 313 3327 νοῦς
337 3257 408 3320 ἐστι.

331 3358 433 3444 Τρίτος
457 3357 489 3420 δέ
511 3357 571 3421 ἐστι
593 3361 659 3425 νοῦς
681 3356 760 3441 παρὰ
781 3357 848 3425 τοῦς
870 3354 1094 3439 προειρημένους
1117 3355 1167 3418 δύο
1191 3356 1206 3417 6
1229 3354 1386 3437 ποιητικός,
1409 3355 1446 3418 δι’
1467 3356 1498 3419 δν
1513 3374 1541 3415 ευ

203 3465 261 3527 τοῦ
285 3464 384 3531 ῦλικδς
406 3462 437 3525 ἐν
460 3460 516 3530 ἕξει
530 3460 645 3542 γίνεται,
668 3460 808 3541 ἀνάλογον
832 3460 872 3522 ῶν
895 3457 979 3526 οῦτος
1002 3458 1017 3520 6
1035 3457 1192 3541 ποιητικός,
1217 3460 1257 3526 ῶς
1279 3479 1365 3541 φησιν
1387 3460 1403 3521 6
1423 3456 1499 3542 Ἀρι-

246 3565 395 3649 στοτέλης,
419 3568 463 3648 τῷ
487 3562 570 3647 φωτί
605 3565 645 3630 ῶς
667 3563 720 3644 γὰρ
743 3562 776 3624 τδ
799 3567 861 3645 φῶς
884 3558 974 3624 αἴτιον
997 3560 1102 3642 γίνεται
1125 3565 1185 3629 τοῖς
1206 3563 1359 3646 χρώμασιν
1381 3566 1431 3624 τοῦ
1455 3565 1499 3624 δο-

247 3672 331 3750 νάμει
353 3666 433 3730 οῦσιν
457 3668 571 3749 ὁρατοῖς
594 3665 721 3748 ἐνεργείᾳ
743 3663 873 3747 γίνεσθαι
895 3663 1049 3738 τοιούτοις,
1078 3664 1170 3732 οὕτως
1193 3665 1241 3726 καὶ
1263 3663 1346 3732 οῦτος
1369 3665 1384 3726 6
1407 3664 1500 3748 τρίτος

247 3776 313 3839 νοῦς
335 3772 383 3833 τὸν
406 3770 528 3852 δυνάμει
556 3769 604 3830 καὶ
628 3769 725 3831 ῦλικδν
747 3770 813 3830 νοῦν
841 3767 966 3850 ἐνεργείᾳ
995 3769 1060 3827 νοῦν
1084 3769 1163 3828 ποιεῖ
1187 3765 1242 3836 ἕξιν
1265 3767 1395 3849 ἐμποιῶν
1417 3766 1500 3853 αῦτᾳῖ

251 3876 299 3956 τὴν
322 3874 467 3957 νυητικήν.
511 3868 573 3933 ἔστι
595 3872 627 3933 δέ
649 3868 732 3938 οῦτος
758 3870 790 3931 τδ
818 3873 854 3950 τῇ
878 3868 968 3931 αὑτοῦ
991 3868 1075 3950 φύσει
1098 3869 1200 3951 νοητδν
1227 3870 1275 3931 καὶ
1298 3869 1425 3954 ἐνεργείᾳ
1446 3894 1500 3934 τοι·

213 4094 333 4163 ’ίάρῇλί
444 4094 578 4147 ὁδοιπλ]
693 4093 788 4145 3τῶν
807 4093 832 4145 δὲ
853 4095 928 4146 vKa:
948 4092 1013 4146 ἀλλὰ
1031 4095 1125 4146 τῶνλΙ
1235 4090 1444 4147 4ἀδυνάτουΜ

217 4178 354 4252 ῦγυινητδν
372 4184 439 4236 huia
549 4180 715 4235 ῦάδῦνατον
733 4180 765 4252 ἠν
783 4181 873 4250 τὴνλλ
985 4181 1065 4239 7τις
1082 4182 1160 4234 vlia:
1179 4180 1216 4237 τίς
1234 4179 1286 4231 ἐστι
1303 4181 1328 4232 M
1439 4180 1553 4235 δυῦδέν

222 4264 321 4322 άπῦνλί
413 4269 523 4322 fortasse
542 4269 593 4320 οἷόν
612 4270 639 4321 τέ
657 4286 681 4319 τι
776 4269 804 4320 ll
825 4269 871 4340 γὰρ
890 4283 940 4320 om.
958 4270 983 4321 M
1078 4270 1108 4321 13
1128 4266 1256 4338 αἰσθητῶν
1277 4269 1310 4318 V:
1329 4266 1470 4338 αίσδήσεων
1488 4269 1561 4322 mia-

227 4352 249 4402 λλ
262 4354 354 4409 ίοηιισυε
373 4358 424 4410 ίστι
442 4359 489 4427 γάρ
506 4375 530 4408 τι
548 4363 577 4409 ut
596 4374 620 4407 v.
633 4358 664 4409 16
683 4355 740 4409 οῦδί
758 4354 810 4407 ἐστί
826 4373 850 4407 τι
868 4361 920 4407 τῶν
940 4354 1020 4408 ὄντων
1038 4353 1105 4414 δλως
1123 4355 1232 4428 ἐνεργείᾳ
1340 4356 1371 4409 15
1391 4356 1500 4427 ἐνέργεια
1517 4358 1542 4410 Μ

228 4438 251 4486 1ss
263 4443 342 4513 πάσχον
360 4446 384 4496 M
493 4444 523 4495 Π
547 4443 576 4496 τὸ
594 4460 644 4497 om.
662 4445 704 4496 Ka
810 4442 954 4512 δυνάμενον]
974 4462 987 4493 ν
1005 4448 1066 4512 post
1084 4460 1098 4495 ο
1117 4444 1144 4496 ἰο
1163 4443 1235 4495 lit.v
1345 4444 1375 4497 19
1398 4443 1441 4496 οδν
1459 4460 1510 4497 om.
1528 4447 1553 4499 M

230 4525 463 4584 ’λίνικοινωκόσιλί
582 4530 612 4582 21
645 4532 714 4602 ,περὶ
732 4534 777 4582 τοῦ
796 4530 822 4582 ἐν
840 4529 888 4590 ἕξει
906 4534 973 4583 νοῦ.“
1012 4530 1087 4589 ἄλλος
1105 4530 1131 4583 δέ
1150 4531 1240 4584 VMKa
1359 4530 1392 4582 22
1421 4537 1498 4584 αυτοῦ
1516 4533 1553 4584 V:

232 4608 285 4665 τ’κυῦ
297 4618 354 4671 λΚε
460 4618 497 4672 ῶν
516 4635 580 4672 corr.
599 4636 639 4672 ex.
659 4618 703 4671 οῦν
722 4619 758 4685 (ί)
778 4618 800 4670 Κ
908 4617 941 4669 23
960 4618 1045 4670 αὐτῶν
1063 4619 1155 4671 λ”ΚλΙσ
1261 4618 1294 4671 28
1313 4624 1371 4677 νοῦς
1390 4621 1482 4672 ουκΜ

233 4693 322 4775 ῗίπερὶ
337 4713 380 4758 τοῦ
399 4712 532 4777 ποιητικοῦ
550 4710 620 4758 νοῦ“.
656 4708 737 4778 τρίτος
754 4705 780 4758 δέ
801 4707 889 4758 λ’ΚδΙυ
977 4710 1035 4764 νοῦς
1053 4705 1067 4758 δ
1086 4707 1152 4779 παρὰ
1170 4707 1237 4759 ΜΚο
1326 4707 1469 4778 εἰρημένους
1487 4708 1553 4760 mia

234 4780 373 4863 διίησιν
392 4793 462 4862 κτλ]
482 4795 526 4846 Ar.
546 4794 638 4846 dean.
657 4792 834 4857 3‚5.430·15
932 4790 1014 4846 bom.
1033 4794 1100 4847 οισι
1197 4794 1231 4848 34
1250 4792 1327 4846 «οπο
1345 4794 1411 4847 nna
1507 4794 1553 4845 και

235 4881 342 4932 -τιιοῦτον
359 4896 409 4933 om.
426 4882 451 4934 M
