3540 5610
695 312 897 371 ,ιουκκαυιιι
916 319 959 371 οε
980 318 1089 373 ικωε
1531 325 1572 389 75

271 492 302 554 εί
311 517 342 575 γε
364 495 458 555 πάντα
481 491 625 574 τρέφεται.
649 489 792 553 οὔπάντα
814 493 847 554 δὲ
862 496 912 554 τοῦ
928 493 1110 576 αἰσθητικοῦ,
1133 493 1165 557 εί
1175 519 1208 577 γε
1230 496 1401 580 ἀναίσθητοι
1422 496 1519 579 τρίχες
1532 512 1559 555 τε

270 619 301 683 τε
324 597 370 659 καὶ
393 597 465 658 aar&
491 595 540 658 καί
565 592 677 679 ὄνυχες.
721 593 806 657 αὗται
829 594 881 677 μὲν
908 593 958 657 οὖν
981 597 1011 657 αἱ
1034 598 1171 678 δυνάμεις
1198 597 1231 660 οὐ
1259 581 1345 682 μόνον
1374 598 1446 663 κατὰ
1469 602 1517 661 τὸν

271 698 353 779 λόγον
376 697 559 781 διαφέρουσιν
587 697 737 780 ἀλλήλων,
766 694 825 759 ἀλλ’
854 697 912 780 ἤδη
939 701 1119 781 χωρίζεσθαι
1146 701 1280 763 δύνανται
1307 703 1355 765 καί
1382 702 1456 764 κατὰ
1484 702 1517 762 τὸ

271 801 455 882 ὑποκείμενον
478 800 526 862 καὶ
548 799 622 862 κατὰ
643 800 695 882 τὴν
719 799 870 882 ἐνέργειαν.
916 800 989 864 κατὰ
1013 802 1140 887 μὲνγὰρ
1163 804 1211 865 τὸν
1234 802 1318 886 λόγον
1341 806 1360 887 ἡ
1383 802 1518 887 ἑτερότης

240 903 380 977 σαθτῶν,
408 903 453 967 ὅτι
477 905 518 988 μὴ
541 901 644 965 ταύτὸν
666 904 699 965 τὸ
721 903 869 987 θρεπτικῷ
893 902 965 965 εἶναι
987 905 1035 966 καί
1058 905 1090 967 τὸ
1113 907 1277 992 αἰσθητικῷ
1300 906 1402 989 (ἄλλος
1425 907 1517 999 γάρὸ

271 1007 409 1090 ἑκατέρου
432 998 517 1089 λίγος
539 1004 615 1068 καθά
637 996 697 1068 ἐστι
719 1004 866 1086 τοιαῦτα),
896 1005 970 1069 κατὰ
989 1007 1024 1070 δὲ
1051 1009 1103 1091 τὴν
1126 1008 1284 1093 ἐνέργειαν,
1316 1009 1359 1072 ὅτι
1382 1010 1438 1093 μή,
1470 1005 1518 1070 ὅτε

268 1111 300 1172 τὸ
324 1110 478 1192 θρεπτικὸν
502 1106 710 1192 ἑνεργεῖ,.τάτε
732 1108 848 1176 πάντως
869 1109 917 1171 καί
940 1110 971 1170 τὸ
993 1109 1163 1194 αἰσθητικόν
1185 1111 1233 1193 (τδ
1257 1112 1308 1195 μὲν
1331 1111 1384 1194 γὰρ
1407 1111 1463 1186 αἰεί,
1485 1111 1517 1172 τὸ

270 1213 302 1275 δὲ
323 1213 493 1295 αἰσθητικὸν
520 1209 707 1294 άνενέργητον
730 1209 949 1294 κοιμωμένων),
977 1211 1050 1274 κατὰ
1073 1213 1106 1274 δὲ
1131 1214 1164 1275 τδ
1188 1213 1390 1296 ὑποκείμενον,
1419 1213 1462 1276 ὅτι
1485 1215 1517 1276 τὸ
1531 1229 1559 1271 αι

269 1316 321 1397 μὲν
345 1316 499 1398 θρεπτικὸν
522 1314 681 1376 ἐνᾶπαντι
703 1313 807 1397 μορίῳ,
831 1313 862 1375 τὸ
886 1314 918 1375 δὲ
940 1313 1110 1397 αἰσθητικὸν
1133 1314 1177 1379 οὔ.
1215 1317 1264 1379 καί
1286 1316 1317 1378 ἐν
1339 1322 1398 1384 τοῖς
1420 1323 1518 1400 φυτοῖς

225 1433 255 1476 10
268 1418 301 1479 τὸ
324 1419 377 1502 μὲν
400 1415 554 1503 θρεπτικόν
577 1416 654 1491 ἐστι,
677 1416 709 1477 τὸ
732 1417 765 1478 δὲ
784 1404 954 1498 αἰσθητικὸν
978 1416 1083 1481 οὐκέτι.
1127 1419 1160 1481 τδ
1183 1419 1215 1490 δὲ
1238 1419 1393 1502 ὁρμητικόν
1416 1442 1448 1481 τε
1471 1421 1518 1483 καὶ

269 1522 417 1605 ὀρεκτικὸν
439 1523 490 1583 τοῦ
517 1520 568 1602 μὲν
591 1519 747 1602 θρεπτικοῦ
770 1518 870 1582 διοίσει
886 1521 991 1604 σχεδὸν
1014 1524 1074 1611 τοῖς
1096 1520 1203 1600 αὐτοῖς,
1227 1522 1270 1590 οἷς
1292 1522 1340 1584 καί
1361 1522 1394 1585 τὸ
1416 1523 1518 1604 αἰσθη-

266 1623 355 1688 τικόν.
399 1623 479 1708 μίνιρ
502 1623 556 1707 γὰρ
579 1622 754 1706 παραλλάξει
776 1626 820 1706 τῷ
843 1624 875 1685 τδ
899 1622 950 1703 μὲν
973 1622 1142 1708 αἰσθητικὸν
1165 1623 1310 1708 διαφέρειν
1332 1629 1383 1687 τοῦ
1407 1627 1518 1709 θρεπτι-

268 1731 322 1790 κοῦ
344 1733 387 1812 τῷ
411 1725 483 1789 αὐτὸ
506 1726 558 1808 μὲν
574 1726 697 1809 κριτικὸν
720 1723 803 1799 εἰναι,
826 1725 919 1787 ἐκεῖνο
942 1725 974 1787 δὲ
989 1724 1153 1809 ποιητικόν.
1187 1725 1241 1789 οὐκ
1262 1725 1392 1811 ἔστιγὰρ
1414 1729 1462 1791 καὶ
1484 1728 1517 1790 τὸ

266 1829 413 1912 ὀρεκτικὸν
440 1829 548 1913 ὁμοίως
585 1832 627 1912 τῷ
659 1827 824 1912 αἰσθητικῷ
854 1828 992 1912 κριτικόν·
1032 1829 1180 1912 ποιητικὸν
1210 1830 1265 1913 γὰρ
1295 1830 1345 1892 καὶ
1371 1830 1442 1892 αὐτὸ
1470 1831 1518 1893 καὶ
1593 1901 1598 1909 ,

224 1948 251 1991 15
264 1931 437 2016 πρακτικόν,
465 1931 545 2013 εἴγε
575 1929 645 1993 αὐτὸ
671 1928 674 2016 ἰ
699 1935 752 2014 τῆς
776 1935 827 1992 τοῦ
851 1928 930 2015 ζῴου
958 1933 1100 2015 κινήσεως
1121 1931 1220 1994 αἴτιον.
1266 1937 1317 1995 τοῦ
1345 1933 1378 1995 δὲ
1399 1934 1501 2017 αἰσθη-
1523 1948 1572 1993 πται

204 2075 210 2084 -
266 2039 347 2107 τικοῦ
362 2035 394 2097 τδ
412 2034 558 2118 ἰρεκτικδν
575 2033 672 2117 ἕτερον
693 2039 730 2117 τῇ
752 2056 783 2095 τε
798 2032 874 2102 τάξει
896 2035 944 2099 καὶ
968 2040 1009 2119 τηῖ
1027 2033 1126 2119 χρόνῳ
1150 2039 1207 2097 τῶν
1223 2035 1384 2119 ἐνεργειῶν.
1404 2044 1519 2127 ,πρῶτα

264 2139 320 2221 γὰρ
342 2139 371 2199 αἱ
394 2136 469 2199 κατὰ
492 2137 544 2220 τὴν
566 2135 703 2220 αἴσθησίν
733 2137 834 2200 τεκαὶ
857 2137 909 2220 τὴν
932 2137 1076 2220 ἑπομένην
1098 2136 1175 2221 αὐτῇ
1199 2139 1357 2223 φαντασίαν
1380 2139 1517 2223 ἐνέργειαι

262 2247 323 2304 τῶν
344 2240 420 2303 κατὰ
440 2241 493 2323 τὴν
517 2237 618 2323 ὄρεξιν.
657 2237 704 2301 ἐπ’
732 2239 854 2308 ἐκείναις
875 2240 929 2324 γὰρ
952 2241 1001 2302 καὶ
1024 2239 1090 2323 μετ’
1117 2240 1227 2310 ἐκείνας
1249 2242 1322 2304 αἰδε.
1360 2242 1441 2311 τέλος
1463 2242 1516 2327 γὰρ

265 2346 286 2425 ἡ
310 2341 400 2427 ὄρεξίς
427 2365 510 2405 τινων
541 2342 719 2425 αἰσθητικῶν
742 2342 901 2427 ἐνεργειῶν.
946 2343 994 2405 καὶ
1016 2344 1131 2412 πάντως
1158 2343 1210 2426 μὲν
1238 2345 1294 2428 πρδ
1320 2349 1373 2428 τῆς
1395 2345 1517 2428 ὀρέξεως

220 2445 418 2531 αοαῖσθησις,
441 2443 475 2508 οὐ
499 2446 612 2513 πάντως
635 2446 667 2508 δὲ
690 2445 762 2528 μετὰ
790 2446 841 2529 τὴν
864 2444 1002 2530 αἴσθησιν
1026 2444 1126 2529 ὄρεξις.
1170 2446 1196 2508 εἰ
1219 2448 1251 2510 δὲ
1272 2451 1368 2524 τοῦτο,
1390 2446 1447 2533 οὐχ
1470 2447 1518 2511 ὅτε
1556 2495 1558 2499 ι

264 2552 284 2632 ᾖ
310 2549 394 2633 ἑτέρα
416 2547 512 2612 αὐτῶν
535 2529 626 2623 ἐστιν,
648 2550 763 2618 πάντως
784 2542 916 2611 ἐστίκαὶ
940 2549 958 2631 ί,
982 2548 1075 2632 ἑτέρα.
1119 2547 1172 2624 ἔτι,
1196 2552 1237 2618 ῶς
1259 2548 1317 2631 ἤδη
1340 2550 1516 2634 προείρηται,
1544 2568 1558 2609 ο

264 2655 285 2736 ἡ
309 2653 361 2733 μὲν
380 2651 521 2734 αἴσθησις
542 2654 682 2733 γνώσεως·
701 2651 749 2742 καὶ
772 2653 893 2735 κρίσεως
916 2651 992 2714 αἰτία
1013 2656 1073 2720 τοῖς
1096 2648 1194 2736 ζῴοις,
1218 2654 1237 2735 ἡ
1261 2653 1293 2715 δὲ
1316 2653 1392 2737 ὁρμή
1417 2677 1448 2715 τε
1469 2656 1517 2717 καὶ

250 2753 357 2838 ·ὄρεξις
380 2753 520 2838 πράξεως.
564 2755 612 2819 καί
635 2779 654 2837 η
679 2755 731 2838 μὲν
759 2753 896 2836 αἴσθησις
923 2755 953 2817 ἐν
979 2760 1021 2839 τῷ
1046 2755 1184 2840 πάσχειν,
1211 2779 1231 2838 η
1254 2755 1287 2817 δὲ
1310 2757 1396 2840 ὁρμή
1415 2780 1446 2819 τε
1468 2759 1527 2821 καὶ·

263 2857 355 2942 ὄρεξις
382 2858 520 2942 δραστικὰ
547 2861 656 2940 μᾶλλον
686 2858 734 2920 καὶ
761 2859 904 2940 ποιητικά.
955 2856 1073 2943 ἔχουσιν
1100 2858 1133 2919 δὲ
1160 2857 1251 2926 οὕτως
1278 2859 1308 2921 αἱ
1336 2864 1388 2942 τῆς
1416 2865 1514 2944 ψυχῆς
1578 2927 1584 2943 γ
1653 2917 1659 2930 ,

216 2979 247 3023 25
262 2964 397 3046 δυνάμεις
420 2961 491 3044 πρὸς
514 2961 657 3044 ἀλλήλας,
686 2960 716 3022 ἐν
739 2960 782 3028 οἷς
804 2960 875 3022 εἰσιν
898 2964 1002 3040 πᾶσαι,
1032 2964 1072 3030 ῶς
1094 2960 1145 3028 τὰς
1167 2964 1284 3044 πρώτας
1306 2966 1364 3024 τῶν
1387 2963 1513 3046 ὑστέρων

263 3045 337 3127 εἶναι
359 3065 444 3148 χάριν
473 3064 521 3125 καὶ
543 3064 615 3147 πρὸς
637 3062 742 3131 ταύτας
763 3065 908 3126 συντελεῖν
936 3086 976 3138 τι,
1003 3064 1142 3145 ἀνάλογον
1170 3063 1292 3148 ἔχουσαι
1313 3069 1373 3132 τοῖς
1401 3065 1515 3148 μέρεσιν

263 3172 316 3230 τοῦ
338 3166 475 3251 ἐμψύχου
499 3169 644 3248 σώματος.
682 3168 722 3233 ῶς
736 3165 790 3249 γὰρ
814 3165 843 3227 ἐν
866 3165 969 3250 ἐκείνῳ
992 3165 1064 3228 ἄλλο
1080 3165 1169 3229 ἄλλου
1192 3169 1277 3251 χάριν
1298 3166 1398 3250 γέγονέ
1413 3189 1443 3229 τε
1465 3168 1514 3230 καί

265 3267 328 3333 ἔστι
350 3269 440 3352 (ἀλλὰ
462 3270 510 3331 καὶ
532 3268 704 3331 τὰπλεῖστα
728 3268 802 3352 μέρη
824 3273 875 3330 τοῦ
898 3271 1034 3352 σώματος
1056 3274 1114 3331 τῶν
1138 3269 1211 3332 κατὰ
1234 3270 1331 3354 ψυχὴν
1354 3270 1513 3353 ἐνεργειῶν,
1529 3289 1555 3330 ιο
1625 3267 1628 3273 ’

264 3371 348 3455 εἴγε
369 3369 518 3456 ὀργανικὸν
541 3371 573 3433 τδ
596 3369 731 3456 ἔμψυχον
755 3377 852 3455 σῶμα,
875 3375 931 3434 πᾶν
955 3373 987 3435 δὲ
1010 3369 1128 3455 ὄργανον
1151 3373 1262 3435 ἐκείνου
1285 3375 1370 3457 χάριν
1393 3367 1419 3458 ιγῖ
1445 3374 1514 3459 ὑπη-

218 3491 250 3534 ³0
265 3473 412 3558 ρετεῖται),
436 3473 529 3542 οὕτως
550 3473 599 3536 καί
621 3473 670 3536 ἐττί
691 3478 744 3556 τῆς
766 3479 866 3558 ψυχῆς
893 3475 929 3536 τὰ
950 3480 1052 3557 πρῶτα
1075 3478 1132 3536 τῶν
1156 3475 1297 3559 δευτέρων
1320 3477 1405 3560 χάριν
1428 3477 1513 3541 ἐστιν.

263 3579 281 3660 ί,
306 3578 358 3657 μὲν
385 3575 439 3659 γὰρ
462 3576 569 3660 φυτικὴ
592 3577 674 3660 ψυχή
699 3576 834 3640 ἐστιν.“ἐν
862 3580 921 3646 τοῖς
950 3574 1037 3661 ζῴοις
1065 3578 1210 3660 σωτηρίας
1236 3601 1267 3640 τε
1293 3578 1342 3641 καὶ
1368 3583 1420 3640 τοῦ
1441 3578 1514 3642 εἶναι
1547 3597 1551 3605 “

202 3800 221 3852 5
241 3796 398 3865 τὸ..ε1ναι]
418 3797 534 3859 Ουυλίίῑιι
640 3801 655 3851 θ
674 3799 789 3869 τοιαῦτα]
808 3799 924 3854 ωῖιῖιτειιδ
944 3801 1004 3853 oder
1023 3802 1136 3854 sinnlich
1244 3803 1259 3854 7
1279 3800 1379 3859 πάντως
1398 3808 1457 3856 ante
1470 3803 1570 3876 ,ἐνεργεῖ

203 3889 292 3939 vertit.
424 3887 452 3938 ll
482 3884 721 3957 οῖς-αἰσθητικόν]
746 3889 825 3940 worin
850 3889 994 3955 sichflueh
1020 3888 1062 3940 die
1084 3888 1246 3941 υῖθιοιιθο
1270 3904 1329 3941 von
1349 3890 1401 3941 der
1419 3890 1567 3944 sinulichen

203 3973 399 4025 unterscheidet
533 3974 633 4028 12-15
660 3979 697 4045 τῷ
720 3975 749 4045 τὸ
772 3977 906 4044 μὲν-καί
928 3974 1080 4048 πρακτικόν]
1105 3977 1165 4028 dass
1187 3977 1229 4028 die
1252 3976 1425 4045 begierdliche
1448 3979 1502 4030 und
1525 3979 1568 4031 die

202 4060 420 4113 vahrnebmende
439 4058 537 4129 [Κιαθ]
557 4063 724 4115 verschieden
743 4064 777 4115 ist
794 4079 847 4116 νοιι
865 4064 910 4116 der
922 4064 1081 4128 mihrenden,
1099 4064 1162 4115 und
1182 4063 1254 4116 dass
1272 4065 1324 4116 die
1342 4064 1566 4132 begierdliche

202 4147 390 4201 erkennend
415 4149 471 4213 ist,
494 4148 535 4201 (lie
554 4151 686 4203 ιιῑιῖιιειιθε
704 4150 836 4218 praktisch
861 4150 901 4217 (p:
921 4149 1058 4216 dienend),
1081 4150 1151 4203 deun
1170 4152 1211 4203 die
1229 4151 1360 4203 nfihrende
1378 4151 1413 4202 ist
1436 4153 1510 4204 nicht
1527 4149 1566 4206 εί-

202 4234 336 4297 maenti,
354 4235 402 4285 wie
420 4234 461 4287 die
474 4236 612 4302 sinuliche,
631 4237 700 4290 donn
719 4237 750 4304 (P
770 4253 824 4306 mg:
844 4236 957 4303 obwohl)
975 4237 1017 4289 die
1036 4238 1209 4305 begierdliche
1228 4238 1263 4290 ist
1281 4237 1407 4291 ebenfalls
1425 4224 1567 4307 pra'kssiscb,

202 4321 319 4374 witkend
430 4321 460 4373 16
478 4326 512 4395 τη
520 4353 548 4360 ·—
558 4324 698 4396 ἐνεργειῶν]
715 4325 775 4393 jene
795 4323 824 4392 [i.
835 4341 857 4378 e.
870 4323 1008 4393 Begierde]
1028 4325 1065 4376 ist
1082 4329 1193 4392 ορῶιετ
1212 4326 1249 4377 als
1268 4325 1338 4378 diese
1356 4323 1386 4393 [i.
1398 4342 1419 4379 e.
1433 4326 1510 4396 Sinn]
1530 4330 1602 4399 im¹
1688 4382 1693 4393 ,

202 4411 296 4478 Range
314 4407 369 4460 und
388 4409 417 4459 in
436 4409 480 4461 der
498 4411 558 4463 Zeit
576 4412 643 4464 ihrer
661 4412 825 4481 Wirkungen
928 4411 959 4463 18
977 4410 1059 4480 τέλος]
1079 4412 1170 4465 Ζνιεαλι
1189 4412 1244 4465 und
1263 4412 1374 4466 Absieht
1473 4415 1503 4467 19
1522 4417 1567 4469 καί

201 4499 287 4566 ..μὲν
306 4513 357 4550 om.
444 4496 498 4549 '22
517 4498 634 4568 κρίσεως]
654 4500 765 4553 Theorie
875 4497 908 4551 25
927 4498 1042 4570 πρώτας]
1062 4499 1104 4553 die
1123 4501 1194 4552 mehr
1212 4501 1342 4569 primaten
1448 4501 1483 4553 ‘28
1501 4500 1566 4555 ἀλλὰ

201 4601 254 4637 om.
362 4584 399 4636 30
417 4580 501 4651 χάριν]
522 4601 572 4637 nur
589 4602 678 4655 wegen

201 4788 380 4860 ὄθρεπτικῷ]
402 4810 409 4843 ι
428 4792 586 4860 adscriptum
607 4795 633 4846 ῖιι
654 4794 725 4846 lit.v
805 4798 865 4863 post
882 4795 926 4846 καὶ
944 4795 973 4847 τὸ
991 4795 1125 4863 paululum
1146 4796 1287 4849 'erasumV
1366 4797 1397 4848 16
1417 4800 1505 4867 πρῶτα
1527 4797 1563 4849 V:

202 4882 338 4951 πρῶταια
447 4878 479 4933 22
498 4880 625 4955 ζῶσιαι
700 4880 734 4933 28
751 4880 860 4935 fortasse
881 4882 1009 4955 ἐνεργειῶν
1021 4864 1101 4973 ’χάριν
