3540 5610
200 305 260 373 182
520 307 723 362 ALEXANDRI
745 308 790 361 1111
814 307 924 361 ΑΝΙΜΑ
946 307 1037 361 LIBRI
1060 306 1232 361 MANTISSA

252 481 271 562 ἡ
295 480 328 542 δέ
350 482 509 566 εἱμαρμένη
533 481 585 546 οὑκ
608 483 638 546 ἐν
661 483 743 566 ἡμῖν·
778 483 825 544 καλ
847 482 901 566 γὰρ
928 482 954 545 εἰ
983 484 1031 545 καὶ
1058 483 1124 565 περὶ
1150 480 1241 545 ταύτά
1263 481 1340 545 ἐστιν
1361 482 1381 565 η
1405 482 1503 564 είμαρ·

254 583 343 667 μένη,
370 585 436 669 περὶ
458 583 478 646 ἀ
500 585 547 647 καὶ
570 585 603 646 τὸ
625 582 674 668 ἐφ’
702 585 786 667 ἡμῖν,
813 584 889 647 ἀλλά
910 584 981 648 ἀλλο
1003 584 1036 667 γέ
1063 584 1124 648 ἐστι
1145 587 1197 646 τοῦ
1220 581 1268 667 ἐφ’
1295 585 1376 666 ἡμῖν.
1420 583 1504 668 ἀφαι-

253 687 351 770 ρετέον
374 686 431 772 ἀρα
452 692 505 770 τῆς
526 686 704 772 εἱμαρμένης
730 687 777 749 καί
799 692 858 750 τῶν
881 687 911 749 ἐν
934 687 1044 769 γενέσει
1070 686 1106 750 τὰ
1127 683 1280 770 γιγνόμενα
1301 685 1375 749 κατὰ
1396 685 1504 771 τέχνην

251 813 283 851 τε
305 791 353 852 καὶ
375 791 549 875 προαίρεσιν.
593 790 703 853 τούτων
727 788 753 852 δ’
773 789 973 874 ἀφῃρημένων
995 790 1095 853 λοιπὸν
1118 788 1317 852 καταλείπεται
1337 793 1436 859 ταῦτα,
1460 789 1504 858 οἷς

224 893 271 974 οη
293 892 379 976 φύσις
400 897 452 977 τῆς
479 892 621 975 γενέσεως
647 892 732 971 αἰτία,
766 891 797 953 ἐν
824 891 868 959 οἱς
897 892 934 973 δὴ
957 892 1003 954 καὶ
1027 894 1109 954 δοκεῖ
1127 892 1311 955 δυναστεύειν
1333 892 1366 954 πδ
1388 896 1442 975 τῆς
1464 892 1545 954 εἱ-εο

253 974 410 1079 μαρμένης.
453 996 481 1058 εἰ
506 997 561 1080 γάρ
587 1019 630 1064 τις
655 994 813 1077 ἐπιστήσας
839 994 981 1066 ἐξετάζειν
1011 995 1142 1079 βούλοιτο
1169 993 1220 1063 τὰς
1246 992 1331 1063 δὺΕας
1357 993 1409 1062 τάς
1436 995 1503 1078 περὶ

251 1103 304 1181 τῆς
326 1097 503 1182 εἱμαρμένης
526 1096 789 1183 καταβεβλημένας,
811 1096 845 1159 οδ
868 1098 933 1180 περὶ
955 1094 1030 1160 ἀλλα
1051 1098 1122 1171 τινά,
1151 1097 1219 1160 οὐδὲ
1241 1096 1272 1159 ἐν
1294 1095 1392 1165 ἄλλοις
1413 1096 1504 1166 αὑτὰς

252 1200 370 1286 εὑρήσει
391 1201 444 1284 τὴν
467 1199 644 1285 εἱμαρμένην
660 1200 797 1275 τιθείσας,
820 1197 885 1262 ἀλλ’
905 1199 936 1261 ἐν
958 1203 1018 1268 τοῖς
1038 1200 1197 1282 γινομένοις
1212 1199 1308 1284 φύσει,
1331 1200 1504 1263 καὶτούτων

253 1305 377 1385 μαλιστα
398 1303 429 1365 ἐν
451 1327 490 1387 τη
513 1307 571 1366 τῶν
595 1299 683 1387 ζηίων
706 1303 754 1364 καλ
776 1305 834 1364 τῶν
856 1301 890 1364 ἐκ
913 1301 1090 1385 συγκρίσεων
1113 1304 1171 1363 τῶν
1194 1300 1224 1364 ἐν
1239 1302 1362 1384 γενέσει·
1397 1302 1431 1365 οὑ
1446 1301 1503 1387 γὰρ

212 1422 238 1466 10
251 1407 283 1470 τδ
306 1408 358 1490 τὴν
380 1411 438 1470 τῶν
462 1405 614 1492 στοιχείων
637 1406 679 1474 είς
701 1404 815 1488 ἄλληλα
837 1404 999 1488 μεταβολὴν
1022 1401 1090 1492 καθ’
1110 1404 1287 1488 εἱμαρμένην
1308 1405 1439 1487 γίνεσθαι
1457 1404 1503 1468 λέ-

252 1534 311 1593 γειν
335 1510 411 1572 πάνυ
433 1534 461 1572 τι
484 1508 616 1592 σύνηθες.
662 1506 744 1576 ὄντος
765 1507 857 1570 τοίνυν
880 1511 930 1570 τοὺ
953 1504 1022 1569 καθ’
1050 1506 1226 1591 εἱμαρμένην
1249 1508 1279 1569 ἐν
1302 1509 1346 1577 οἷς
1368 1507 1503 1592 προειρή-

252 1636 352 1693 καμεν,
376 1615 423 1676 καὶ
445 1613 547 1676 τούτου
573 1612 719 1696 γνωρίμου
746 1609 906 1696 γεγονότος,
934 1608 1094 1673 ἀκόλουθον
1121 1608 1226 1693 ἀνείη
1250 1610 1322 1693 μετὰ
1346 1615 1431 1674 τοῦτο
1454 1615 1542 1692 ζη-εε

252 1721 348 1797 τῆσαι,
371 1715 491 1800 πὺτερον
514 1713 642 1777 τοιοὺτύν
664 1715 740 1779 ἐστιν
763 1718 804 1783 ὡς
826 1711 980 1795 ἀναγκαῖόν
1002 1712 1103 1775 τεκαὶ
1126 1712 1312 1798 ἀπαράβατον
1335 1712 1407 1776 εἶναι
1429 1713 1504 1777 κατά

251 1819 300 1881 τὸν
323 1819 445 1903 ποιητὴν
467 1818 517 1880 τὸν
538 1816 670 1900 λέγοντα·

213 1937 239 1981 15
416 1924 518 2004 μοῖραν
539 1919 566 1982 δ’
594 1918 628 1982 ού
650 1919 714 1982 τινά
735 1942 810 2003 φημι
833 1919 1015 2003 πεφυγμένον
1038 1916 1160 2001 ἔμμεναι
1183 1918 1306 2002 ἀνδρῶν,

414 2022 447 2085 οδ
471 2023 558 2085 κακδν
581 2022 649 2086 οὐδὲ
672 2023 723 2104 μὲν
746 2020 863 2098 ἐσθλόν,
886 2022 959 2104 ἐπὴν
982 2019 1018 2084 τά
1040 2027 1142 2105 πρῶτα
1164 2020 1289 2104 γένηται.

253 2129 272 2211 ἢ
295 2131 423 2198 τοιοῦτον
452 2125 512 2187 οἷον
535 2125 583 2187 καὶ
609 2123 853 2208 παραβαίνεσθαι,
881 2124 929 2187 καὶ
952 2125 993 2207 μὴ
1016 2125 1111 2207 πάντη
1134 2124 1167 2186 τδ
1190 2127 1343 2207 ἀναγκαῖον
1367 2121 1448 2210 ἔχειν
1471 2124 1503 2186 ἐν

251 2232 342 2313 αὑτῇ.
387 2230 420 2292 ἐκ
443 2230 495 2311 μὲν
523 2226 572 2291 οὑν
599 2231 652 2310 τῆς
674 2232 772 2309 κοινῆς
797 2231 855 2289 τῶν
878 2226 1042 2310 ἀνθρώπων
1071 2227 1136 2310 περὶ
1165 2228 1250 2290 τοῦδε
1276 2228 1399 2310 κρίσεως
1425 2227 1505 2292 οὐδέ·

250 2355 330 2415 τερον
354 2329 464 2416 ἔχομεν
487 2331 617 2416 βεβαίως
638 2330 746 2392 τούτων
768 2329 929 2410 τιθέμενον.
974 2328 1043 2391 ποτὲ
1067 2331 1117 2411 μέν
1139 2329 1194 2413 γὰρ
1211 2330 1244 2392 τδ
1260 2335 1312 2413 τῆς
1326 2329 1504 2413 εἱμαρμένης

210 2450 237 2494 20
251 2435 386 2516 ὑμνοῦσιν
411 2438 452 2502 ὡς
474 2435 642 2516 ἀναγκαῖον,
666 2433 735 2495 ποτὲ
757 2433 789 2495 δὲ
813 2432 846 2494 οὑ
868 2435 962 2516 πάντη
985 2433 1037 2514 τὴν
1054 2432 1206 2518 συνέχειαν
1229 2432 1320 2516 αὐτῆς
1337 2433 1545 2496 πιστεύουσιιο

251 2540 365 2607 σώζειν.
409 2537 533 2620 καὶγὰρ
558 2538 584 2599 οἱ
608 2535 655 2598 διὰ
677 2541 734 2598 τῶν
757 2533 851 2618 λύγων
879 2535 951 2619 ὑπὲρ
973 2536 1064 2619 αὐτῆς
1089 2539 1130 2605 ὡς
1157 2534 1246 2619 οὔσης
1268 2536 1424 2618 ἀναγκαίας
1445 2538 1504 2600 δια·
1586 2530 1590 2536 ’

252 2638 409 2721 τεινάμενοι
443 2638 555 2724 σφόδρα
588 2639 636 2700 καὶ
669 2638 762 2699 πάντα
795 2637 977 2706 ἀνατιθέντες
1007 2638 1082 2722 αὑτῇ
1116 2639 1146 2701 ἐν
1174 2643 1236 2707 ταῖς
1261 2638 1334 2701 κατὰ
1361 2638 1409 2701 τδν
1443 2638 1504 2724 βίον

252 2742 386 2826 πράξεσιν
409 2742 462 2805 οὐκ
484 2742 609 2804 ἐοίκασιν
632 2739 965 2823 αὑτῇπεπιστευκέναι·
999 2741 1092 2826 τύχην
1115 2745 1182 2824 γοῦν
1205 2742 1342 2810 πολλάκις
1364 2741 1505 2827 ἐπιβοῶν·

252 2869 311 2916 ται,
343 2844 433 2929 ἀλλην
461 2846 667 2927 ὁμολογοῦντες
693 2842 766 2905 εἱναι
795 2844 901 2924 ταύτην
928 2843 1019 2905 αἰτίαν
1052 2849 1104 2926 τῆς
1131 2842 1320 2928 εἱμαρμένης·
1354 2845 1429 2908 ἀλλά
1456 2846 1504 2908 καὶ

211 2963 238 3008 ‘25
252 2953 311 3016 τοῖς
334 2948 412 3016 θεοῖς
434 2947 468 3010 οὑ
491 2947 683 3010 διαλείπουσιν
711 2941 876 3029 εὑγὺμενοι,
907 2949 947 3014 ὡς
970 2945 1131 3029 δυναμένου
1159 2948 1234 3015 τινὸς
1257 2945 1305 3009 ὑπ’
1332 2947 1427 3010 αὑτῶν
1455 2947 1503 3011 διὰ

255 3050 306 3118 τὰς
327 3050 419 3134 εὑχάς
439 3047 575 3132 γενέσθαι
597 3050 645 3111 καὶ
667 3049 745 3132 παρὰ
768 3051 819 3130 τὴν
842 3048 1031 3131 εἱμαρμένην·
1067 3050 1142 3112 ἀλλὰ
1165 3050 1211 3112 καί
1235 3050 1420 3133 βουλεύονται
1434 3053 1500 3135 περὶ
1513 3066 1541 3110 4⁵

257 3158 314 3215 τῶν
343 3151 492 3237 πρακτέων
520 3152 627 3226 αὑτοῖς,
656 3150 747 3213 καίτοι
775 3152 822 3212 καὶ
849 3155 939 3214 ταῦτα
965 3150 1032 3215 καθ’
1060 3152 1236 3236 εἱμαρμένην
1263 3151 1334 3215 εἶναι
1361 3153 1503 3236 λέγοντες,

255 3257 302 3317 καὶ
327 3256 509 3340 συμβούλους
531 3256 745 3338 παρακαλοῦσιν
768 3255 815 3316 καὶ
838 3255 981 3335 μαντείαις
1003 3254 1055 3317 οὑκ
1078 3255 1193 3317 ὀκνοῦσι
1216 3256 1354 3339 χρῆσθαι,
1380 3259 1421 3325 ὡς
1439 3257 1504 3320 ἐνδν

254 3357 359 3435 αὐτοῖς,
381 3358 408 3421 εἰ
430 3358 618 3441 προμάθοιεν,
641 3355 824 3440 φυλάξασθαί
844 3380 869 3418 τι
891 3361 949 3419 τῶν
972 3357 1163 3440 είμαρμένων.
1208 3357 1272 3420 ἐπεὶ
1294 3359 1327 3421 δὲ
1349 3357 1427 3422 οὑτοι
1450 3360 1502 3441 μὲν

215 3478 241 3520 ³0
256 3463 353 3530 αὑτοῖς
374 3461 589 3545 περιπίπτουσιν
622 3460 686 3543 περὶ
709 3458 744 3520 τὰ
775 3458 893 3541 μέγιστοι
919 3464 1053 3543 φανερῶς
1079 3460 1171 3529 οὑτως
1199 3462 1356 3545 διαφωνίαν
1384 3459 1503 3546 ἔχοντες

252 3564 484 3646 (ἀπιθανώταται
505 3567 574 3644 γοῦν
597 3562 667 3624 εἰσιν
691 3561 787 3624 αὑτῶν
810 3562 841 3622 αἱ
863 3561 934 3644 πρὸς
955 3562 1008 3644 τὴν
1029 3563 1139 3626 τούτων
1163 3565 1334 3648 συμφωνίαν
1357 3565 1504 3648 εὑρησιλο

254 3667 335 3750 γίαι),
363 3668 446 3728 δοκεῖ
470 3666 501 3727 δὲ
524 3665 554 3726 έν
576 3668 635 3732 τοῖς
657 3664 687 3726 ἐν
710 3664 819 3747 γενέσει
842 3663 889 3725 καὶ
911 3665 1010 3748 φθορᾷ
1033 3666 1081 3727 κοιλ
1107 3667 1139 3728 τὸ
1162 3665 1353 3750 ἐνδεχόμενον
1376 3666 1459 3741 εἶναι,
1487 3667 1503 3730 δ

254 3774 303 3831 τοῦ
328 3770 417 3851 μηδὲν
441 3769 603 3850 ἀναγκαίως
625 3767 655 3828 ἐν
677 3767 788 3834 τούτοις
810 3766 841 3827 ἐν
864 3766 907 3834 οἷς
930 3765 963 3828 ἀν
983 3791 1004 3849 η
1028 3768 1175 3850 γίγνεσθαι
1196 3768 1285 3832 αἴτιὺν
1312 3769 1398 3846 ἐστιν,
1421 3769 1501 3839 άΕιύν
1514 3785 1543 3828 σο

256 3872 331 3934 ἐστιν
354 3873 507 3955 ἐπιστῆσαι
528 3871 593 3954 περὶ
616 3871 715 3943 τοῦδε,
747 3867 806 3931 εἴτε
828 3866 903 3931 ἔστιν
927 3868 984 3931 εἴτε
1013 3869 1063 3951 μή.
1108 3871 1180 3954 αύτη
1207 3872 1261 3956 γὰρ
1289 3873 1308 3955 ἡ
1335 3872 1420 3956 φύσις
1446 3873 1503 3958 ὑρι-

214 3977 359 4038 Ικτισθεῖσα
381 3974 452 4058 πρὸς
473 3974 506 4035 τὸ
533 3973 585 4056 τὴν
606 3976 659 4055 τῆς
681 3971 857 4056 εἱμαρμένης
883 3971 980 4034 οὐσίαν
1007 3972 1100 4055 εὑρεῖν
1124 3974 1192 4055 ἡμῖν
1220 3975 1253 4036 τὸ
1278 3974 1409 4057 μέγιστον
1434 3996 1502 4058 συμ-

202 4150 243 4155 ..-
249 4147 601 4154 -.-—..-——--

205 4249 215 4301 l
236 4246 315 4299 ταὺτά
334 4246 385 4298 Va:
404 4249 483 4298 ταῦτα
501 4247 563 4298 HK:
581 4247 613 4298 τὰ
630 4245 694 4299 αὑτὰ
713 4247 732 4301 0
856 4249 872 4300 3
890 4249 982 4318 τέχνην
1000 4266 1027 4299 τε
1046 4264 1095 4300 om.
1115 4248 1135 4300 C
1258 4251 1274 4301 4
1293 4269 1320 4302 τε
1339 4267 1389 4303 om.
1409 4251 1449 4303 Ka

201 4334 267 4404 ὑδη
289 4334 410 4386 vlcha:
430 4331 456 4384 δέ
474 4332 553 4385 Orelli
659 4334 676 4386 8
693 4334 841 4407 ἡμαρμίνην
859 4352 875 4388 ιι
974 4335 1026 4388 ἀλλ’
1048 4336 1073 4387 ἐν
1091 4337 1192 4388 VHKa:
1212 4339 1256 4389 καλ
1273 4338 1338 4391 eve
1444 4340 1475 4390 12
1494 4341 1558 4406 μετὰ

201 4421 291 4474 τούτου
310 4421 389 4473 Orelli
498 4419 528 4472 13
547 4439 574 4472 τε
592 4419 652 4473 εἶναι
670 4424 713 4474 καλ
731 4423 892 4494 ἀπαράβατον
912 4424 934 4474 11
1044 4425 1074 4474 11
1093 4423 1136 4474 τὸν
1155 4426 1272 4494 ποιητὴν]
1293 4427 1366 4478 Hom.
1386 4427 1415 4478 11.
1429 4426 1508 4489 6,488

205 4510 234 4561 16
254 4508 295 4561 ἐπ’
315 4507 346 4578 ἢν
366 4509 386 4560 V
489 4506 520 4557 18
538 4506 602 4577 αὑτῇ
622 4509 712 4562 Orelli:
731 4511 797 4583 αὑπη
817 4511 927 4564 11111ου
1025 4509 1084 4563 τάδε
1103 4511 1181 4563 Orelli
1279 4514 1314 4566 ‘20
1331 4513 1410 4582 αὑτῆς
1428 4514 1459 4566 C:
1478 4513 1558 4583 αὑτὴν

203 4596 293 4648 VKHa
398 4593 431 4644 22
450 4592 605 4654 ἀνατιθέντες
624 4611 688 4648 corr.
706 4613 746 4649 ex.
765 4598 909 4667 ἀναγκαίως
928 4600 950 4651 Κ
1057 4598 1090 4650 26
1109 4600 1153 4650 καὶ
1170 4605 1232 4652 ante
1250 4601 1317 4672 παρὰ
1335 4616 1384 4653 om.
1403 4603 1427 4654 11
1446 4603 1525 4655 Orelli

202 4683 235 4735 28
254 4681 307 4734 ἐνὸν
326 4681 424 4734 HKGa:
443 4680 502 4749 έμδν
521 4683 544 4735 V
666 4683 699 4734 ‘29
718 4684 739 4735 εί
758 4684 864 4736 VHKC:
883 4685 899 4736 ἀ
918 4703 945 4737 a:
963 4685 994 4737 ἂν
1012 4703 1054 4738 ox.
1073 4687 1141 4737 vict.
1263 4689 1298 4741 30
1315 4688 1399 4746 αὑτοῖς
1419 4689 1454 4741 V:
1474 4688 1559 4747 αὑτοῖς

203 4769 291 4822 KHGa
396 4768 427 4821 31
449 4767 625 4841 εὑρησιιλογίαι
643 4772 679 4823 V:
699 4769 857 4841 εὑρεσιλογίαι
875 4789 891 4824 τι
997 4773 1030 4825 32
1048 4779 1099 4830 τοῖς
1117 4774 1208 4841 γενέσει
1227 4773 1246 4827 C
1352 4775 1386 4828 34
1404 4773 1477 4846 φύσιν
1495 4794 1512 4830 ιι

203 4871 319 4985 δριέθεισα
338 4911 372 4961 ιιι1
385 4911 418 4961 V:
437 4907 559 4985 ὑρισθιῖσα
578 4911 656 4963 Kfla:
676 4909 815 4984 δραισθεῖσα
835 4914 854 4968 C
961 4913 994 4968 35
1013 4915 1044 4967 τὰ
1066 4913 1168 4983 μέγιστα
1187 4913 1266 4967 Orelli
