<?xml version="1.0" encoding="UTF-8"?>
<!DOCTYPE html PUBLIC "-//W3C//DTD XHTML 1.0 Transitional//EN"
    "http://www.w3.org/TR/xhtml1/DTD/xhtml1-transitional.dtd">
<html xmlns="http://www.w3.org/1999/xhtml" xml:lang="en" lang="en">
 <head>
  <title>
</title>
<meta http-equiv="Content-Type" content="text/html;charset=utf-8" />
  <meta name='ocr-system' content='tesseract 3.04.00' />
  <meta name='ocr-capabilities' content='ocr_page ocr_carea ocr_par ocr_line ocrx_word'/>
</head>
<body>
  <div class='ocr_page' id='page_1' title='image "./supplementumari02arisgoog/supplementumari02arisgoog_0174.png"; bbox 0 0 3540 5610; ppageno 0'>
   <div class='ocr_carea' id='block_1_1' title="bbox 626 325 1551 400">
    <p class='ocr_par' dir='ltr' id='par_1_1' title="bbox 626 325 1551 400">
     <span class='ocr_line' id='line_1_1' title="bbox 626 325 1551 400; baseline 0.021 -25"><span class='ocrx_word' id='word_1_1' title='bbox 626 325 698 398; x_wconf 77' lang='grc' dir='ltr'>,[ΒΕ</span> <span class='ocrx_word' id='word_1_2' title='bbox 721 329 831 384; x_wconf 81' lang='grc' dir='ltr'>ΑΝΙΜΑ</span> <span class='ocrx_word' id='word_1_3' title='bbox 856 328 958 384; x_wconf 82' lang='lat' dir='ltr'>LIBER</span> <span class='ocrx_word' id='word_1_4' title='bbox 982 330 1107 400; x_wconf 78' lang='lat' dir='ltr'>ALTER]</span> <span class='ocrx_word' id='word_1_5' title='bbox 1492 331 1551 394; x_wconf 74' lang='grc'>14]</span> 
     </span>
    </p>
   </div>
   <div class='ocr_carea' id='block_1_2' title="bbox 205 491 1568 3063">
    <p class='ocr_par' dir='ltr' id='par_1_2' title="bbox 205 491 1568 3063">
     <span class='ocr_line' id='line_1_2' title="bbox 250 491 1541 588; baseline -0.004 -23"><span class='ocrx_word' id='word_1_6' title='bbox 250 501 334 572; x_wconf 87' lang='grc' dir='ltr'>θείας</span> <span class='ocrx_word' id='word_1_7' title='bbox 356 503 440 574; x_wconf 90' lang='grc' dir='ltr'>τινός.</span> <span class='ocrx_word' id='word_1_8' title='bbox 474 505 538 568; x_wconf 81' lang='grc' dir='ltr'>ἐπεὶ</span> <span class='ocrx_word' id='word_1_9' title='bbox 558 504 613 588; x_wconf 87' lang='grc' dir='ltr'>γὰρ</span> <span class='ocrx_word' id='word_1_10' title='bbox 635 508 693 567; x_wconf 84' lang='grc' dir='ltr'>τῶν</span> <span class='ocrx_word' id='word_1_11' title='bbox 716 503 872 587; x_wconf 84' lang='grc' dir='ltr'>ὁρωμένων</span> <span class='ocrx_word' id='word_1_12' title='bbox 894 503 990 588; x_wconf 86' lang='grc' dir='ltr'>ήρέμα</span> <span class='ocrx_word' id='word_1_13' title='bbox 1013 505 1064 587; x_wconf 87' lang='grc' dir='ltr'>μὲν</span> <span class='ocrx_word' id='word_1_14' title='bbox 1086 506 1165 587; x_wconf 82' lang='grc' dir='ltr'>ήμᾶς</span> <span class='ocrx_word' id='word_1_15' title='bbox 1187 504 1222 567; x_wconf 85' lang='grc' dir='ltr'>τδι</span> <span class='ocrx_word' id='word_1_16' title='bbox 1245 502 1396 587; x_wconf 89' lang='grc' dir='ltr'>πόρρωθεν</span> <span class='ocrx_word' id='word_1_17' title='bbox 1418 491 1541 577; x_wconf 70' lang='grc' dir='ltr'>κινεῖ,’το</span> 
     </span>
     <span class='ocr_line' id='line_1_3' title="bbox 250 606 1500 691; baseline 0.001 -23"><span class='ocrx_word' id='word_1_18' title='bbox 250 606 387 689; x_wconf 77' lang='grc' dir='ltr'>σφοδρῶς</span> <span class='ocrx_word' id='word_1_19' title='bbox 410 608 442 671; x_wconf 81' lang='grc' dir='ltr'>δὲ</span> <span class='ocrx_word' id='word_1_20' title='bbox 463 607 501 670; x_wconf 82' lang='grc' dir='ltr'>τὰ</span> <span class='ocrx_word' id='word_1_21' title='bbox 522 607 619 689; x_wconf 78' lang='grc' dir='ltr'>ἐγγύς,</span> <span class='ocrx_word' id='word_1_22' title='bbox 645 607 692 670; x_wconf 81' lang='grc' dir='ltr'>διὰ</span> <span class='ocrx_word' id='word_1_23' title='bbox 714 612 767 690; x_wconf 80' lang='grc' dir='ltr'>τής</span> <span class='ocrx_word' id='word_1_24' title='bbox 789 608 853 691; x_wconf 82' lang='grc' dir='ltr'>περὶ</span> <span class='ocrx_word' id='word_1_25' title='bbox 876 607 911 670; x_wconf 83' lang='grc' dir='ltr'>τὰ</span> <span class='ocrx_word' id='word_1_26' title='bbox 933 612 1050 671; x_wconf 89' lang='grc' dir='ltr'>τοιαῦτα</span> <span class='ocrx_word' id='word_1_27' title='bbox 1073 607 1230 691; x_wconf 76' lang='grc' dir='ltr'>συνηθείας</span> <span class='ocrx_word' id='word_1_28' title='bbox 1251 606 1287 669; x_wconf 87' lang='grc' dir='ltr'>τὰ</span> <span class='ocrx_word' id='word_1_29' title='bbox 1311 606 1362 689; x_wconf 82' lang='grc' dir='ltr'>μὲν</span> <span class='ocrx_word' id='word_1_30' title='bbox 1384 606 1500 691; x_wconf 85' lang='grc' dir='ltr'>ἀχλυω·</span> 
     </span>
     <span class='ocr_line' id='line_1_4' title="bbox 250 707 1501 794; baseline 0.001 -23"><span class='ocrx_word' id='word_1_31' title='bbox 250 707 373 793; x_wconf 83' lang='grc' dir='ltr'>δέσπερα</span> <span class='ocrx_word' id='word_1_32' title='bbox 394 709 553 793; x_wconf 74' lang='grc' dir='ltr'>φαινόμενα</span> <span class='ocrx_word' id='word_1_33' title='bbox 569 710 669 793; x_wconf 89' lang='grc' dir='ltr'>πόρρω</span> <span class='ocrx_word' id='word_1_34' title='bbox 689 711 801 793; x_wconf 85' lang='grc' dir='ltr'>ήγεῖται</span> <span class='ocrx_word' id='word_1_35' title='bbox 822 709 905 784; x_wconf 79' lang='grc' dir='ltr'>εἶναι,</span> <span class='ocrx_word' id='word_1_36' title='bbox 926 711 961 773; x_wconf 85' lang='grc' dir='ltr'>τὰ</span> <span class='ocrx_word' id='word_1_37' title='bbox 984 710 1016 774; x_wconf 82' lang='grc' dir='ltr'>δὲ</span> <span class='ocrx_word' id='word_1_38' title='bbox 1036 708 1219 794; x_wconf 81' lang='grc' dir='ltr'>εύσήμότερα</span> <span class='ocrx_word' id='word_1_39' title='bbox 1241 710 1288 772; x_wconf 85' lang='grc' dir='ltr'>καὶ</span> <span class='ocrx_word' id='word_1_40' title='bbox 1312 708 1501 794; x_wconf 79' lang='grc' dir='ltr'>ἐναργέστερα</span> 
     </span>
     <span class='ocr_line' id='line_1_5' title="bbox 251 809 1500 898; baseline -0.002 -23"><span class='ocrx_word' id='word_1_41' title='bbox 251 809 346 892; x_wconf 78' lang='grc' dir='ltr'>ἐγγύς.</span> <span class='ocrx_word' id='word_1_42' title='bbox 380 812 413 875; x_wconf 88' lang='grc' dir='ltr'>τδ</span> <span class='ocrx_word' id='word_1_43' title='bbox 435 813 468 874; x_wconf 78' lang='grc' dir='ltr'>δὲ</span> <span class='ocrx_word' id='word_1_44' title='bbox 490 810 560 874; x_wconf 85' lang='grc' dir='ltr'>αύτδ</span> <span class='ocrx_word' id='word_1_45' title='bbox 581 813 686 894; x_wconf 86' lang='grc' dir='ltr'>γίνεται</span> <span class='ocrx_word' id='word_1_46' title='bbox 708 813 841 896; x_wconf 79' lang='grc' dir='ltr'>καὶπερὶ</span> <span class='ocrx_word' id='word_1_47' title='bbox 863 812 914 896; x_wconf 80' lang='grc' dir='ltr'>τήν</span> <span class='ocrx_word' id='word_1_48' title='bbox 938 814 1038 898; x_wconf 86' lang='grc' dir='ltr'>φωνήν</span> <span class='ocrx_word' id='word_1_49' title='bbox 1061 813 1158 875; x_wconf 84' lang='grc' dir='ltr'>τεκαὶ</span> <span class='ocrx_word' id='word_1_50' title='bbox 1182 813 1234 895; x_wconf 81' lang='grc' dir='ltr'>τὴν</span> <span class='ocrx_word' id='word_1_51' title='bbox 1258 812 1362 895; x_wconf 86' lang='grc' dir='ltr'>ἀκοήν·</span> <span class='ocrx_word' id='word_1_52' title='bbox 1386 812 1430 875; x_wconf 84' lang='grc' dir='ltr'>διδ</span> <span class='ocrx_word' id='word_1_53' title='bbox 1452 811 1500 875; x_wconf 83' lang='grc' dir='ltr'>καὶ</span> 
     </span>
     <span class='ocr_line' id='line_1_6' title="bbox 220 912 1502 999; baseline 0.002 -27"><span class='ocrx_word' id='word_1_54' title='bbox 220 912 280 974; x_wconf 74' lang='lat'>501</span> <span class='ocrx_word' id='word_1_55' title='bbox 305 914 476 998; x_wconf 89' lang='grc' dir='ltr'>μιμούμενοι</span> <span class='ocrx_word' id='word_1_56' title='bbox 502 916 569 984; x_wconf 86' lang='grc' dir='ltr'>τοῦς</span> <span class='ocrx_word' id='word_1_57' title='bbox 590 914 689 999; x_wconf 89' lang='grc' dir='ltr'>πόρρω</span> <span class='ocrx_word' id='word_1_58' title='bbox 719 913 803 984; x_wconf 87' lang='grc' dir='ltr'>όντας</span> <span class='ocrx_word' id='word_1_59' title='bbox 824 916 934 999; x_wconf 76' lang='grc' dir='ltr'>ἀδρανῆ</span> <span class='ocrx_word' id='word_1_60' title='bbox 961 917 1014 998; x_wconf 79' lang='grc' dir='ltr'>τὴν</span> <span class='ocrx_word' id='word_1_61' title='bbox 1038 915 1137 998; x_wconf 76' lang='grc' dir='ltr'>φωνήν</span> <span class='ocrx_word' id='word_1_62' title='bbox 1164 916 1316 999; x_wconf 91' lang='grc' dir='ltr'>προίενται.</span> <span class='ocrx_word' id='word_1_63' title='bbox 1361 914 1502 997; x_wconf 86' lang='grc' dir='ltr'>κινήσεως</span> 
     </span>
     <span class='ocr_line' id='line_1_7' title="bbox 249 1015 1501 1103; baseline -0.001 -24"><span class='ocrx_word' id='word_1_64' title='bbox 249 1017 285 1079; x_wconf 81' lang='grc' dir='ltr'>δέ</span> <span class='ocrx_word' id='word_1_65' title='bbox 308 1016 476 1080; x_wconf 81' lang='grc' dir='ltr'>αἰσθάνεται</span> <span class='ocrx_word' id='word_1_66' title='bbox 499 1021 541 1102; x_wconf 75' lang='grc' dir='ltr'>τῷ</span> <span class='ocrx_word' id='word_1_67' title='bbox 559 1016 754 1102; x_wconf 85' lang='grc' dir='ltr'>διαστήματός</span> <span class='ocrx_word' id='word_1_68' title='bbox 775 1042 807 1081; x_wconf 91' lang='grc' dir='ltr'>τε</span> <span class='ocrx_word' id='word_1_69' title='bbox 822 1020 870 1082; x_wconf 79' lang='grc' dir='ltr'>κοιλ</span> <span class='ocrx_word' id='word_1_70' title='bbox 894 1020 1099 1103; x_wconf 70' lang='grc' dir='ltr'>ἀποστήματος</span> <span class='ocrx_word' id='word_1_71' title='bbox 1121 1019 1322 1082; x_wconf 84' lang='grc' dir='ltr'>αἰσθάνεσθαι.</span> <span class='ocrx_word' id='word_1_72' title='bbox 1357 1016 1425 1080; x_wconf 85' lang='grc' dir='ltr'>όταν</span> <span class='ocrx_word' id='word_1_73' title='bbox 1447 1015 1501 1100; x_wconf 83' lang='grc' dir='ltr'>γὰρ</span> 
     </span>
     <span class='ocr_line' id='line_1_8' title="bbox 250 1112 1502 1205; baseline 0 -24"><span class='ocrx_word' id='word_1_74' title='bbox 250 1117 319 1201; x_wconf 84' lang='grc' dir='ltr'>ήτοι</span> <span class='ocrx_word' id='word_1_75' title='bbox 344 1118 415 1203; x_wconf 85' lang='grc' dir='ltr'>πρός</span> <span class='ocrx_word' id='word_1_76' title='bbox 441 1143 468 1182; x_wconf 92' lang='grc' dir='ltr'>τι</span> <span class='ocrx_word' id='word_1_77' title='bbox 495 1112 653 1204; x_wconf 82' lang='grc' dir='ltr'>ὡρισμένον</span> <span class='ocrx_word' id='word_1_78' title='bbox 682 1114 702 1204; x_wconf 82' lang='grc' dir='ltr'>ή</span> <span class='ocrx_word' id='word_1_79' title='bbox 734 1121 774 1203; x_wconf 78' lang='grc' dir='ltr'>μὴ</span> <span class='ocrx_word' id='word_1_80' title='bbox 802 1120 855 1203; x_wconf 78' lang='grc' dir='ltr'>τὴν</span> <span class='ocrx_word' id='word_1_81' title='bbox 882 1119 972 1204; x_wconf 79' lang='grc' dir='ltr'>αὐτὴν</span> <span class='ocrx_word' id='word_1_82' title='bbox 1000 1117 1069 1205; x_wconf 86' lang='grc' dir='ltr'>ἔχον</span> <span class='ocrx_word' id='word_1_83' title='bbox 1096 1122 1242 1184; x_wconf 86' lang='grc' dir='ltr'>διάστασιν</span> <span class='ocrx_word' id='word_1_84' title='bbox 1269 1120 1405 1204; x_wconf 80' lang='grc' dir='ltr'>φαίνηταί</span> <span class='ocrx_word' id='word_1_85' title='bbox 1429 1142 1456 1181; x_wconf 95' lang='grc' dir='ltr'>τι</span> <span class='ocrx_word' id='word_1_86' title='bbox 1482 1117 1502 1200; x_wconf 77' lang='grc' dir='ltr'><strong>ἢ</strong></span> 
     </span>
     <span class='ocr_line' id='line_1_9' title="bbox 250 1220 1556 1307; baseline -0.003 -25"><span class='ocrx_word' id='word_1_87' title='bbox 250 1222 325 1305; x_wconf 80' lang='grc' dir='ltr'>πρὸς</span> <span class='ocrx_word' id='word_1_88' title='bbox 346 1221 437 1304; x_wconf 76' lang='grc' dir='ltr'>αὐτὴν</span> <span class='ocrx_word' id='word_1_89' title='bbox 459 1222 512 1304; x_wconf 79' lang='grc' dir='ltr'>τὴν</span> <span class='ocrx_word' id='word_1_90' title='bbox 533 1220 598 1307; x_wconf 86' lang='grc' dir='ltr'>όψιν</span> <span class='ocrx_word' id='word_1_91' title='bbox 622 1225 662 1306; x_wconf 84' lang='grc' dir='ltr'>μὴ</span> <span class='ocrx_word' id='word_1_92' title='bbox 684 1223 737 1306; x_wconf 81' lang='grc' dir='ltr'>τὴν</span> <span class='ocrx_word' id='word_1_93' title='bbox 757 1222 847 1306; x_wconf 84' lang='grc' dir='ltr'>αύτήν</span> <span class='ocrx_word' id='word_1_94' title='bbox 872 1223 1039 1298; x_wconf 84' lang='grc' dir='ltr'>ἀπόστασιν,</span> <span class='ocrx_word' id='word_1_95' title='bbox 1063 1222 1126 1306; x_wconf 87' lang='grc' dir='ltr'>ήτοι</span> <span class='ocrx_word' id='word_1_96' title='bbox 1150 1225 1190 1305; x_wconf 79' lang='grc' dir='ltr'>μὴ</span> <span class='ocrx_word' id='word_1_97' title='bbox 1216 1222 1219 1307; x_wconf 79' lang='grc' dir='ltr'>Ι</span> <span class='ocrx_word' id='word_1_98' title='bbox 1244 1223 1411 1304; x_wconf 79' lang='grc' dir='ltr'>κινουμένου</span> <span class='ocrx_word' id='word_1_99' title='bbox 1434 1225 1484 1284; x_wconf 88' lang='grc' dir='ltr'>τοῦ</span> <span class='ocrx_word' id='word_1_100' title='bbox 1504 1236 1556 1280; x_wconf 64' lang='lat' dir='ltr'>mv</span> 
     </span>
     <span class='ocr_line' id='line_1_10' title="bbox 250 1323 1503 1411; baseline 0.002 -25"><span class='ocrx_word' id='word_1_101' title='bbox 250 1324 378 1407; x_wconf 82' lang='grc' dir='ltr'>δρῶντος</span> <span class='ocrx_word' id='word_1_102' title='bbox 400 1324 627 1407; x_wconf 78' lang='grc' dir='ltr'>ᾓλανθάνοντος</span> <span class='ocrx_word' id='word_1_103' title='bbox 649 1326 736 1388; x_wconf 85' lang='grc' dir='ltr'>αύτδν</span> <span class='ocrx_word' id='word_1_104' title='bbox 759 1323 803 1386; x_wconf 84' lang='grc' dir='ltr'>ότι</span> <span class='ocrx_word' id='word_1_105' title='bbox 822 1331 950 1400; x_wconf 82' lang='grc' dir='ltr'>κινεῖται,</span> <span class='ocrx_word' id='word_1_106' title='bbox 973 1324 1037 1388; x_wconf 91' lang='grc' dir='ltr'>τότε</span> <span class='ocrx_word' id='word_1_107' title='bbox 1060 1328 1101 1395; x_wconf 84' lang='grc' dir='ltr'>ὡς</span> <span class='ocrx_word' id='word_1_108' title='bbox 1116 1327 1281 1410; x_wconf 85' lang='grc' dir='ltr'>κινούμενον</span> <span class='ocrx_word' id='word_1_109' title='bbox 1305 1327 1360 1411; x_wconf 74' lang='grc' dir='ltr'>όρᾷ</span> <span class='ocrx_word' id='word_1_110' title='bbox 1382 1327 1414 1389; x_wconf 86' lang='grc' dir='ltr'>τὸ</span> <span class='ocrx_word' id='word_1_111' title='bbox 1431 1326 1503 1409; x_wconf 85' lang='grc' dir='ltr'>όρὼ-</span> 
     </span>
     <span class='ocr_line' id='line_1_11' title="bbox 205 1426 1504 1512; baseline 0.001 -24"><span class='ocrx_word' id='word_1_112' title='bbox 205 1440 237 1485; x_wconf 83' lang='grc'>10</span> <span class='ocrx_word' id='word_1_113' title='bbox 251 1449 349 1509; x_wconf 85' lang='grc' dir='ltr'>μενον.</span> <span class='ocrx_word' id='word_1_114' title='bbox 394 1426 472 1495; x_wconf 84' lang='grc' dir='ltr'>ὅλως</span> <span class='ocrx_word' id='word_1_115' title='bbox 493 1427 547 1511; x_wconf 86' lang='grc' dir='ltr'>γὰρ</span> <span class='ocrx_word' id='word_1_116' title='bbox 569 1432 620 1493; x_wconf 86' lang='grc' dir='ltr'>τοῦ</span> <span class='ocrx_word' id='word_1_117' title='bbox 649 1427 818 1509; x_wconf 81' lang='grc' dir='ltr'>κινουμένου</span> <span class='ocrx_word' id='word_1_118' title='bbox 845 1427 1014 1489; x_wconf 81' lang='grc' dir='ltr'>αἰσθάνεται</span> <span class='ocrx_word' id='word_1_119' title='bbox 1041 1432 1083 1512; x_wconf 71' lang='grc' dir='ltr'>τῷ</span> <span class='ocrx_word' id='word_1_120' title='bbox 1108 1427 1178 1512; x_wconf 88' lang='grc' dir='ltr'>πρός</span> <span class='ocrx_word' id='word_1_121' title='bbox 1204 1454 1230 1492; x_wconf 94' lang='grc' dir='ltr'>τι</span> <span class='ocrx_word' id='word_1_122' title='bbox 1258 1429 1342 1511; x_wconf 89' lang='grc' dir='ltr'>μένον</span> <span class='ocrx_word' id='word_1_123' title='bbox 1368 1428 1417 1491; x_wconf 86' lang='grc' dir='ltr'>καὶ</span> <span class='ocrx_word' id='word_1_124' title='bbox 1439 1430 1504 1511; x_wconf 85' lang='grc' dir='ltr'>ύιρι-</span> 
     </span>
     <span class='ocr_line' id='line_1_12' title="bbox 251 1528 1505 1616; baseline 0 -24"><span class='ocrx_word' id='word_1_125' title='bbox 251 1528 359 1610; x_wconf 85' lang='grc' dir='ltr'>σμένον</span> <span class='ocrx_word' id='word_1_126' title='bbox 381 1528 452 1592; x_wconf 82' lang='grc' dir='ltr'>αὐτὸ</span> <span class='ocrx_word' id='word_1_127' title='bbox 468 1530 635 1613; x_wconf 72' lang='grc' dir='ltr'>συγκρίνειν.</span> <span class='ocrx_word' id='word_1_128' title='bbox 673 1530 717 1593; x_wconf 91' lang='grc' dir='ltr'>διδ</span> <span class='ocrx_word' id='word_1_129' title='bbox 740 1531 868 1593; x_wconf 83' lang='grc' dir='ltr'>καὶτῶν</span> <span class='ocrx_word' id='word_1_130' title='bbox 892 1530 944 1611; x_wconf 87' lang='grc' dir='ltr'>μὲν</span> <span class='ocrx_word' id='word_1_131' title='bbox 967 1530 997 1592; x_wconf 84' lang='grc' dir='ltr'>ἐν</span> <span class='ocrx_word' id='word_1_132' title='bbox 1013 1531 1119 1614; x_wconf 81' lang='grc' dir='ltr'>ἀχανεῖ</span> <span class='ocrx_word' id='word_1_133' title='bbox 1140 1531 1313 1615; x_wconf 76' lang='grc' dir='ltr'>κινουμένων</span> <span class='ocrx_word' id='word_1_134' title='bbox 1336 1532 1441 1616; x_wconf 80' lang='grc' dir='ltr'>ἥκιστα</span> <span class='ocrx_word' id='word_1_135' title='bbox 1464 1534 1505 1599; x_wconf 83' lang='grc' dir='ltr'>ὡς</span> 
     </span>
     <span class='ocr_line' id='line_1_13' title="bbox 251 1631 1568 1718; baseline 0 -24"><span class='ocrx_word' id='word_1_136' title='bbox 251 1631 431 1715; x_wconf 80' lang='grc' dir='ltr'>κινουμένων</span> <span class='ocrx_word' id='word_1_137' title='bbox 453 1632 703 1718; x_wconf 77' lang='grc' dir='ltr'>ἀντιλαμβάνεται,</span> <span class='ocrx_word' id='word_1_138' title='bbox 725 1636 784 1694; x_wconf 87' lang='grc' dir='ltr'>τῶν</span> <span class='ocrx_word' id='word_1_139' title='bbox 804 1632 836 1694; x_wconf 82' lang='grc' dir='ltr'>δὲ</span> <span class='ocrx_word' id='word_1_140' title='bbox 858 1632 888 1694; x_wconf 89' lang='grc' dir='ltr'>έν</span> <span class='ocrx_word' id='word_1_141' title='bbox 905 1638 1061 1702; x_wconf 82' lang='grc' dir='ltr'>στενωποῖς</span> <span class='ocrx_word' id='word_1_142' title='bbox 1084 1635 1131 1695; x_wconf 87' lang='grc' dir='ltr'>καὶ</span> <span class='ocrx_word' id='word_1_143' title='bbox 1152 1637 1230 1717; x_wconf 83' lang='grc' dir='ltr'>παρά</span> <span class='ocrx_word' id='word_1_144' title='bbox 1253 1658 1314 1697; x_wconf 87' lang='grc' dir='ltr'>τινα</span> <span class='ocrx_word' id='word_1_145' title='bbox 1329 1634 1505 1715; x_wconf 85' lang='grc' dir='ltr'>κινουμένων</span> <span class='ocrx_word' id='word_1_146' title='bbox 1565 1704 1568 1709; x_wconf 35' lang='grc'><strong>,</strong></span> 
     </span>
     <span class='ocr_line' id='line_1_14' title="bbox 252 1735 1505 1820; baseline 0.001 -23"><span class='ocrx_word' id='word_1_147' title='bbox 252 1735 389 1817; x_wconf 79' lang='grc' dir='ltr'>μαλιστα.</span> <span class='ocrx_word' id='word_1_148' title='bbox 434 1735 539 1797; x_wconf 83' lang='grc' dir='ltr'>θᾶττον</span> <span class='ocrx_word' id='word_1_149' title='bbox 562 1735 615 1819; x_wconf 79' lang='grc' dir='ltr'>γὰρ</span> <span class='ocrx_word' id='word_1_150' title='bbox 638 1735 712 1819; x_wconf 85' lang='grc' dir='ltr'>αῦτή</span> <span class='ocrx_word' id='word_1_151' title='bbox 735 1736 943 1818; x_wconf 77' lang='grc' dir='ltr'>παραλλάττειν</span> <span class='ocrx_word' id='word_1_152' title='bbox 967 1738 1055 1798; x_wconf 87' lang='grc' dir='ltr'>δοκεῖ.</span> <span class='ocrx_word' id='word_1_153' title='bbox 1101 1737 1231 1804; x_wconf 75' lang='grc' dir='ltr'>στάσεως</span> <span class='ocrx_word' id='word_1_154' title='bbox 1253 1737 1285 1798; x_wconf 82' lang='grc' dir='ltr'>δὲ</span> <span class='ocrx_word' id='word_1_155' title='bbox 1307 1736 1357 1799; x_wconf 82' lang='grc' dir='ltr'>καὶ</span> <span class='ocrx_word' id='word_1_156' title='bbox 1380 1736 1505 1820; x_wconf 85' lang='grc' dir='ltr'>ἀριθμοῦ</span> 
     </span>
     <span class='ocr_line' id='line_1_15' title="bbox 250 1836 1547 1924; baseline 0.001 -25"><span class='ocrx_word' id='word_1_157' title='bbox 250 1836 432 1911; x_wconf 80' lang='grc' dir='ltr'>αἰσθάνεται,</span> <span class='ocrx_word' id='word_1_158' title='bbox 454 1842 508 1920; x_wconf 78' lang='grc' dir='ltr'>τῆς</span> <span class='ocrx_word' id='word_1_159' title='bbox 530 1838 581 1920; x_wconf 81' lang='grc' dir='ltr'>μὲν</span> <span class='ocrx_word' id='word_1_160' title='bbox 605 1838 736 1907; x_wconf 88' lang='grc' dir='ltr'>στάσεως</span> <span class='ocrx_word' id='word_1_161' title='bbox 758 1841 797 1920; x_wconf 69' lang='grc' dir='ltr'>τῇ</span> <span class='ocrx_word' id='word_1_162' title='bbox 820 1841 873 1921; x_wconf 84' lang='grc' dir='ltr'>τής</span> <span class='ocrx_word' id='word_1_163' title='bbox 894 1839 1037 1921; x_wconf 84' lang='grc' dir='ltr'>κινήσεως</span> <span class='ocrx_word' id='word_1_164' title='bbox 1059 1839 1220 1924; x_wconf 78' lang='grc' dir='ltr'>ἀποφάσει,</span> <span class='ocrx_word' id='word_1_165' title='bbox 1253 1843 1301 1901; x_wconf 93' lang='grc' dir='ltr'>τοῦ</span> <span class='ocrx_word' id='word_1_166' title='bbox 1325 1840 1357 1902; x_wconf 86' lang='grc' dir='ltr'>δὲ</span> <span class='ocrx_word' id='word_1_167' title='bbox 1380 1839 1505 1923; x_wconf 86' lang='grc' dir='ltr'>ἀριθμοῦ</span> <span class='ocrx_word' id='word_1_168' title='bbox 1533 1855 1547 1895; x_wconf 72' lang='grc' dir='ltr'>ε’»</span> 
     </span>
     <span class='ocr_line' id='line_1_16' title="bbox 210 1939 1505 2025; baseline 0.005 -27"><span class='ocrx_word' id='word_1_169' title='bbox 210 1942 292 2023; x_wconf 71' lang='grc' dir='ltr'>ιστῇ</span> <span class='ocrx_word' id='word_1_170' title='bbox 315 1943 366 2002; x_wconf 92' lang='grc' dir='ltr'>τοῦ</span> <span class='ocrx_word' id='word_1_171' title='bbox 390 1942 534 2025; x_wconf 82' lang='grc' dir='ltr'>συνεχοῦς</span> <span class='ocrx_word' id='word_1_172' title='bbox 549 1941 692 2023; x_wconf 82' lang='grc' dir='ltr'>στερήσει.</span> <span class='ocrx_word' id='word_1_173' title='bbox 726 1939 762 2002; x_wconf 88' lang='grc' dir='ltr'>τά</span> <span class='ocrx_word' id='word_1_174' title='bbox 776 1939 830 2023; x_wconf 82' lang='grc' dir='ltr'>γὰρ</span> <span class='ocrx_word' id='word_1_175' title='bbox 847 1939 1026 2023; x_wconf 74' lang='grc' dir='ltr'>διοριζόμενα</span> <span class='ocrx_word' id='word_1_176' title='bbox 1047 1942 1219 2024; x_wconf 79' lang='grc' dir='ltr'>διαστήματι</span> <span class='ocrx_word' id='word_1_177' title='bbox 1241 1942 1385 2022; x_wconf 86' lang='grc' dir='ltr'>σωμάτων</span> <span class='ocrx_word' id='word_1_178' title='bbox 1408 1940 1505 2004; x_wconf 82' lang='grc' dir='ltr'>ἄλλων</span> 
     </span>
     <span class='ocr_line' id='line_1_17' title="bbox 253 2041 1506 2127; baseline 0.001 -22"><span class='ocrx_word' id='word_1_179' title='bbox 253 2048 299 2127; x_wconf 76' lang='grc' dir='ltr'>τῷ</span> <span class='ocrx_word' id='word_1_180' title='bbox 322 2041 393 2106; x_wconf 80' lang='grc' dir='ltr'>εἴδει</span> <span class='ocrx_word' id='word_1_181' title='bbox 415 2043 507 2105; x_wconf 86' lang='grc' dir='ltr'>πλείω</span> <span class='ocrx_word' id='word_1_182' title='bbox 529 2041 616 2125; x_wconf 87' lang='grc' dir='ltr'>λέγει.</span> <span class='ocrx_word' id='word_1_183' title='bbox 660 2042 753 2110; x_wconf 82' lang='grc' dir='ltr'>οῦτως</span> <span class='ocrx_word' id='word_1_184' title='bbox 775 2043 808 2104; x_wconf 78' lang='grc' dir='ltr'>δὲ</span> <span class='ocrx_word' id='word_1_185' title='bbox 829 2045 880 2104; x_wconf 90' lang='grc' dir='ltr'>τοῦ</span> <span class='ocrx_word' id='word_1_186' title='bbox 903 2043 972 2125; x_wconf 82' lang='grc' dir='ltr'>δρᾶν</span> <span class='ocrx_word' id='word_1_187' title='bbox 995 2043 1161 2125; x_wconf 78' lang='grc' dir='ltr'>γινομένου,</span> <span class='ocrx_word' id='word_1_188' title='bbox 1188 2042 1222 2106; x_wconf 88' lang='grc' dir='ltr'>ού</span> <span class='ocrx_word' id='word_1_189' title='bbox 1245 2045 1318 2106; x_wconf 85' lang='grc' dir='ltr'>κατά</span> <span class='ocrx_word' id='word_1_190' title='bbox 1341 2045 1436 2112; x_wconf 88' lang='grc' dir='ltr'>πάθος</span> <span class='ocrx_word' id='word_1_191' title='bbox 1458 2046 1506 2107; x_wconf 83' lang='grc' dir='ltr'>καὶ</span> 
     </span>
     <span class='ocr_line' id='line_1_18' title="bbox 253 2142 1507 2229; baseline 0.002 -22"><span class='ocrx_word' id='word_1_192' title='bbox 253 2144 411 2209; x_wconf 82' lang='grc' dir='ltr'>ἀλλοίωσιν</span> <span class='ocrx_word' id='word_1_193' title='bbox 434 2147 485 2207; x_wconf 89' lang='grc' dir='ltr'>τοῦ</span> <span class='ocrx_word' id='word_1_194' title='bbox 508 2142 628 2226; x_wconf 76' lang='grc' dir='ltr'>μεταξύ,</span> <span class='ocrx_word' id='word_1_195' title='bbox 656 2143 732 2205; x_wconf 86' lang='grc' dir='ltr'>ἀλλά</span> <span class='ocrx_word' id='word_1_196' title='bbox 754 2144 828 2206; x_wconf 85' lang='grc' dir='ltr'>κατά</span> <span class='ocrx_word' id='word_1_197' title='bbox 850 2144 967 2229; x_wconf 81' lang='grc' dir='ltr'>σχέσιν,</span> <span class='ocrx_word' id='word_1_198' title='bbox 997 2145 1094 2208; x_wconf 87' lang='grc' dir='ltr'>λύεται</span> <span class='ocrx_word' id='word_1_199' title='bbox 1116 2147 1163 2209; x_wconf 89' lang='grc' dir='ltr'>καὶ</span> <span class='ocrx_word' id='word_1_200' title='bbox 1186 2148 1205 2229; x_wconf 91' lang='grc' dir='ltr'>ή</span> <span class='ocrx_word' id='word_1_201' title='bbox 1229 2147 1349 2228; x_wconf 85' lang='grc' dir='ltr'>ἀπορία,</span> <span class='ocrx_word' id='word_1_202' title='bbox 1380 2147 1415 2229; x_wconf 85' lang='grc' dir='ltr'>ήν</span> <span class='ocrx_word' id='word_1_203' title='bbox 1438 2146 1507 2209; x_wconf 88' lang='grc' dir='ltr'>ἀπο-</span> 
     </span>
     <span class='ocr_line' id='line_1_19' title="bbox 255 2244 1507 2332; baseline 0 -22"><span class='ocrx_word' id='word_1_204' title='bbox 255 2248 356 2331; x_wconf 89' lang='grc' dir='ltr'>ροῦσίν</span> <span class='ocrx_word' id='word_1_205' title='bbox 371 2269 454 2321; x_wconf 84' lang='grc' dir='ltr'>τινες,</span> <span class='ocrx_word' id='word_1_206' title='bbox 476 2250 539 2315; x_wconf 85' lang='grc' dir='ltr'>πῶς</span> <span class='ocrx_word' id='word_1_207' title='bbox 562 2244 622 2308; x_wconf 88' lang='grc' dir='ltr'>οἷόν</span> <span class='ocrx_word' id='word_1_208' title='bbox 645 2270 676 2309; x_wconf 90' lang='grc' dir='ltr'>τε</span> <span class='ocrx_word' id='word_1_209' title='bbox 695 2245 762 2315; x_wconf 86' lang='grc' dir='ltr'>τοῦς</span> <span class='ocrx_word' id='word_1_210' title='bbox 784 2247 820 2308; x_wconf 84' lang='grc' dir='ltr'>τά</span> <span class='ocrx_word' id='word_1_211' title='bbox 842 2245 1014 2330; x_wconf 84' lang='grc' dir='ltr'>διαφέροντα</span> <span class='ocrx_word' id='word_1_212' title='bbox 1036 2249 1119 2332; x_wconf 79' lang='grc' dir='ltr'>ήκαὶ</span> <span class='ocrx_word' id='word_1_213' title='bbox 1136 2249 1247 2312; x_wconf 83' lang='grc' dir='ltr'>ἐναντία</span> <span class='ocrx_word' id='word_1_214' title='bbox 1271 2250 1398 2332; x_wconf 83' lang='grc' dir='ltr'>δρῶντας</span> <span class='ocrx_word' id='word_1_215' title='bbox 1420 2249 1507 2331; x_wconf 87' lang='grc' dir='ltr'>ἀλλή-</span> 
     </span>
     <span class='ocr_line' id='line_1_20' title="bbox 235 2348 1508 2436; baseline -0.001 -23"><span class='ocrx_word' id='word_1_216' title='bbox 235 2354 318 2433; x_wconf 88' lang='grc' dir='ltr'>Ιλοις</span> <span class='ocrx_word' id='word_1_217' title='bbox 341 2352 479 2432; x_wconf 84' lang='grc' dir='ltr'>διαγώνια</span> <span class='ocrx_word' id='word_1_218' title='bbox 500 2348 618 2433; x_wconf 86' lang='grc' dir='ltr'>κείμενα</span> <span class='ocrx_word' id='word_1_219' title='bbox 640 2349 719 2433; x_wconf 83' lang='grc' dir='ltr'>δρῦν.</span> <span class='ocrx_word' id='word_1_220' title='bbox 764 2348 780 2411; x_wconf 88' lang='grc' dir='ltr'>ό</span> <span class='ocrx_word' id='word_1_221' title='bbox 803 2348 856 2432; x_wconf 83' lang='grc' dir='ltr'>γὰρ</span> <span class='ocrx_word' id='word_1_222' title='bbox 881 2349 985 2429; x_wconf 72' lang='grc' dir='ltr'>μεταξύ</span> <span class='ocrx_word' id='word_1_223' title='bbox 1009 2351 1067 2435; x_wconf 81' lang='grc' dir='ltr'>ἀὴρ</span> <span class='ocrx_word' id='word_1_224' title='bbox 1090 2352 1165 2415; x_wconf 74' lang='grc' dir='ltr'>καθὸ</span> <span class='ocrx_word' id='word_1_225' title='bbox 1189 2353 1350 2436; x_wconf 70' lang='grc' dir='ltr'>συμβάλλει</span> <span class='ocrx_word' id='word_1_226' title='bbox 1371 2351 1508 2434; x_wconf 84' lang='grc' dir='ltr'>ἀλλήλοις</span> 
     </span>
     <span class='ocr_line' id='line_1_21' title="bbox 211 2449 1509 2537; baseline 0.002 -25"><span class='ocrx_word' id='word_1_227' title='bbox 211 2468 240 2512; x_wconf 74' lang='grc' dir='ltr'>κο</span> <span class='ocrx_word' id='word_1_228' title='bbox 254 2452 292 2515; x_wconf 84' lang='grc' dir='ltr'>τὰ</span> <span class='ocrx_word' id='word_1_229' title='bbox 314 2455 474 2537; x_wconf 84' lang='grc' dir='ltr'>χρώματα,</span> <span class='ocrx_word' id='word_1_230' title='bbox 500 2455 585 2514; x_wconf 89' lang='grc' dir='ltr'>τοῦτο</span> <span class='ocrx_word' id='word_1_231' title='bbox 608 2449 640 2513; x_wconf 86' lang='grc' dir='ltr'>δέ</span> <span class='ocrx_word' id='word_1_232' title='bbox 666 2451 727 2513; x_wconf 82' lang='grc' dir='ltr'>ἐστι</span> <span class='ocrx_word' id='word_1_233' title='bbox 749 2451 825 2514; x_wconf 85' lang='grc' dir='ltr'>καθδ</span> <span class='ocrx_word' id='word_1_234' title='bbox 852 2452 1001 2535; x_wconf 86' lang='grc' dir='ltr'>τέμνουσιν</span> <span class='ocrx_word' id='word_1_235' title='bbox 1029 2452 1157 2537; x_wconf 72' lang='grc' dir='ltr'>ἄλληλα.</span> <span class='ocrx_word' id='word_1_236' title='bbox 1186 2453 1281 2517; x_wconf 80' lang='grc' dir='ltr'>αὐτῶν</span> <span class='ocrx_word' id='word_1_237' title='bbox 1310 2454 1345 2517; x_wconf 82' lang='grc' dir='ltr'>τὰ</span> <span class='ocrx_word' id='word_1_238' title='bbox 1371 2455 1509 2535; x_wconf 86' lang='grc' dir='ltr'>διαγόινια</span> 
     </span>
     <span class='ocr_line' id='line_1_22' title="bbox 254 2553 1550 2641; baseline -0.003 -22"><span class='ocrx_word' id='word_1_239' title='bbox 254 2557 408 2641; x_wconf 86' lang='grc' dir='ltr'>όριίιντων,</span> <span class='ocrx_word' id='word_1_240' title='bbox 436 2555 498 2634; x_wconf 80' lang='grc' dir='ltr'>ἅμα</span> <span class='ocrx_word' id='word_1_241' title='bbox 521 2553 596 2623; x_wconf 77' lang='grc' dir='ltr'>δόξει</span> <span class='ocrx_word' id='word_1_242' title='bbox 622 2553 658 2616; x_wconf 78' lang='grc' dir='ltr'>τὰ</span> <span class='ocrx_word' id='word_1_243' title='bbox 679 2553 792 2616; x_wconf 85' lang='grc' dir='ltr'>ἐναντία</span> <span class='ocrx_word' id='word_1_244' title='bbox 818 2557 963 2638; x_wconf 87' lang='grc' dir='ltr'>χρώματα</span> <span class='ocrx_word' id='word_1_245' title='bbox 991 2556 1197 2641; x_wconf 84' lang='grc' dir='ltr'>ἀναδέχεσθαι.</span> <span class='ocrx_word' id='word_1_246' title='bbox 1242 2561 1327 2620; x_wconf 88' lang='grc' dir='ltr'>τοῦτο</span> <span class='ocrx_word' id='word_1_247' title='bbox 1349 2556 1385 2639; x_wconf 83' lang='grc' dir='ltr'>δὴ</span> <span class='ocrx_word' id='word_1_248' title='bbox 1410 2556 1508 2619; x_wconf 82' lang='grc' dir='ltr'>λύεται</span> <span class='ocrx_word' id='word_1_249' title='bbox 1523 2573 1550 2613; x_wconf 88' lang='grc' dir='ltr'>ιυ</span> 
     </span>
     <span class='ocr_line' id='line_1_23' title="bbox 253 2655 1509 2743; baseline 0.003 -24"><span class='ocrx_word' id='word_1_250' title='bbox 253 2662 297 2742; x_wconf 74' lang='grc' dir='ltr'>τῷ</span> <span class='ocrx_word' id='word_1_251' title='bbox 323 2658 364 2741; x_wconf 83' lang='grc' dir='ltr'>μὴ</span> <span class='ocrx_word' id='word_1_252' title='bbox 387 2656 574 2742; x_wconf 87' lang='grc' dir='ltr'>χρύννυσθαι</span> <span class='ocrx_word' id='word_1_253' title='bbox 602 2657 650 2719; x_wconf 79' lang='grc' dir='ltr'>τὸν</span> <span class='ocrx_word' id='word_1_254' title='bbox 672 2655 759 2739; x_wconf 82' lang='grc' dir='ltr'>ἀέρα,</span> <span class='ocrx_word' id='word_1_255' title='bbox 789 2657 863 2719; x_wconf 76' lang='grc' dir='ltr'>ἀλλὰ</span> <span class='ocrx_word' id='word_1_256' title='bbox 886 2657 959 2720; x_wconf 81' lang='grc' dir='ltr'>κατὰ</span> <span class='ocrx_word' id='word_1_257' title='bbox 982 2657 1083 2742; x_wconf 90' lang='grc' dir='ltr'>σχέσιν</span> <span class='ocrx_word' id='word_1_258' title='bbox 1110 2661 1162 2742; x_wconf 82' lang='grc' dir='ltr'>τήν</span> <span class='ocrx_word' id='word_1_259' title='bbox 1188 2664 1239 2723; x_wconf 90' lang='grc' dir='ltr'>τοῦ</span> <span class='ocrx_word' id='word_1_260' title='bbox 1263 2658 1414 2742; x_wconf 84' lang='grc' dir='ltr'>δρωμένου</span> <span class='ocrx_word' id='word_1_261' title='bbox 1437 2660 1509 2743; x_wconf 85' lang='grc' dir='ltr'>πρὸς</span> 
     </span>
     <span class='ocr_line' id='line_1_24' title="bbox 253 2755 1508 2846; baseline 0.002 -24"><span class='ocrx_word' id='word_1_262' title='bbox 253 2760 343 2823; x_wconf 86' lang='grc' dir='ltr'>αῦτδν</span> <span class='ocrx_word' id='word_1_263' title='bbox 367 2759 558 2844; x_wconf 82' lang='grc' dir='ltr'>ἐμφαίνεσθαι</span> <span class='ocrx_word' id='word_1_264' title='bbox 586 2755 631 2820; x_wconf 80' lang='grc' dir='ltr'>ἐπ’</span> <span class='ocrx_word' id='word_1_265' title='bbox 659 2757 773 2826; x_wconf 81' lang='grc' dir='ltr'>εὐθείας</span> <span class='ocrx_word' id='word_1_266' title='bbox 802 2763 852 2821; x_wconf 90' lang='grc' dir='ltr'>τοῦ</span> <span class='ocrx_word' id='word_1_267' title='bbox 875 2759 1025 2844; x_wconf 83' lang='grc' dir='ltr'>δρωμένου</span> <span class='ocrx_word' id='word_1_268' title='bbox 1054 2761 1086 2823; x_wconf 83' lang='grc' dir='ltr'>τό</span> <span class='ocrx_word' id='word_1_269' title='bbox 1109 2768 1227 2846; x_wconf 84' lang='grc' dir='ltr'>χρῶμα.</span> <span class='ocrx_word' id='word_1_270' title='bbox 1271 2761 1431 2845; x_wconf 82' lang='grc' dir='ltr'>οὐδὲνγὰρ</span> <span class='ocrx_word' id='word_1_271' title='bbox 1454 2786 1508 2824; x_wconf 91' lang='grc' dir='ltr'>κω·</span> 
     </span>
     <span class='ocr_line' id='line_1_25' title="bbox 252 2859 1509 2950; baseline 0.002 -26"><span class='ocrx_word' id='word_1_272' title='bbox 252 2862 317 2926; x_wconf 88' lang='grc' dir='ltr'>λόει</span> <span class='ocrx_word' id='word_1_273' title='bbox 340 2863 374 2925; x_wconf 89' lang='grc' dir='ltr'>τδ</span> <span class='ocrx_word' id='word_1_274' title='bbox 396 2861 468 2926; x_wconf 82' lang='grc' dir='ltr'>αὐτὸ</span> <span class='ocrx_word' id='word_1_275' title='bbox 491 2863 562 2946; x_wconf 82' lang='grc' dir='ltr'>πρὸς</span> <span class='ocrx_word' id='word_1_276' title='bbox 585 2860 657 2924; x_wconf 82' lang='grc' dir='ltr'>ἄλλο</span> <span class='ocrx_word' id='word_1_277' title='bbox 679 2862 726 2924; x_wconf 87' lang='grc' dir='ltr'>καὶ</span> <span class='ocrx_word' id='word_1_278' title='bbox 749 2859 821 2923; x_wconf 80' lang='grc' dir='ltr'>ἄλλο</span> <span class='ocrx_word' id='word_1_279' title='bbox 848 2861 889 2944; x_wconf 85' lang='grc' dir='ltr'>μὴ</span> <span class='ocrx_word' id='word_1_280' title='bbox 912 2862 964 2945; x_wconf 85' lang='grc' dir='ltr'>τὴν</span> <span class='ocrx_word' id='word_1_281' title='bbox 986 2862 1077 2946; x_wconf 80' lang='grc' dir='ltr'>αὐτὴν</span> <span class='ocrx_word' id='word_1_282' title='bbox 1100 2863 1200 2948; x_wconf 87' lang='grc' dir='ltr'>σχέσιν</span> <span class='ocrx_word' id='word_1_283' title='bbox 1223 2865 1387 2948; x_wconf 82' lang='grc' dir='ltr'>φυλάττειν,</span> <span class='ocrx_word' id='word_1_284' title='bbox 1410 2865 1509 2950; x_wconf 83' lang='grc' dir='ltr'>ὥσπερ</span> 
     </span>
     <span class='ocr_line' id='line_1_26' title="bbox 210 2963 1443 3063; baseline 0.002 -37"><span class='ocrx_word' id='word_1_285' title='bbox 210 2982 240 3026; x_wconf 72' lang='lat'>25</span> <span class='ocrx_word' id='word_1_286' title='bbox 254 2964 307 3028; x_wconf 84' lang='grc' dir='ltr'>οῦν</span> <span class='ocrx_word' id='word_1_287' title='bbox 331 2966 379 3029; x_wconf 82' lang='grc' dir='ltr'>καὶ</span> <span class='ocrx_word' id='word_1_288' title='bbox 401 2965 435 3027; x_wconf 86' lang='grc' dir='ltr'>τδ</span> <span class='ocrx_word' id='word_1_289' title='bbox 457 2963 529 3028; x_wconf 83' lang='grc' dir='ltr'>αὐτὸ</span> <span class='ocrx_word' id='word_1_290' title='bbox 552 2963 636 3027; x_wconf 87' lang='grc' dir='ltr'>οῦδὲν</span> <span class='ocrx_word' id='word_1_291' title='bbox 658 2963 767 3026; x_wconf 85' lang='grc' dir='ltr'>κωλύει</span> <span class='ocrx_word' id='word_1_292' title='bbox 788 2968 839 3027; x_wconf 91' lang='grc' dir='ltr'>τοῦ</span> <span class='ocrx_word' id='word_1_293' title='bbox 862 2965 913 3046; x_wconf 79' lang='grc' dir='ltr'>μὲν</span> <span class='ocrx_word' id='word_1_294' title='bbox 936 2967 1028 3063; x_wconf 77' lang='grc' dir='ltr'>ήμιου</span> <span class='ocrx_word' id='word_1_295' title='bbox 1051 2964 1132 3041; x_wconf 83' lang='grc' dir='ltr'>εἶναι,</span> <span class='ocrx_word' id='word_1_296' title='bbox 1156 2970 1207 3028; x_wconf 91' lang='grc' dir='ltr'>τοῦ</span> <span class='ocrx_word' id='word_1_297' title='bbox 1230 2967 1262 3029; x_wconf 84' lang='grc' dir='ltr'>δέ</span> <span class='ocrx_word' id='word_1_298' title='bbox 1285 2968 1443 3030; x_wconf 88' lang='grc' dir='ltr'>διπλάσιον.</span> 
     </span>
    </p>
   </div>
   <div class='ocr_carea' id='block_1_3' title="bbox 505 3192 1299 3291">
    <p class='ocr_par' dir='ltr' id='par_1_3' title="bbox 505 3192 1299 3291">
     <span class='ocr_line' id='line_1_27' title="bbox 505 3192 1299 3291; baseline 0.003 -22"><span class='ocrx_word' id='word_1_299' title='bbox 505 3192 593 3270; x_wconf 72' lang='grc' dir='ltr'>Ὅτι</span> <span class='ocrx_word' id='word_1_300' title='bbox 615 3206 653 3268; x_wconf 86' lang='grc' dir='ltr'>τὸ</span> <span class='ocrx_word' id='word_1_301' title='bbox 676 3212 801 3291; x_wconf 87' lang='grc' dir='ltr'>χρῶμα</span> <span class='ocrx_word' id='word_1_302' title='bbox 823 3205 930 3288; x_wconf 88' lang='grc' dir='ltr'>πέρας</span> <span class='ocrx_word' id='word_1_303' title='bbox 952 3211 1011 3268; x_wconf 89' lang='grc' dir='ltr'>τοῦ</span> <span class='ocrx_word' id='word_1_304' title='bbox 1036 3208 1238 3291; x_wconf 81' lang='grc' dir='ltr'>διαφανοῦς.</span> <span class='ocrx_word' id='word_1_305' title='bbox 1296 3266 1299 3271; x_wconf 89' lang='grc'>.</span> 
     </span>
    </p>
   </div>
   <div class='ocr_carea' id='block_1_4' title="bbox 210 3368 1551 3977">
    <p class='ocr_par' dir='ltr' id='par_1_4' title="bbox 257 3368 1549 3668">
     <span class='ocr_line' id='line_1_28' title="bbox 334 3368 1549 3461; baseline -0.005 -19"><span class='ocrx_word' id='word_1_306' title='bbox 334 3376 370 3442; x_wconf 89' lang='grc' dir='ltr'>Ἡ</span> <span class='ocrx_word' id='word_1_307' title='bbox 394 3378 545 3461; x_wconf 89' lang='grc' dir='ltr'>διαφάνεια</span> <span class='ocrx_word' id='word_1_308' title='bbox 566 3378 647 3461; x_wconf 90' lang='grc' dir='ltr'>κοινή</span> <span class='ocrx_word' id='word_1_309' title='bbox 670 3400 711 3446; x_wconf 87' lang='grc' dir='ltr'>τις</span> <span class='ocrx_word' id='word_1_310' title='bbox 733 3368 818 3461; x_wconf 87' lang='grc' dir='ltr'>φύσις</span> <span class='ocrx_word' id='word_1_311' title='bbox 840 3378 888 3461; x_wconf 72' lang='grc' dir='ltr'>καὶ</span> <span class='ocrx_word' id='word_1_312' title='bbox 903 3377 997 3440; x_wconf 83' lang='grc' dir='ltr'>κοινὸν</span> <span class='ocrx_word' id='word_1_313' title='bbox 1020 3378 1114 3448; x_wconf 83' lang='grc' dir='ltr'>πάθος</span> <span class='ocrx_word' id='word_1_314' title='bbox 1130 3378 1265 3442; x_wconf 85' lang='grc' dir='ltr'>ἁπάντων</span> <span class='ocrx_word' id='word_1_315' title='bbox 1289 3379 1350 3443; x_wconf 77' lang='grc' dir='ltr'>ἐστὶ</span> <span class='ocrx_word' id='word_1_316' title='bbox 1373 3384 1430 3442; x_wconf 83' lang='grc' dir='ltr'>τῶν</span> <span class='ocrx_word' id='word_1_317' title='bbox 1453 3400 1508 3442; x_wconf 84' lang='grc' dir='ltr'>σω·</span> <span class='ocrx_word' id='word_1_318' title='bbox 1523 3395 1549 3436; x_wconf 79' lang='grc' dir='ltr'>ιτ</span> 
     </span>
     <span class='ocr_line' id='line_1_29' title="bbox 257 3478 1509 3567; baseline 0 -24"><span class='ocrx_word' id='word_1_319' title='bbox 257 3482 368 3565; x_wconf 77' lang='grc' dir='ltr'>μάτων,</span> <span class='ocrx_word' id='word_1_320' title='bbox 390 3479 467 3543; x_wconf 79' lang='grc' dir='ltr'>ἀλλὰ</span> <span class='ocrx_word' id='word_1_321' title='bbox 489 3480 525 3542; x_wconf 88' lang='grc' dir='ltr'>τά</span> <span class='ocrx_word' id='word_1_322' title='bbox 548 3479 600 3561; x_wconf 86' lang='grc' dir='ltr'>μέν</span> <span class='ocrx_word' id='word_1_323' title='bbox 616 3482 726 3562; x_wconf 77' lang='grc' dir='ltr'>μᾶλλον</span> <span class='ocrx_word' id='word_1_324' title='bbox 748 3478 841 3564; x_wconf 75' lang='grc' dir='ltr'>αὐτῆς</span> <span class='ocrx_word' id='word_1_325' title='bbox 860 3479 987 3567; x_wconf 83' lang='grc' dir='ltr'>μετέχει,</span> <span class='ocrx_word' id='word_1_326' title='bbox 1009 3480 1045 3542; x_wconf 84' lang='grc' dir='ltr'>τὰ</span> <span class='ocrx_word' id='word_1_327' title='bbox 1067 3481 1099 3542; x_wconf 84' lang='grc' dir='ltr'>δὲ</span> <span class='ocrx_word' id='word_1_328' title='bbox 1114 3480 1211 3563; x_wconf 85' lang='grc' dir='ltr'>ήττον,</span> <span class='ocrx_word' id='word_1_329' title='bbox 1233 3486 1290 3566; x_wconf 92' lang='grc' dir='ltr'>πῦρ</span> <span class='ocrx_word' id='word_1_330' title='bbox 1307 3483 1358 3565; x_wconf 79' lang='grc' dir='ltr'>μὲν</span> <span class='ocrx_word' id='word_1_331' title='bbox 1383 3483 1428 3544; x_wconf 84' lang='grc' dir='ltr'>καὶ</span> <span class='ocrx_word' id='word_1_332' title='bbox 1453 3483 1509 3566; x_wconf 77' lang='grc' dir='ltr'>ἀὴρ</span> 
     </span>
     <span class='ocr_line' id='line_1_30' title="bbox 258 3570 1510 3668; baseline -0.001 -21"><span class='ocrx_word' id='word_1_333' title='bbox 258 3584 308 3647; x_wconf 81' lang='grc' dir='ltr'>καλ</span> <span class='ocrx_word' id='word_1_334' title='bbox 331 3583 410 3666; x_wconf 88' lang='grc' dir='ltr'>ῦδωρ</span> <span class='ocrx_word' id='word_1_335' title='bbox 433 3585 554 3666; x_wconf 84' lang='grc' dir='ltr'>μᾶλλον,</span> <span class='ocrx_word' id='word_1_336' title='bbox 576 3582 662 3666; x_wconf 81' lang='grc' dir='ltr'>ἧττον</span> <span class='ocrx_word' id='word_1_337' title='bbox 685 3582 717 3645; x_wconf 80' lang='grc' dir='ltr'>δὲ</span> <span class='ocrx_word' id='word_1_338' title='bbox 731 3586 780 3665; x_wconf 79' lang='grc' dir='ltr'>γῆ,</span> <span class='ocrx_word' id='word_1_339' title='bbox 803 3582 878 3666; x_wconf 78' lang='grc' dir='ltr'>πλὴν</span> <span class='ocrx_word' id='word_1_340' title='bbox 901 3581 931 3644; x_wconf 84' lang='grc' dir='ltr'>ἐν</span> <span class='ocrx_word' id='word_1_341' title='bbox 952 3583 1038 3646; x_wconf 84' lang='grc' dir='ltr'>πᾶσίν</span> <span class='ocrx_word' id='word_1_342' title='bbox 1059 3570 1092 3665; x_wconf 82' lang='grc' dir='ltr'>γέ</span> <span class='ocrx_word' id='word_1_343' title='bbox 1107 3583 1168 3646; x_wconf 83' lang='grc' dir='ltr'>ἐστι</span> <span class='ocrx_word' id='word_1_344' title='bbox 1189 3590 1249 3653; x_wconf 87' lang='grc' dir='ltr'>τοῖς</span> <span class='ocrx_word' id='word_1_345' title='bbox 1271 3588 1413 3668; x_wconf 86' lang='grc' dir='ltr'>σώμασιν.</span> <span class='ocrx_word' id='word_1_346' title='bbox 1450 3582 1510 3647; x_wconf 85' lang='grc' dir='ltr'>ἔστι</span> 
     </span>
    </p>

    <p class='ocr_par' dir='ltr' id='par_1_5' title="bbox 210 3668 1551 3977">
     <span class='ocr_line' id='line_1_31' title="bbox 210 3668 1508 3771; baseline 0.002 -24"><span class='ocrx_word' id='word_1_347' title='bbox 210 3702 240 3747; x_wconf 84' lang='grc' dir='ltr'>ιιυ</span> <span class='ocrx_word' id='word_1_348' title='bbox 253 3688 310 3769; x_wconf 80' lang='grc' dir='ltr'>γὰρ</span> <span class='ocrx_word' id='word_1_349' title='bbox 332 3687 352 3769; x_wconf 79' lang='grc' dir='ltr'>ἡ</span> <span class='ocrx_word' id='word_1_350' title='bbox 376 3687 527 3769; x_wconf 87' lang='grc' dir='ltr'>διαφάνεια</span> <span class='ocrx_word' id='word_1_351' title='bbox 554 3684 608 3769; x_wconf 78' lang='grc' dir='ltr'>ῦλή</span> <span class='ocrx_word' id='word_1_352' title='bbox 636 3706 700 3753; x_wconf 91' lang='grc' dir='ltr'>πως</span> <span class='ocrx_word' id='word_1_353' title='bbox 726 3686 892 3768; x_wconf 81' lang='grc' dir='ltr'>χρώματος.</span> <span class='ocrx_word' id='word_1_354' title='bbox 937 3688 978 3753; x_wconf 83' lang='grc' dir='ltr'>ὡς</span> <span class='ocrx_word' id='word_1_355' title='bbox 1004 3686 1058 3770; x_wconf 92' lang='grc' dir='ltr'>γάρ</span> <span class='ocrx_word' id='word_1_356' title='bbox 1086 3685 1147 3749; x_wconf 86' lang='grc' dir='ltr'>ἐστι</span> <span class='ocrx_word' id='word_1_357' title='bbox 1175 3687 1301 3767; x_wconf 85' lang='grc' dir='ltr'>μεγάλου</span> <span class='ocrx_word' id='word_1_358' title='bbox 1330 3687 1377 3750; x_wconf 81' lang='grc' dir='ltr'>καλ</span> <span class='ocrx_word' id='word_1_359' title='bbox 1406 3668 1508 3771; x_wconf 77' lang='grc' dir='ltr'>μιιῖροῦ</span> 
     </span>
     <span class='ocr_line' id='line_1_32' title="bbox 254 3785 1508 3873; baseline 0 -21"><span class='ocrx_word' id='word_1_360' title='bbox 254 3790 312 3871; x_wconf 81' lang='grc' dir='ltr'>ύλή</span> <span class='ocrx_word' id='word_1_361' title='bbox 333 3811 391 3864; x_wconf 89' lang='grc' dir='ltr'>τις,</span> <span class='ocrx_word' id='word_1_362' title='bbox 423 3788 472 3850; x_wconf 81' lang='grc' dir='ltr'>καὶ</span> <span class='ocrx_word' id='word_1_363' title='bbox 493 3785 603 3872; x_wconf 80' lang='grc' dir='ltr'>κούφου</span> <span class='ocrx_word' id='word_1_364' title='bbox 631 3787 679 3849; x_wconf 87' lang='grc' dir='ltr'>καὶ</span> <span class='ocrx_word' id='word_1_365' title='bbox 703 3785 806 3871; x_wconf 84' lang='grc' dir='ltr'>βαρέος</span> <span class='ocrx_word' id='word_1_366' title='bbox 833 3789 881 3850; x_wconf 88' lang='grc' dir='ltr'>καὶ</span> <span class='ocrx_word' id='word_1_367' title='bbox 903 3793 961 3851; x_wconf 85' lang='grc' dir='ltr'>τῶν</span> <span class='ocrx_word' id='word_1_368' title='bbox 987 3786 1083 3851; x_wconf 79' lang='grc' dir='ltr'>ἄλλων</span> <span class='ocrx_word' id='word_1_369' title='bbox 1107 3787 1313 3872; x_wconf 88' lang='grc' dir='ltr'>έναντιοτήτων</span> <span class='ocrx_word' id='word_1_370' title='bbox 1336 3789 1460 3873; x_wconf 79' lang='grc' dir='ltr'>ὁμοίως,</span> <span class='ocrx_word' id='word_1_371' title='bbox 1492 3789 1508 3852; x_wconf 83' lang='grc' dir='ltr'>ὃ</span> 
     </span>
     <span class='ocr_line' id='line_1_33' title="bbox 254 3888 1551 3977; baseline -0.004 -22"><span class='ocrx_word' id='word_1_372' title='bbox 254 3891 389 3955; x_wconf 75' lang='grc' dir='ltr'>δεκτικὸν</span> <span class='ocrx_word' id='word_1_373' title='bbox 411 3889 507 3953; x_wconf 80' lang='grc' dir='ltr'>αὐτῶν</span> <span class='ocrx_word' id='word_1_374' title='bbox 530 3890 592 3953; x_wconf 83' lang='grc' dir='ltr'>ἐστι</span> <span class='ocrx_word' id='word_1_375' title='bbox 616 3888 694 3971; x_wconf 86' lang='grc' dir='ltr'>παρά</span> <span class='ocrx_word' id='word_1_376' title='bbox 711 3888 807 3972; x_wconf 82' lang='grc' dir='ltr'>μέρος,</span> <span class='ocrx_word' id='word_1_377' title='bbox 830 3889 922 3958; x_wconf 81' lang='grc' dir='ltr'>οὕτως</span> <span class='ocrx_word' id='word_1_378' title='bbox 944 3890 991 3953; x_wconf 85' lang='grc' dir='ltr'>καὶ</span> <span class='ocrx_word' id='word_1_379' title='bbox 1013 3896 1065 3974; x_wconf 74' lang='grc' dir='ltr'>τῆς</span> <span class='ocrx_word' id='word_1_380' title='bbox 1088 3890 1117 3952; x_wconf 85' lang='grc' dir='ltr'>ἐν</span> <span class='ocrx_word' id='word_1_381' title='bbox 1138 3894 1291 3976; x_wconf 87' lang='grc' dir='ltr'>χρώμασιν</span> <span class='ocrx_word' id='word_1_382' title='bbox 1313 3891 1509 3977; x_wconf 76' lang='grc' dir='ltr'>ἐναντιότητος</span> <span class='ocrx_word' id='word_1_383' title='bbox 1523 3908 1551 3950; x_wconf 78' lang='grc' dir='ltr'>ευ</span> 
     </span>
    </p>
   </div>
   <div class='ocr_carea' id='block_1_5' title="bbox 201 4146 1566 4482">
    <p class='ocr_par' dir='ltr' id='par_1_6' title="bbox 201 4146 1566 4482">
     <span class='ocr_line' id='line_1_34' title="bbox 202 4146 1564 4229; baseline 0.003 -31"><span class='ocrx_word' id='word_1_384' title='bbox 202 4146 573 4199; x_wconf 71' lang='grc' dir='ltr'>1έπτὶλάιέπὶοι.νίοέ.</span> <span class='ocrx_word' id='word_1_385' title='bbox 665 4147 747 4219; x_wconf 84' lang='grc' dir='ltr'>ήρέμα</span> <span class='ocrx_word' id='word_1_386' title='bbox 766 4152 795 4200; x_wconf 85' lang='lat' dir='ltr'>ut</span> <span class='ocrx_word' id='word_1_387' title='bbox 813 4148 918 4201; x_wconf 81' lang='lat' dir='ltr'><strong>soletV</strong></span> <span class='ocrx_word' id='word_1_388' title='bbox 1008 4147 1097 4219; x_wconf 70' lang='grc' dir='ltr'>θπτρὶ</span> <span class='ocrx_word' id='word_1_389' title='bbox 1111 4154 1229 4229; x_wconf 76' lang='grc' dir='ltr'>Ιταῦτιιο</span> <span class='ocrx_word' id='word_1_390' title='bbox 1316 4146 1508 4223; x_wconf 72' lang='grc' dir='ltr'>ἀχλυωδέοτιρα</span> <span class='ocrx_word' id='word_1_391' title='bbox 1528 4151 1564 4202; x_wconf 70' lang='lat' dir='ltr'>V:</span> 
     </span>
     <span class='ocr_line' id='line_1_35' title="bbox 201 4229 1565 4306; baseline 0.003 -21"><span class='ocrx_word' id='word_1_392' title='bbox 201 4231 422 4304; x_wconf 78' lang='grc' dir='ltr'>έχωωῦέστιραιι</span> <span class='ocrx_word' id='word_1_393' title='bbox 492 4232 507 4283; x_wconf 79' lang='grc'>7</span> <span class='ocrx_word' id='word_1_394' title='bbox 526 4229 556 4303; x_wconf 78' lang='grc' dir='ltr'>ᾗ]</span> <span class='ocrx_word' id='word_1_395' title='bbox 577 4239 745 4302; x_wconf 75' lang='lat' dir='ltr'><strong>expectamus</strong></span> <span class='ocrx_word' id='word_1_396' title='bbox 757 4234 895 4305; x_wconf 77' lang='grc' dir='ltr'>ὡρισμένον</span> <span class='ocrx_word' id='word_1_397' title='bbox 907 4234 1041 4304; x_wconf 76' lang='grc' dir='ltr'>ἠρεμοῦν</span> <span class='ocrx_word' id='word_1_398' title='bbox 1055 4236 1094 4289; x_wconf 79' lang='lat' dir='ltr'>vel</span> <span class='ocrx_word' id='word_1_399' title='bbox 1107 4235 1244 4306; x_wconf 80' lang='grc' dir='ltr'>ὡρισμένον</span> <span class='ocrx_word' id='word_1_400' title='bbox 1257 4237 1309 4289; x_wconf 86' lang='grc' dir='ltr'>καὶ</span> <span class='ocrx_word' id='word_1_401' title='bbox 1322 4237 1427 4305; x_wconf 83' lang='grc' dir='ltr'>μένον,</span> <span class='ocrx_word' id='word_1_402' title='bbox 1447 4242 1477 4290; x_wconf 83' lang='lat' dir='ltr'>ut</span> <span class='ocrx_word' id='word_1_403' title='bbox 1489 4254 1513 4289; x_wconf 92' lang='grc' dir='ltr'>ν.</span> <span class='ocrx_word' id='word_1_404' title='bbox 1525 4237 1565 4290; x_wconf 89' lang='grc'>10.</span> 
     </span>
     <span class='ocr_line' id='line_1_36' title="bbox 201 4320 1566 4390; baseline 0.001 -17"><span class='ocrx_word' id='word_1_405' title='bbox 201 4322 250 4373; x_wconf 78' lang='lat' dir='ltr'>hoc</span> <span class='ocrx_word' id='word_1_406' title='bbox 268 4321 341 4373; x_wconf 81' lang='lat' dir='ltr'>enim</span> <span class='ocrx_word' id='word_1_407' title='bbox 360 4320 438 4373; x_wconf 77' lang='lat' dir='ltr'><strong>dicit:</strong></span> <span class='ocrx_word' id='word_1_408' title='bbox 460 4322 485 4372; x_wconf 77' lang='grc' dir='ltr'>εί</span> <span class='ocrx_word' id='word_1_409' title='bbox 501 4320 562 4390; x_wconf 79' lang='lat' dir='ltr'>quid</span> <span class='ocrx_word' id='word_1_410' title='bbox 578 4334 621 4373; x_wconf 80' lang='grc' dir='ltr'>αιιι</span> <span class='ocrx_word' id='word_1_411' title='bbox 639 4341 656 4373; x_wconf 90' lang='grc' dir='ltr'>α</span> <span class='ocrx_word' id='word_1_412' title='bbox 674 4334 742 4373; x_wconf 75' lang='lat' dir='ltr'><strong><em>certa</em></strong></span> <span class='ocrx_word' id='word_1_413' title='bbox 761 4323 891 4388; x_wconf 76' lang='lat' dir='ltr'>stabilique</span> <span class='ocrx_word' id='word_1_414' title='bbox 910 4340 936 4373; x_wconf 82' lang='grc' dir='ltr'>τε</span> <span class='ocrx_word' id='word_1_415' title='bbox 954 4335 996 4375; x_wconf 76' lang='lat' dir='ltr'>aut</span> <span class='ocrx_word' id='word_1_416' title='bbox 1015 4324 1046 4374; x_wconf 88' lang='grc' dir='ltr'>αύ</span> <span class='ocrx_word' id='word_1_417' title='bbox 1069 4323 1123 4388; x_wconf 76' lang='lat' dir='ltr'>ipso</span> <span class='ocrx_word' id='word_1_418' title='bbox 1142 4326 1196 4374; x_wconf 74' lang='grc' dir='ltr'>υίου</span> <span class='ocrx_word' id='word_1_419' title='bbox 1220 4326 1287 4388; x_wconf 73' lang='grc' dir='ltr'>(κίοι</span> <span class='ocrx_word' id='word_1_420' title='bbox 1305 4336 1383 4376; x_wconf 77' lang='lat' dir='ltr'><strong><em>manet</em></strong></span> <span class='ocrx_word' id='word_1_421' title='bbox 1401 4326 1451 4374; x_wconf 75' lang='grc' dir='ltr'>πίοι</span> <span class='ocrx_word' id='word_1_422' title='bbox 1469 4343 1566 4375; x_wconf 78' lang='lat' dir='ltr'><strong><em>manere</em></strong></span> 
     </span>
     <span class='ocr_line' id='line_1_37' title="bbox 202 4406 1566 4482; baseline 0.004 -24"><span class='ocrx_word' id='word_1_423' title='bbox 202 4408 315 4470; x_wconf 68' lang='grc' dir='ltr'>αἰτίαν)</span> <span class='ocrx_word' id='word_1_424' title='bbox 333 4406 397 4457; x_wconf 70' lang='lat' dir='ltr'>idem</span> <span class='ocrx_word' id='word_1_425' title='bbox 416 4408 567 4459; x_wconf 76' lang='lat' dir='ltr'>intervallum</span> <span class='ocrx_word' id='word_1_426' title='bbox 586 4410 683 4462; x_wconf 77' lang='lat' dir='ltr'><strong><em>videtur</em></strong></span> <span class='ocrx_word' id='word_1_427' title='bbox 700 4428 747 4461; x_wconf 87' lang='grc' dir='ltr'>οοο</span> <span class='ocrx_word' id='word_1_428' title='bbox 766 4421 853 4474; x_wconf 78' lang='lat' dir='ltr'><strong><em>tenere,</em></strong></span> <span class='ocrx_word' id='word_1_429' title='bbox 873 4411 900 4462; x_wconf 76' lang='lat' dir='ltr'>id</span> <span class='ocrx_word' id='word_1_430' title='bbox 916 4411 1007 4461; x_wconf 79' lang='lat' dir='ltr'><em>movori</em></span> <span class='ocrx_word' id='word_1_431' title='bbox 1022 4420 1135 4475; x_wconf 74' lang='lat' dir='ltr'>putamus</span> <span class='ocrx_word' id='word_1_432' title='bbox 1240 4409 1386 4480; x_wconf 79' lang='grc' dir='ltr'>φαίνεταια</span> <span class='ocrx_word' id='word_1_433' title='bbox 1491 4412 1566 4482; x_wconf 70' lang='grc' dir='ltr'>θμέγ</span> 
     </span>
    </p>
   </div>
   <div class='ocr_carea' id='block_1_6' title="bbox 128 4492 1568 5084">
    <p class='ocr_par' dir='ltr' id='par_1_7' title="bbox 201 4492 1567 4568">
     <span class='ocr_line' id='line_1_38' title="bbox 201 4492 1567 4568; baseline 0.001 -21"><span class='ocrx_word' id='word_1_434' title='bbox 201 4494 249 4565; x_wconf 78' lang='grc' dir='ltr'>τὴν</span> <span class='ocrx_word' id='word_1_435' title='bbox 267 4492 407 4547; x_wconf 77' lang='grc' dir='ltr'>ἀπόστασιν</span> <span class='ocrx_word' id='word_1_436' title='bbox 423 4494 470 4565; x_wconf 83' lang='grc' dir='ltr'>τὴν</span> <span class='ocrx_word' id='word_1_437' title='bbox 488 4494 599 4566; x_wconf 72' lang='grc' dir='ltr'>αῦτὴνο</span> <span class='ocrx_word' id='word_1_438' title='bbox 707 4495 852 4550; x_wconf 79' lang='grc' dir='ltr'>θαῦτὸνε</span> <span class='ocrx_word' id='word_1_439' title='bbox 958 4496 986 4548; x_wconf 92' lang='lat' dir='ltr'>ll</span> <span class='ocrx_word' id='word_1_440' title='bbox 1008 4494 1112 4566; x_wconf 80' lang='grc' dir='ltr'>αύτῷο</span> <span class='ocrx_word' id='word_1_441' title='bbox 1214 4496 1245 4548; x_wconf 87' lang='grc'>13</span> <span class='ocrx_word' id='word_1_442' title='bbox 1263 4494 1341 4568; x_wconf 72' lang='grc' dir='ltr'>αῦτη]</span> <span class='ocrx_word' id='word_1_443' title='bbox 1360 4496 1469 4551; x_wconf 76' lang='lat' dir='ltr'><strong>fortasse</strong></span> <span class='ocrx_word' id='word_1_444' title='bbox 1487 4502 1567 4550; x_wconf 74' lang='grc' dir='ltr'>ταῦτα</span> 
     </span>
    </p>

    <p class='ocr_par' dir='ltr' id='par_1_8' title="bbox 203 4580 1485 4656">
     <span class='ocr_line' id='line_1_39' title="bbox 203 4580 1485 4656; baseline 0.006 -21"><span class='ocrx_word' id='word_1_445' title='bbox 203 4582 255 4635; x_wconf 79' lang='lat' dir='ltr'><strong>nisi</strong></span> <span class='ocrx_word' id='word_1_446' title='bbox 273 4580 512 4653; x_wconf 77' lang='grc' dir='ltr'>ἀντιπαρολλάττιιν</span> <span class='ocrx_word' id='word_1_447' title='bbox 532 4583 685 4650; x_wconf 70' lang='lat' dir='ltr'>(Umerus)</span> <span class='ocrx_word' id='word_1_448' title='bbox 705 4583 768 4636; x_wconf 77' lang='lat' dir='ltr'><strong>latet</strong></span> <span class='ocrx_word' id='word_1_449' title='bbox 873 4581 1022 4652; x_wconf 82' lang='grc' dir='ltr'>παραλάτειν</span> <span class='ocrx_word' id='word_1_450' title='bbox 1042 4584 1064 4634; x_wconf 82' lang='lat' dir='ltr'>V</span> <span class='ocrx_word' id='word_1_451' title='bbox 1172 4582 1203 4636; x_wconf 89' lang='grc'>16</span> <span class='ocrx_word' id='word_1_452' title='bbox 1222 4583 1299 4654; x_wconf 85' lang='grc' dir='ltr'>λέγει]</span> <span class='ocrx_word' id='word_1_453' title='bbox 1319 4586 1373 4639; x_wconf 86' lang='lat' dir='ltr'>scil.</span> <span class='ocrx_word' id='word_1_454' title='bbox 1392 4585 1409 4656; x_wconf 81' lang='grc' dir='ltr'>ή</span> <span class='ocrx_word' id='word_1_455' title='bbox 1428 4583 1485 4655; x_wconf 76' lang='grc' dir='ltr'>ύψιτ</span> 
     </span>
    </p>

    <p class='ocr_par' dir='ltr' id='par_1_9' title="bbox 128 4666 1566 4740">
     <span class='ocr_line' id='line_1_40' title="bbox 128 4666 1566 4740; baseline 0.004 -21"><span class='ocrx_word' id='word_1_456' title='bbox 128 4702 132 4709; x_wconf 91' lang='grc'>-</span> <span class='ocrx_word' id='word_1_457' title='bbox 207 4668 236 4720; x_wconf 85' lang='grc' dir='ltr'><strong>Π</strong></span> <span class='ocrx_word' id='word_1_458' title='bbox 255 4666 363 4740; x_wconf 77' lang='grc' dir='ltr'>ἀπορία]</span> <span class='ocrx_word' id='word_1_459' title='bbox 382 4666 415 4720; x_wconf 83' lang='lat' dir='ltr'>cf.</span> <span class='ocrx_word' id='word_1_460' title='bbox 434 4668 503 4735; x_wconf 58' lang='lat'>629,</span> <span class='ocrx_word' id='word_1_461' title='bbox 521 4671 553 4723; x_wconf 84' lang='lat' dir='ltr'>de</span> <span class='ocrx_word' id='word_1_462' title='bbox 572 4686 641 4723; x_wconf 82' lang='lat' dir='ltr'>sens.</span> <span class='ocrx_word' id='word_1_463' title='bbox 660 4670 735 4736; x_wconf 68' lang='lat'>6:5‚11</span> <span class='ocrx_word' id='word_1_464' title='bbox 839 4670 872 4721; x_wconf 76' lang='lat'>20</span> <span class='ocrx_word' id='word_1_465' title='bbox 890 4669 1032 4738; x_wconf 79' lang='grc' dir='ltr'>τέμνουσιν]</span> <span class='ocrx_word' id='word_1_466' title='bbox 1051 4669 1161 4723; x_wconf 76' lang='lat' dir='ltr'><strong>fortasse</strong></span> <span class='ocrx_word' id='word_1_467' title='bbox 1178 4672 1271 4739; x_wconf 83' lang='grc' dir='ltr'>τέμνει,</span> <span class='ocrx_word' id='word_1_468' title='bbox 1290 4672 1341 4724; x_wconf 81' lang='lat' dir='ltr'><strong>nisi</strong></span> <span class='ocrx_word' id='word_1_469' title='bbox 1360 4688 1444 4740; x_wconf 76' lang='lat' dir='ltr'>pauca</span> <span class='ocrx_word' id='word_1_470' title='bbox 1462 4673 1566 4725; x_wconf 78' lang='lat' dir='ltr'>excide·</span> 
     </span>
    </p>

    <p class='ocr_par' dir='ltr' id='par_1_10' title="bbox 205 4755 1567 4827">
     <span class='ocr_line' id='line_1_41' title="bbox 205 4755 1567 4827; baseline 0.001 -19"><span class='ocrx_word' id='word_1_471' title='bbox 205 4760 278 4808; x_wconf 78' lang='lat' dir='ltr'>runt:</span> <span class='ocrx_word' id='word_1_472' title='bbox 297 4755 428 4823; x_wconf 83' lang='grc' dir='ltr'>τέμνουσιν</span> <span class='ocrx_word' id='word_1_473' title='bbox 445 4755 570 4825; x_wconf 79' lang='grc' dir='ltr'>ἀλλήλους</span> <span class='ocrx_word' id='word_1_474' title='bbox 586 4758 620 4821; x_wconf 84' lang='grc' dir='ltr'>(οἱ</span> <span class='ocrx_word' id='word_1_475' title='bbox 639 4763 719 4810; x_wconf 83' lang='grc' dir='ltr'>κῶνοι</span> <span class='ocrx_word' id='word_1_476' title='bbox 737 4757 760 4809; x_wconf 81' lang='grc' dir='ltr'>οί</span> <span class='ocrx_word' id='word_1_477' title='bbox 779 4756 839 4821; x_wconf 81' lang='grc' dir='ltr'>ἀπὸ)</span> <span class='ocrx_word' id='word_1_478' title='bbox 857 4764 911 4810; x_wconf 84' lang='grc' dir='ltr'>τῶν</span> <span class='ocrx_word' id='word_1_479' title='bbox 929 4759 960 4809; x_wconf 78' lang='grc' dir='ltr'>τέ</span> <span class='ocrx_word' id='word_1_480' title='bbox 978 4756 1098 4827; x_wconf 84' lang='grc' dir='ltr'>διαγώνια</span> <span class='ocrx_word' id='word_1_481' title='bbox 1116 4756 1237 4827; x_wconf 81' lang='grc' dir='ltr'>ὁρώντων</span> <span class='ocrx_word' id='word_1_482' title='bbox 1258 4759 1290 4812; x_wconf 81' lang='lat' dir='ltr'>cf.</span> <span class='ocrx_word' id='word_1_483' title='bbox 1309 4760 1350 4813; x_wconf 85' lang='grc' dir='ltr'>ΔΙ.</span> <span class='ocrx_word' id='word_1_484' title='bbox 1369 4758 1401 4811; x_wconf 81' lang='lat' dir='ltr'>do</span> <span class='ocrx_word' id='word_1_485' title='bbox 1419 4775 1488 4811; x_wconf 70' lang='lat' dir='ltr'><strong>sens.</strong></span> <span class='ocrx_word' id='word_1_486' title='bbox 1507 4760 1567 4823; x_wconf 80' lang='lat'><strong>64‚3</strong></span> 
     </span>
    </p>

    <p class='ocr_par' dir='ltr' id='par_1_11' title="bbox 206 4842 1567 4916">
     <span class='ocr_line' id='line_1_42' title="bbox 206 4842 1567 4916; baseline 0.003 -21"><span class='ocrx_word' id='word_1_487' title='bbox 206 4842 235 4895; x_wconf 68' lang='lat'>21</span> <span class='ocrx_word' id='word_1_488' title='bbox 256 4845 290 4895; x_wconf 79' lang='grc' dir='ltr'>τὰ</span> <span class='ocrx_word' id='word_1_489' title='bbox 306 4844 336 4896; x_wconf 89' lang='lat' dir='ltr'>in</span> <span class='ocrx_word' id='word_1_490' title='bbox 354 4843 394 4896; x_wconf 80' lang='lat' dir='ltr'>lit.</span> <span class='ocrx_word' id='word_1_491' title='bbox 409 4845 431 4895; x_wconf 82' lang='lat' dir='ltr'>V</span> <span class='ocrx_word' id='word_1_492' title='bbox 538 4844 571 4897; x_wconf 77' lang='lat'>23</span> <span class='ocrx_word' id='word_1_493' title='bbox 589 4843 678 4913; x_wconf 84' lang='grc' dir='ltr'>αύτδν]</span> <span class='ocrx_word' id='word_1_494' title='bbox 698 4849 759 4897; x_wconf 77' lang='lat' dir='ltr'><strong>ante</strong></span> <span class='ocrx_word' id='word_1_495' title='bbox 779 4863 792 4894; x_wconf 91' lang='grc' dir='ltr'>ν</span> <span class='ocrx_word' id='word_1_496' title='bbox 811 4861 864 4897; x_wconf 80' lang='lat' dir='ltr'>una</span> <span class='ocrx_word' id='word_1_497' title='bbox 882 4844 921 4897; x_wconf 81' lang='lat' dir='ltr'>lit.</span> <span class='ocrx_word' id='word_1_498' title='bbox 940 4846 1053 4897; x_wconf 76' lang='grc' dir='ltr'>ετυευλί</span> <span class='ocrx_word' id='word_1_499' title='bbox 1162 4848 1195 4898; x_wconf 72' lang='lat'>2³6</span> <span class='ocrx_word' id='word_1_500' title='bbox 1215 4844 1253 4899; x_wconf 85' lang='grc' dir='ltr'>ὅτι</span> <span class='ocrx_word' id='word_1_501' title='bbox 1271 4846 1299 4898; x_wconf 84' lang='grc' dir='ltr'>τὸ</span> <span class='ocrx_word' id='word_1_502' title='bbox 1317 4851 1409 4916; x_wconf 84' lang='grc' dir='ltr'>χρῶμα</span> <span class='ocrx_word' id='word_1_503' title='bbox 1427 4848 1505 4916; x_wconf 84' lang='grc' dir='ltr'>πέρας</span> <span class='ocrx_word' id='word_1_504' title='bbox 1521 4852 1567 4899; x_wconf 79' lang='grc' dir='ltr'>τοῦ</span> 
     </span>
    </p>

    <p class='ocr_par' dir='ltr' id='par_1_12' title="bbox 209 4928 1568 5084">
     <span class='ocr_line' id='line_1_43' title="bbox 209 4928 1568 5002; baseline 0.003 -19"><span class='ocrx_word' id='word_1_505' title='bbox 209 4928 353 5002; x_wconf 83' lang='grc' dir='ltr'>διαφανοῦς]</span> <span class='ocrx_word' id='word_1_506' title='bbox 373 4930 406 4984; x_wconf 76' lang='grc' dir='ltr'>σί.</span> <span class='ocrx_word' id='word_1_507' title='bbox 425 4931 466 4983; x_wconf 83' lang='grc' dir='ltr'>ΑΙ.</span> <span class='ocrx_word' id='word_1_508' title='bbox 485 4931 517 4985; x_wconf 87' lang='lat' dir='ltr'>de</span> <span class='ocrx_word' id='word_1_509' title='bbox 535 4948 605 4984; x_wconf 75' lang='lat' dir='ltr'><strong>sens.</strong></span> <span class='ocrx_word' id='word_1_510' title='bbox 623 4930 684 4996; x_wconf 84' lang='grc'>91,8</span> <span class='ocrx_word' id='word_1_511' title='bbox 694 4946 733 5001; x_wconf 80' lang='lat' dir='ltr'>sq.</span> <span class='ocrx_word' id='word_1_512' title='bbox 813 4930 846 4983; x_wconf 72' lang='lat'>32&gt;</span> <span class='ocrx_word' id='word_1_513' title='bbox 865 4930 981 4984; x_wconf 83' lang='grc' dir='ltr'>δεκτικὸν</span> <span class='ocrx_word' id='word_1_514' title='bbox 999 4931 1096 5002; x_wconf 75' lang='grc' dir='ltr'>αὐτῶν]</span> <span class='ocrx_word' id='word_1_515' title='bbox 1115 4933 1143 4985; x_wconf 84' lang='grc' dir='ltr'>δν</span> <span class='ocrx_word' id='word_1_516' title='bbox 1161 4933 1193 4985; x_wconf 84' lang='grc' dir='ltr'>ού</span> <span class='ocrx_word' id='word_1_517' title='bbox 1212 4935 1239 4985; x_wconf 83' lang='lat' dir='ltr'>in</span> <span class='ocrx_word' id='word_1_518' title='bbox 1259 4933 1298 4985; x_wconf 84' lang='lat' dir='ltr'><strong>lit.</strong></span> <span class='ocrx_word' id='word_1_519' title='bbox 1313 4933 1333 4983; x_wconf 84' lang='lat' dir='ltr'>V</span> <span class='ocrx_word' id='word_1_520' title='bbox 1413 4939 1464 4992; x_wconf 88' lang='grc' dir='ltr'>τοῖς</span> <span class='ocrx_word' id='word_1_521' title='bbox 1482 4934 1508 4986; x_wconf 89' lang='grc' dir='ltr'>έν</span> <span class='ocrx_word' id='word_1_522' title='bbox 1528 4934 1568 4987; x_wconf 72' lang='lat' dir='ltr'>Ka</span> 
     </span>
     <span class='ocr_line' id='line_1_44' title="bbox 1301 5018 1364 5084; baseline 0.016 -1"><span class='ocrx_word' id='word_1_523' title='bbox 1301 5018 1364 5084; x_wconf 79' lang='lat'>10*</span> 
     </span>
    </p>
   </div>
   <div class='ocr_carea' id='block_1_7' title="bbox 0 0 1779 5610">
    <p class='ocr_par' dir='ltr' id='par_1_13' title="bbox 0 0 1779 5610">
     <span class='ocr_line' id='line_1_45' title="bbox 0 0 1779 5610; baseline 0 0"><span class='ocrx_word' id='word_1_524' title='bbox 0 0 1779 5610; x_wconf 95' lang='lat' dir='ltr'> </span> 
     </span>
    </p>
   </div>
  </div>
 </body>
</html>
