3540 5610
200 297 260 361 184
636 248 870 350 Αοιειινιοοι
884 290 1109 350 ιονοιιιιοοι

253 466 383 550 εὑρετήν.
428 469 472 531 διδ
505 468 541 531 τὰ
574 469 626 549 μὲν
649 466 723 531 ἀλλα
745 472 817 553 ζῷα,
851 468 870 531 ἀ
903 467 974 532 εἴκει
1001 472 1063 537 ταῖς
1085 469 1251 552 φαντασίαις
1284 468 1396 551 μόναις,
1430 467 1493 533 κατ’

251 569 341 638 αῦτάς
363 569 427 656 ἔχει
449 575 507 634 τῶν
530 571 770 653 αυγκαταθέσεῶν
792 594 823 634 τε
845 573 892 634 καὶ
915 576 973 634 τῶν
1007 571 1080 634 κατὰ
1102 571 1152 641 τάς
1175 571 1290 656 πράξεις
1324 573 1423 655 ὁρμῶν
1456 572 1496 634 αδ
1511 590 1539 631 ιο

253 672 323 746 πίας,
358 674 373 736 δ
397 675 429 737 δὲ
451 672 606 758 ἄνθρωπος
627 671 691 758 ἔχει
712 678 769 736 τῶν
797 679 1037 756 προσπιπτουσῶν
1072 672 1180 745 ἔξωθεν
1212 681 1379 758 φαντασιῶν
1414 675 1496 759 αὐτῷ

254 777 400 860 περὶτῶν
423 777 572 860 πρακτέων
595 778 693 860 κριτὴν
717 778 764 840 τδν
787 775 881 859 λόγον,
915 774 940 862 ῷ
966 781 1118 861 χρώμενος
1140 778 1263 860 ἑκάστην
1285 777 1382 841 αὐτῶν
1404 776 1498 845 ἐξετά-

220 881 307 953 σζει,
331 880 372 962 μὴ
397 879 483 962 μόνον
505 879 531 941 εἰ
553 880 682 964 φαίνεται
703 878 831 963 τοιαύτη,
855 880 941 943 ὁποία
962 880 1103 964 φαίνεται,
1127 880 1202 943 ἀλλά
1224 880 1272 942 καὶ
1294 881 1320 943 εἰ
1335 878 1406 943 ἔστι.
1443 877 1498 942 κάν

254 981 325 1064 εῦρη
343 985 437 1064 ζητῶν
454 983 526 1044 κατὰ
540 983 589 1045 τὸν
611 981 695 1063 λόγον
717 982 832 1045 ἀλλοῖον
855 981 944 1066 αὐτῆς
967 986 1017 1046 τοῦ
1040 982 1194 1066 φαίνεσθαι
1215 982 1248 1044 τὸ
1270 980 1352 1064 εἶναι,
1373 981 1409 1044 οὐ
1423 980 1496 1044 δἰδτι
1512 999 1536 1040 ιε

252 1085 348 1146 τοιάδε
381 1108 421 1153 τις
454 1087 582 1168 φαίνεται
609 1087 812 1170 συνεχώρησεν
840 1084 925 1167 αὐτῇ,
959 1083 1035 1158 ἀλλ’,
1068 1083 1112 1146 ὅτι
1139 1085 1179 1168 μὴ
1207 1084 1255 1147 καί
1286 1082 1347 1148 ἔστι
1367 1085 1498 1168 τοιαύτη,

253 1185 396 1249 ἐνίσταται
417 1188 489 1270 πρὸς
511 1187 610 1269 αὐτην.
655 1188 747 1255 οὕτως
775 1190 842 1270 γοῦν
866 1188 914 1249 καὶ
936 1185 1032 1270 ἡδέων
1064 1191 1147 1250 τινῶν
1180 1189 1360 1270 φαινομένων
1394 1188 1499 1250 πολλά·

256 1311 299 1356 κις
332 1289 482 1374 ἀπέχεται,
516 1291 608 1352 καίτοι
631 1288 721 1374 ὄρεξιν
744 1287 849 1375 (ἔχων)
871 1289 979 1365 αῦτῶν,
1011 1289 1055 1352 ὅτι
1078 1291 1119 1374 μὴ
1141 1289 1189 1351 τδν
1216 1288 1300 1371 λόγον
1333 1287 1421 1374 ἔσχεν
1454 1293 1497 1372 τῷ

203 1411 233 1456 10
251 1390 416 1475 φαινομένῳ
449 1390 619 1475 συνᾴδοντα,
653 1392 761 1474 ὁμοίως
796 1394 829 1456 δὲ
861 1394 909 1456 καὶ
932 1391 1113 1476 συμφέροντα
1135 1392 1260 1476 φανέντα
1281 1392 1344 1455 τινά
1366 1393 1496 1475 παρητή-
1509 1410 1536 1452 ιν

254 1514 334 1568 σατο,
357 1498 399 1578 τῷ
423 1493 502 1579 λόγῳ
525 1499 609 1558 τοῦτο
632 1495 725 1565 δόξαν.
763 1497 791 1558 εἰ
812 1496 844 1558 δὲ
865 1496 898 1558 τὸ
920 1494 967 1579 ἐφ’
995 1497 1064 1578 ἡμῖν
1087 1494 1147 1559 ἐστι
1169 1495 1200 1557 ἐν
1223 1498 1378 1578 τῷλοηικη
1395 1515 1500 1576 συγκα-

255 1595 382 1672 ταθέσει,
415 1598 478 1681 ἥτις
500 1598 547 1661 διὰ
568 1603 618 1660 τοῦ
643 1598 833 1682 βουλεύεσθαι
856 1598 972 1680 γίνεται,
1006 1599 1033 1659 οί
1055 1597 1087 1660 δὲ
1109 1596 1199 1679 ἐντῇ
1235 1596 1447 1679 ουηκαταθέσει
1468 1619 1500 1659 τε

254 1699 301 1761 καὶ
325 1699 403 1781 ὁρμῇ
426 1721 512 1783 φασιν
535 1699 617 1776 εἶναι,
640 1700 684 1763 δτι
706 1701 754 1763 καὶ
777 1700 890 1782 ἀλόγως
904 1702 1020 1782 γίνεται,
1043 1701 1126 1783 δῆλοι
1148 1697 1184 1762 δι’
1205 1700 1246 1762 ῶν
1262 1699 1394 1782 λέγουσιν
1410 1700 1499 1784 ραθυ-
1512 1718 1538 1760 ιε

253 1799 374 1885 μότερον
407 1803 473 1886 περὶ
505 1806 556 1865 τοῦ
589 1800 634 1886 ἐφ’
663 1804 732 1885 ἡμῖν
769 1803 1019 1887 διαλαμβάνοντες,
1056 1801 1126 1886 (ὅτι)
1159 1801 1226 1865 οὔτε
1253 1801 1298 1865 δτι
1325 1801 1388 1865 ποτ’
1423 1803 1499 1866 ἐστὶν

205 1924 234 1971 15
254 1904 336 1976 αὐτό,
359 1903 426 1966 οὔτε
447 1905 478 1966 ἐν
500 1905 552 1967 τίνι
575 1907 689 1985 γίνεται,
712 1904 852 1986 λέγουσιν.
890 1908 922 1968 τὸ
945 1906 999 1990 γὰρ
1014 1905 1086 1969 εἶναι
1101 1908 1208 1990 λογικῷ
1226 1905 1309 1968 οὐδὲν
1325 1904 1397 1968 ἄλλο
1412 1905 1501 1980 ἐστίν,

255 2008 274 2090 η
297 2008 329 2070 τδ
352 2007 447 2091 ἀρχὴν
471 2007 602 2092 πράξεων
625 2006 706 2070 εἶναι.
744 2011 785 2074 ῶς
806 2008 859 2092 γὰρ
882 2007 964 2092 άλλιρ
979 2009 1009 2071 έν
1025 2008 1106 2092 ἄλλῷ
1129 2009 1161 2070 τδ
1184 2007 1267 2084 εἶναι,
1288 2012 1331 2092 τῷ
1355 2009 1407 2089 μὲν
1430 2006 1501 2091 ζῷιρ

254 2111 284 2173 ἐν
307 2114 349 2194 τῷ
373 2111 533 2194 δρμητικῷ,
555 2113 598 2194 τῷ
622 2111 654 2173 δὲ
676 2109 743 2192 πυρὶ
766 2110 795 2172 ἐν
819 2117 860 2195 τῷ
885 2112 989 2195 θερμῷ
1013 2112 1114 2174 τεκαὶ
1137 2111 1332 2195 θερμαντικῷ,
1361 2110 1442 2193 ἄλλῳ
1465 2110 1498 2172 δὲ
1513 2126 1541 2168 ιο

255 2213 286 2275 ἐν
308 2212 400 2296 ἀλλῷ,
424 2211 515 2279 υῦτως
536 2212 569 2273 δὲ
591 2215 634 2296 τῷ
657 2212 807 2297 ἀνθρώπῳ
830 2213 926 2298 ἐντῷ
951 2218 1069 2297 λογικῷ,
1093 2213 1108 2274 δ
1131 2211 1192 2276 ἴσον
1215 2213 1276 2277 ἐστὶ
1298 2218 1341 2297 τῷ
1364 2212 1395 2275 ἐν
1417 2212 1499 2297 αὑτῷ

255 2317 351 2400 ἀρχὴν
385 2313 463 2399 ἔχειν
490 2318 539 2377 τοῦ
573 2317 621 2376 καὶ
647 2314 764 2378 ἑλέσθαι
791 2338 817 2377 τι
843 2317 891 2379 καὶ
924 2318 979 2399 μή·
1014 2318 1060 2379 καὶ
1092 2319 1124 2378 τὸ
1152 2315 1223 2379 αὐτὸ
1251 2313 1352 2399 ἄμφω,
1387 2316 1501 2379 ῶστεδ

202 2438 236 2484 νο
254 2422 338 2479 τοῦτο
371 2417 496 2501 ἀναιρῶν
530 2417 642 2500 ἀναιρεῖ
662 2417 710 2480 τὸν
737 2416 903 2501 ἄνθρωπον.
949 2416 1083 2500 ἐοίΙκασιν
1110 2418 1143 2481 δὲ
1176 2417 1419 2500 παραλελοιπδτες
1454 2420 1502 2482 τδν
1522 2427 1554 2482 52

255 2520 340 2602 λόγον
362 2521 392 2582 ἐν
415 2544 451 2603 τη
476 2521 555 2603 ὁρμῇ
578 2520 611 2582 τὸ
634 2517 679 2602 ἐφ’
708 2521 778 2602 ἡμῖν
800 2520 942 2600 τίθεσθαι,
977 2521 1020 2583 ὅτι
1056 2519 1156 2604 μηκέτ’
1185 2521 1215 2584 ἐν
1244 2525 1288 2607 τῷ
1313 2521 1503 2606 βουλεύεσθαι

255 2623 385 2705 λέγουσιν
418 2623 515 2691 αὐτοῖς
547 2623 580 2685 τὸ
602 2621 649 2706 ἐφ’
678 2624 746 2705 ἡμῖν
770 2621 841 2686 εἶναι
874 2628 1025 2708 προχωρεῖ
1049 2625 1080 2687 τδ
1109 2623 1247 2709 σόφισμα.
1292 2624 1340 2686 ἐπὶ
1371 2625 1423 2707 μὲν
1447 2626 1501 2710 γὰρ

255 2732 307 2810 τῆς
330 2727 422 2810 ὁρμῆς
444 2723 563 2810 ἔχουσιν
586 2724 678 2807 λέγειν
700 2727 732 2787 τὸ
756 2725 802 2787 ἐπὶ
826 2731 885 2794 τοῖς
908 2724 995 2810 ζῷυιτ
1017 2725 1088 2789 εἶναι
1104 2727 1140 2789 τὰ
1154 2727 1289 2809 γινόμενα
1305 2725 1372 2790 καθ’
1394 2726 1499 2809 ὁρμήν,
1527 2745 1541 2786 ε

256 2828 300 2891 δτι
322 2830 363 2912 μὴ
386 2829 435 2891 οἷά
456 2852 488 2891 τε
510 2829 600 2912 χωρὶς
633 2829 725 2911 ὁρμῆς
748 2828 784 2891 τὰ
805 2825 842 2890 δι’
869 2827 965 2890 αὐτῶν
988 2830 1123 2912 γινόμενα
1157 2835 1258 2907 ποιεῖν,
1291 2831 1317 2892 εἰ
1347 2827 1376 2892 δ’
1403 2829 1434 2892 ἐν
1456 2833 1501 2914 τῷ

203 2953 237 3000 25
257 2931 448 3019 βουλεύεσθαι
470 2933 503 2994 τὸ
525 2929 573 3015 ἐφ’
602 2932 680 3013 ἡμῖν,
714 2928 799 2993 ἔνθεν
821 2930 918 2994 οὐκέτ’
947 2931 1043 3000 αὐτοῖς
1064 2933 1161 2996 είπετυ
1183 2933 1216 2995 τδ
1240 2933 1281 3016 μὴ
1304 2932 1444 2996 δύνασθαι
1467 2933 1503 2995 τὰ

257 3033 294 3098 δι’
322 3035 479 3116 ἀνθρώπου
501 3032 635 3116 γινόμενα
656 3033 753 3104 ἄλλως
785 3033 919 3116 γενέσθαι
942 3038 984 3118 τῷ
1009 3035 1056 3096 τὸν
1079 3033 1233 3117 ἄνθρωπον
1265 3033 1333 3098 ὄντα
1356 3036 1502 3120 βουλευτι-
1518 3054 1545 3095 ιο

258 3138 308 3201 κδν
332 3137 372 3220 μὴ
396 3137 489 3198 πάντα
511 3135 546 3197 τά
568 3134 703 3218 γινόμενα
724 3135 761 3199 δι’
788 3135 877 3199 αὐτοῦ
900 3135 1107 3220 βουλευόμενον
1131 3143 1232 3200 ποιεῖν.
1271 3137 1304 3200 οῦ
1320 3137 1375 3221 ηάρ
1397 3139 1502 3213 πάντα,

257 3240 447 3319 ἀποιυῦμεν,
471 3238 696 3322 βουλευσάμενοι
718 3243 867 3321 ποιοῦμεν,
901 3237 976 3301 ἀλλὰ
999 3241 1136 3306 πολλάκις
1159 3238 1222 3320 μέν,
1256 3238 1289 3302 οῦ
1319 3243 1504 3323 συγχωροῦν·

258 3366 305 3411 τος
328 3345 378 3404 τοῦ
401 3345 500 3422 καιροῦ
523 3345 580 3400 τῶν
603 3340 772 3425 πραχθῆναι
795 3340 918 3404 δεόντων
940 3345 983 3425 τῷ
1007 3339 1221 3425 βουλεύσασθαι
1243 3341 1358 3426 χρόνον,
1388 3341 1436 3403 καὶ
1460 3342 1502 3424 μὴ

205 3467 238 3513 30
257 3444 486 3532 βουλευσάμενοί
515 3465 577 3504 τινα
610 3446 758 3524 ποιοῦμεν,
792 3445 929 3512 πολλάκις
960 3445 992 3506 δὲ
1022 3445 1069 3506 καὶ
1092 3441 1130 3505 δι’
1158 3444 1256 3527 ἀργίαν
1286 3443 1390 3526 ἤτινα
1411 3442 1504 3526 ἀλλην
1520 3462 1547 3505 ιε

257 3549 358 3613 αἰτίαν.
398 3548 424 3609 εἰ
446 3544 535 3608 δὲτὰ
559 3545 610 3625 μὲν
634 3546 871 3629 βουλευσαμένων
895 3547 990 3629 ἡμῶν,
1013 3547 1048 3608 τά
1071 3546 1173 3609 δὲκαὶ
1196 3545 1237 3627 μὴ
1261 3544 1503 3629 βουλευσαμένων

257 3654 372 3736 γίνεται,
395 3648 492 3712 υῦκέτι
515 3650 616 3733 χώραν
639 3645 702 3731 ἔχει
725 3650 757 3711 τδ
780 3648 872 3731 λέγειν
895 3650 928 3711 τὸ
950 3649 986 3711 τὰ
1010 3647 1058 3712 διά
1080 3653 1130 3711 τοῦ
1155 3647 1345 3732 βουλεύεσθαι
1368 3647 1506 3731 γινόμενα

210 3911 219 3961 l
241 3907 342 3977 εῦρέτην
361 3911 384 3957 V
510 3903 585 3968 ἄλλα]
603 3903 682 3972 ἄλογα
702 3908 724 3956 Η
852 3906 873 3957 l.
892 3904 908 3956 2
927 3901 988 3956 κατ’
1008 3903 1096 3970 αῦτάτ]
1115 3906 1157 3956 καὶ
1175 3904 1267 3962 ταῦτας
1286 3909 1359 3976 Ηηρ.
1374 3908 1416 3957 Es

206 3997 221 4046 2
247 3993 346 4065 πράξεις
374 4011 397 4046 ν.
420 4011 441 4045 c.
465 3992 539 4044 W:
567 3990 648 4050 τάξεις
672 3994 756 4045 V¹ES
885 3993 901 4044 3
925 3991 1144 4062 προσπιπτουσῶν]
1172 4008 1223 4044 σων
1248 3995 1276 4045 in
1299 3994 1336 4046 lit.
1361 3994 1395 4044 m¹
1415 3995 1469 4045 sive
1493 4009 1517 4043 v.
1536 4009 1558 4044 c.

205 4099 225 4134 s.
246 4100 269 4134 ν.
288 4086 312 4131 V
401 4079 471 4148 αὐτῷ
489 4086 631 4150 φαντασιῶν
654 4080 692 4130 a¹²
797 4080 918 4145 ὃδπυία]
946 4079 1020 4149 ὅμοια
1038 4080 1119 4133 Lond.
1262 4082 1277 4133 θ
1301 4082 1398 4151 ζητῶν]
1425 4081 1456 4149 ζη
1478 4096 1560 4148 supra

206 4186 269 4222 vers.
289 4174 312 4220 V
419 4167 503 4225 αῦτοῑς
525 4171 547 4220 Ο
697 4168 712 4218 9
737 4185 819 4219 καιτοι
837 4173 862 4219 V
986 4166 1063 4238 ὄρεξιν
1083 4167 1150 4240 ἔχων
1169 4168 1289 4222 3³11ES:
1318 4168 1384 4240 έχων
1409 4167 1488 4238 ὄρεξιν
1507 4168 1559 4219 ⁸¹²:

206 4254 317 4327 ὄρεξινθ
410 4257 437 4306 11
463 4254 523 4318 <δτι>
544 4256 582 4323 τῷ
600 4254 722 4307 Lond.0
832 4255 863 4307 13
891 4251 928 4306 δτι
946 4272 992 4324 περ
1010 4254 1046 4306 Β2
1164 4255 1194 4306 11
1217 4253 1254 4306 δτι
1273 4255 1375 4307 addidi:
1402 4261 1463 4306 ante
1482 4252 1559 4324 ραθυ·

206 4345 310 4413 μότερον
330 4343 386 4409 (13)
406 4345 481 4411 Casp.
501 4344 543 4394 Or.
562 4343 630 4406 („vel
648 4341 758 4410 λέγουσιν
778 4342 854 4404 dolf)
963 4341 993 4393 15
1017 4341 1086 4410 αῦτῷ
1109 4343 1148 4393 11¹²
1262 4341 1362 4411 λογικὸν
1386 4341 1466 4394 Lond.
1485 4346 1510 4396 Ο

208 4432 239 4482 16
267 4431 283 4500 κ]
305 4435 326 4479 V
434 4429 503 4498 ἄλλῳ
522 4430 548 4480 ἐν
572 4430 628 4482 eas.
648 4433 683 4482 0:
712 4428 799 4486 ἁπλῶς
816 4429 841 4481 ἐν
861 4429 936 4497 Casp.
956 4433 991 4484 0:
1014 4429 1096 4487 ἄλλως
1115 4430 1174 4483 libri
1265 4431 1297 4483 18
1315 4431 1359 4483 alt.
1376 4431 1402 4482 ίν
1422 4446 1470 4482 om.
1484 4430 1525 4481 ο12

207 4517 275 4586 αὐτῷ
295 4520 400 4584 scripsi:
429 4516 500 4584 αὐτῷ
522 4516 603 4569 Lond.
623 4520 659 4569 O:
688 4517 725 4585 τῷ
744 4517 809 4567 Va¹²
963 4516 993 4568 19
1022 4515 1120 4570 ἑλέσθαι
1140 4519 1244 4585 scripsi:
1272 4515 1373 4589 ἔχεσθαι
1391 4518 1463 4571 libri:
1494 4518 1560 4586 ἐνερ-

206 4613 255 4673 γεῖν
275 4605 309 4657 13²
431 4605 465 4668 τι]
490 4608 534 4655 τοῦ
557 4605 622 4656 coni.
643 4607 665 4656 Ο
794 4602 884 4673 ἄμφω]
908 4604 962 4655 scil.
986 4604 1014 4656 τὸ
1038 4603 1139 4672 λογικὸν
1163 4611 1188 4657 et
1210 4603 1343 4675 ἄνθρωπος
1365 4605 1419 4672 (καὶ
1444 4605 1473 4656 τὸ
1498 4604 1561 4658 αῦτδ

206 4693 303 4762 ἀφιέναι
322 4694 390 4745 coni.
403 4692 478 4758 θυεμ.
492 4692 525 4756 O)
616 4691 649 4742 20
667 4689 861 4762 παραλελιπάτεσ
875 4696 905 4742 V:
924 4691 1172 4763 παραλελειπάτεςΗ
1263 4693 1295 4744 21
1321 4693 1357 4760 μὴ
1377 4694 1444 4744 HSB
1466 4693 1497 4744 in
1519 4692 1560 4744 lit.

207 4796 289 4849 Lond.
309 4800 341 4849 0:
360 4784 409 4866 μὴν
428 4799 466 4849 sic
487 4801 517 4848 V:
537 4797 586 4866 μὴν
605 4794 644 4847 ιι12
751 4795 783 4847 ⁴25
802 4796 904 4864 ἡμινθ
1012 4795 1044 4848 27
1064 4802 1130 4849 ποιεῖ
1146 4795 1173 4846 οἳ
1279 4795 1313 4848 30
1331 4795 1415 4866 ἀρηιαν
1434 4800 1458 4847 V

207 4883 240 4936 3⁶2
259 4883 338 4954 λέγειν
357 4884 386 4936 τὸ
405 4901 454 4936 om.
474 4887 496 4938 Ο
