3540 5610
681 327 884 382 Αωωωιιυιιι
907 329 951 382 ον
974 329 1082 384 ειιωωι
1108 314 1112 321 ’
1391 278 1401 297 ⁰
1518 332 1558 395 33

258 499 366 584 φεσθᾳι
388 501 460 584 πρὸς
481 501 534 584 τὴν
556 500 674 584 δύναμιν
697 502 749 586 τῆν
772 502 938 586 θρεπτικῆν.
981 508 1025 587 τῷ
1049 503 1101 586 μὲν
1123 502 1177 586 γὰρ
1200 503 1369 589 τρεφομένῳ
1391 505 1424 568 τδ
1447 502 1507 587 τρέ·

259 602 368 686 φεσθαι
390 603 449 665 ἀπὸ
472 607 526 687 τῆς
548 605 700 688 δυνάμεως
721 610 774 688 τῆς
796 605 963 689 θρεπτικῆς.
1001 605 1035 668 οὐ
1059 606 1116 688 μὴν
1139 607 1158 688 ῆ
1182 605 1300 688 δύναμις
1322 609 1341 691 ῆ
1364 606 1505 692 θρεπτικὴ

259 705 331 786 πρὸς
358 706 391 768 τὸ
418 704 492 768 εἶναι
518 708 608 770 δεῖται
633 712 686 792 τῆς
712 708 864 791 ἐνεργείας.
907 706 960 774 τὰς
989 708 1040 791 μὲν
1066 708 1120 791 γὰρ
1149 708 1207 771 άπὸ
1235 715 1293 772 τῶν
1322 710 1409 779 ἕξεων
1435 731 1507 790 γινο-
1567 758 1571 765 .

259 806 348 890 μένας
370 808 511 893 ἐνεργείας
538 808 678 872 ἀδύνατον
705 808 777 874 εἶναι
799 810 891 895 χωρίς
918 812 977 872 τῶν
1003 809 1105 884 ἕξεων,
1133 812 1163 874 αἱ
1191 812 1223 874 δὲ
1245 812 1318 882 ἕξεις
1343 814 1392 877 καὶ
1415 812 1507 896 χωρίς

231 913 318 972 θεῶν
340 909 490 994 ἐνεργειῶν
513 910 585 986 εἶναι
607 911 749 975 δόνανται.
796 912 871 975 ἀλλὰ
894 902 952 996 μῆν
973 913 1021 975 τὸν
1044 913 1109 996 περί
1132 917 1183 976 τοῦ
1198 915 1366 1000 τρέφεσθαι
1388 914 1508 996 λέγοντα

259 1015 306 1076 δεῖ
325 1019 440 1097 πρῶτον
463 1015 527 1098 περὶ
550 1018 660 1099 τροφῆς
682 1014 783 1077 εἰπεῖν.
828 1015 967 1078 ἀδύνατον
989 1014 1043 1098 γὰρ
1064 1018 1208 1101 γνώριμον
1235 1017 1369 1099 γενέσθαι
1391 1018 1424 1080 τδ
1447 1015 1506 1101 τρέ-
1520 1031 1548 1073 8⁰

258 1117 366 1201 φεσθαι
390 1115 585 1200 ἀγνοουμένης
611 1121 663 1200 τῆς
687 1122 811 1202 τροφῆς,
838 1113 861 1202 ᾗ
886 1118 918 1181 τὸ
945 1115 1120 1202 τρεφόμενον
1148 1119 1290 1204 τρέφεται.
1335 1122 1354 1203 ῆ
1377 1121 1409 1183 δὲ
1431 1120 1505 1203 αὐτὴ

258 1225 312 1303 τῆς
334 1221 485 1303 ζητήσεως
505 1218 583 1290 τάξις
604 1219 651 1305 εῖιγ
673 1219 708 1283 ἂν
729 1222 778 1284 καὶ
800 1221 847 1284 ἐπὶ
870 1225 927 1283 τῶν
949 1218 1047 1283 ἄλλων
1068 1225 1122 1304 τῆς
1143 1226 1240 1306 ψυχῆς
1263 1225 1425 1306 δυνάμεων.
1459 1224 1507 1286 καί
1613 1282 1618 1291 ,

258 1322 313 1405 γὰρ
335 1319 381 1384 ἐπ’
402 1322 518 1385 ἐκείνων
540 1324 570 1386 αἱ
590 1323 729 1408 ἐνέργειαι
751 1328 808 1386 τῶν
831 1322 918 1393 ἕξεων
940 1326 1165 1408 γνωριμώτεροι.
1203 1325 1387 1397 συνέζευκται
1409 1326 1441 1388 δὲ
1463 1328 1506 1409 τῷ

219 1431 319 1488 ιυτῶν
341 1425 490 1509 ἐνεργειῶν
517 1423 596 1510 λόγῳ
619 1428 666 1490 καὶ
693 1427 710 1489 ό
737 1432 795 1490 τῶν
822 1427 886 1511 περί
914 1426 933 1489 ἃ
959 1427 989 1489 αἱ
1013 1426 1150 1511 ἐνέργειαι
1177 1426 1269 1510 λόγος.
1314 1431 1360 1491 δεῖ
1384 1428 1441 1512 ἄρα
1462 1433 1505 1512 τῷ

259 1529 393 1612 μέλλοντι
414 1527 571 1604 δεικνύναι,
598 1529 640 1598 τίς
661 1528 733 1592 ποτέ
754 1529 829 1592 ἐστιν
857 1530 876 1611 ἡ
900 1529 1039 1613 θρεπτικὴ
1061 1532 1159 1615 ψυχή,
1186 1535 1301 1614 πρῶτον
1329 1532 1420 1594 εἰπεῖν
1442 1530 1507 1615 περὶ

235 1636 378 1716 ,τνονῆε

344 1734 432 1818 Διττῖγ
460 1735 497 1825 δὴ
523 1736 542 1819 ῆ
573 1734 666 1819 τροφὴ
695 1736 777 1797 δοκεῖ
806 1732 887 1798 εἶναι.
932 1736 968 1819 ῆν
998 1759 1029 1798 τε
1055 1735 1108 1818 γὰρ
1135 1735 1362 1821 προσφερόμεθα
1388 1735 1507 1811 ἔξωθεν,
1521 1752 1548 1795 ευ

234 1838 311 1925 ,τῆν
333 1836 461 1900 ἄπεπτον
483 1833 540 1910 ἔτι,
566 1837 660 1921 τροφὴ
683 1840 812 1900 καλεῖται
836 1835 942 1921 [τροφὴ
965 1836 1089 1922 λέγεται]
1107 1840 1163 1902 ’καὶ
1185 1841 1204 1924 ῆ
1227 1839 1454 1924 κατειργασμένη
1476 1864 1508 1905 τε

215 1956 243 2000 ιο
257 1940 317 2024 ἤδη
345 1941 394 2003 καὶ
420 1939 657 2024 προσκρινομένη.
702 1940 751 2025 κρῖ
780 1939 827 2002 διὰ
853 1940 886 2002 τὸ
914 1941 1006 2003 διττδν
1032 1945 1117 2004 τοῦτο
1145 1947 1198 2027 τῆς
1222 1948 1330 2028 τροφῆς
1357 1943 1428 2006 ποτέ
1455 1940 1506 2025 μὲν

259 2044 376 2127 λέγεται
396 2043 430 2105 τδ
454 2042 579 2105 ἐναντίον
601 2047 643 2126 τῷ
667 2042 786 2127 ἐναντίῳ
808 2042 983 2127 τρέφεσθαι,
1009 2044 1080 2106 ποτὲ
1103 2044 1135 2107 δὲ
1156 2045 1189 2108 τδ
1212 2043 1312 2128 ὅμοιον
1335 2050 1378 2131 τῷ
1403 2045 1505 2130 όμυίῳ.

257 2147 355 2231 ῆ.μὲν
377 2144 432 2229 γὰρ
454 2143 583 2213 ἄπεπτος
605 2142 646 2207 ἔτι
667 2146 717 2208 καὶ
738 2143 951 2228 ἀκατέργαστος
971 2147 1075 2231 τροφή.
1113 2146 1187 2232 αὕτη
1210 2146 1235 2211 δ’
1263 2149 1338 2212 ἐστὶν
1361 2151 1380 2232 ἡ
1403 2152 1506 2232 πρώτη
1521 2164 1549 2206 ιιι

258 2250 374 2313 ἐναντία
395 2254 438 2333 τῷ
461 2247 631 2332 τρεφομένῳ
654 2252 696 2331 τῷ
720 2249 778 2310 δεῖν
802 2248 853 2331 μὲν
875 2247 951 2331 αὐτῆ
974 2250 1146 2334 μεταβολῆς,
1170 2250 1250 2319 ὅπως
1272 2250 1438 2335 ἐξομοιωθῇ
1462 2257 1505 2337 τῷ

257 2350 440 2437 τρεφομένῳ,
461 2354 590 2414 τοιοῦτον
615 2349 668 2435 γὰρ
690 2352 709 2433 ῆ
733 2349 827 2434 πέψις.
872 2351 892 2433 ἡ
915 2351 947 2414 δὲ
970 2353 1116 2437 μεταβολὴ
1139 2356 1225 2415 πᾶσιν
1252 2353 1294 2422 εἰς
1315 2354 1348 2417 τδ
1371 2354 1506 2419 ἐναντίον.

211 2471 243 2515 ευ
256 2454 326 2518 οὔτε
347 2455 402 2539 γὰρ
424 2460 466 2539 τῷ
490 2457 585 2538 λευκῷ
607 2452 649 2521 είς
670 2451 743 2515 ἄλλο
765 2477 791 2515 τι
813 2454 889 2516 καθὸ
912 2452 1013 2517 λευκόν
1037 2453 1113 2516 ἐστιν
1136 2456 1154 2537 ῆ
1180 2456 1343 2541 μεταβολή,
1370 2457 1388 2539 ῆ
1411 2457 1454 2526 εἰς
1474 2458 1508 2520 τὸ

181 2600 186 2610 ·
259 2558 351 2644 μέλαν
380 2557 400 2641 ῆ
422 2580 448 2619 τι
474 2561 531 2619 τῶν
559 2555 663 2640 μεταξὺ
686 2557 867 2642 χρωμάτων,
895 2557 981 2620 δκαὶ
1008 2555 1079 2619 αδτδ
1106 2557 1180 2621 κατὰ
1203 2558 1254 2640 τὴν
1281 2558 1323 2627 εἰς
1344 2559 1512 2623 τούναντίον

259 2661 423 2746 μεταβολὴν
450 2660 570 2742 γίνεται,
603 2657 670 2722 οὔτε
697 2663 742 2744 τῷ
769 2659 870 2743 θερμῷ
899 2659 941 2728 εἰς
967 2658 1038 2722 ἄλλο
1066 2683 1092 2722 τι
1118 2659 1137 2743 ῆ
1164 2660 1196 2722 τδ
1224 2659 1354 2746 ψυχρόν,
1389 2664 1437 2725 καὶ
1464 2668 1511 2749 τῷ

258 2768 367 2849 ψυχρῷ
397 2764 480 2826 πολιν
508 2763 549 2831 εἰς
575 2762 681 2825 ἐκεῖνο
716 2760 775 2824 ἀλλ’
808 2762 878 2826 οδδὲ
903 2763 935 2824 τδ
957 2762 1045 2844 γλυκὺ
1072 2762 1113 2831 είς
1139 2748 1240 2826 λευκὸν
1267 2763 1286 2847 ῆ
1310 2763 1399 2845 μέλαν
1427 2765 1511 2849 ῆείς

257 2867 374 2952 ψυχρὸν
401 2866 421 2949 ῆ
444 2865 552 2950 θερμδν
581 2865 754 2950 μεταβάλλει
781 2865 856 2928 καθὸ
881 2864 985 2947 γλυκό,
1014 2861 1074 2928 ἀλλ’
1106 2865 1146 2934 εἰς
1174 2866 1222 2928 τδν
1251 2866 1376 2929 ἐναντίον
1403 2868 1508 2953 χυμόν.
1524 2886 1551 2928 νο

213 2986 243 3030 νε
256 2970 307 3033 καί
329 2971 349 3053 ἡ
371 2968 499 3036 ἄπεπτος
520 2969 556 3052 δὴ
579 2969 689 3053 τροφή,
717 2968 744 3030 εἰ
766 2967 813 3031 διὰ
835 2973 887 3052 τῆς
909 2967 1026 3053 πέψεως
1052 2962 1274 3054 μεταβάλλουσα
1296 2970 1383 3053 όμοία
1405 2958 1509 3054 γίνεται

256 3078 302 3159 τῷ
326 3070 513 3156 τρεφομένῳ,
540 3072 596 3155 πρδ
619 3075 671 3154 τῆς
693 3069 810 3155 πέψεώς
839 3072 940 3133 τεκαὶ
963 3072 1125 3156 μεταβολῆς
1153 3071 1199 3154 εἴη
1223 3071 1258 3135 ἂν
1282 3072 1394 3136 ἐναντία
1416 3073 1508 3160 αὐτῷ.

220 3196 229 3212 ·
258 3177 304 3240 διδ
333 3177 378 3238 δεῖ
404 3179 498 3237 πᾶσαν
526 3174 577 3257 τῆν
605 3173 739 3256 τοιαύτην
761 3175 870 3259 τροφὴν
898 3172 1053 3237 πέττεσθαι
1080 3174 1220 3239 δύνασθαι
1250 3177 1298 3238 καὶ
1321 3179 1509 3263 μεταβάλλειν

257 3279 302 3347 εἰς
315 3279 360 3351 ,τὸ
387 3277 561 3363 τρεφόμενον
595 3275 644 3338 ὑπ’
671 3275 771 3360 αὐτῆς.
816 3275 910 3346 οὕτως
939 3277 991 3360 μὲν
1024 3275 1073 3340 οὖν
1101 3278 1133 3340 τὸ
1160 3276 1285 3340 ἐναντίον
1317 3282 1362 3363 τῷ
1389 3279 1509 3366 ἐναντίῳ

202 3500 275 3554 2-3
302 3499 333 3552 οδ
351 3498 578 3571 μὴν-ἐνεργείας]
602 3515 652 3550 nur
670 3500 780 3553 braucht
797 3499 840 3552 die
859 3500 990 3553 nahrendo
1008 3499 1084 3553 Kraft
1106 3502 1179 3553 nicht
1198 3517 1256 3553 zum
1275 3503 1326 3554 Aet
1349 3503 1389 3570 (in
1407 3503 1478 3569 actu)
1504 3520 1561 3556 νον·
1667 3504 1674 3517 ”

203 3589 311 3642 handen
330 3604 362 3640 zu
381 3588 436 3639 sein
542 3586 627 3639 3ἀπὸ
644 3593 697 3640 τῶν
716 3585 804 3654 ἕξεων]
824 3602 874 3638 von
890 3588 941 3640 den
959 3589 1152 3656 Aueignungen
1259 3587 1358 3642 5ἀλλο1
1376 3589 1439 3660 μὴν]
1459 3591 1512 3643 also

202 3674 323 3746 λέγοντα]
343 3676 503 3744 gesprocheu
521 3676 575 3727 hat.
612 3675 742 3728 νετ.1εε1.
761 3675 860 3743 spricht
978 3675 1009 3728 10
1035 3677 1091 3747 περὶ
1110 3674 1137 3743 ἃ]
1157 3677 1184 3727 in
1203 3676 1317 3729 welchen
1435 3679 1465 3729 13
1493 3677 1565 3731 δοκεῖ

202 3764 279 3829 εῖναι]
299 3763 345 3814 wir
363 3764 444 3815 seben
463 3778 520 3815 νοω
540 3763 647 3815 Wissen
667 3778 713 3814 aus
840 3762 941 3815 13-14
968 3762 1091 3832 ῆν-ίτι]
1115 3762 1162 3814 das
1180 3763 1251 3832 Ding
1268 3764 1461 3837 υόω11ε1,11υε
1479 3782 1506 3817 ετ
1524 3783 1562 3818 ει-

203 3852 301 3917 mom,
325 3851 371 3902 das
389 3866 422 3901 zu
439 3850 493 3902 ihm
512 3865 563 3902 von
585 3866 680 3903 aussen
699 3850 819 3919 gelangt,
842 3850 889 3903 das
911 3852 978 3904 noch
1001 3852 1076 3904 nicht
1094 3851 1201 3903 verdaut
1219 3852 1256 3902 ist
1363 3852 1394 3903 14
1422 3853 1503 3923 τροφὴ
1522 3852 1561 3904 λέ-

203 3936 285 4007 γεται]
304 3938 367 3990 aber
385 3937 511 4006 Nahrung
529 3937 591 3989 wird
609 3941 727 4006 genennt
824 3938 854 3990 17
872 3938 889 4008 ψ
908 3939 954 4006 μὲν
972 3935 1118 4010 γάρ-αὕτη
1137 3934 1161 3988 δ’
1183 3936 1261 4006 ἐστὶν]
1281 3938 1328 3990 Die
1347 3938 1472 4008 Nahrung
1490 3945 1562 3992 ιιδω-

203 4025 271 4089 lich,
294 4025 389 4077 welche
408 4026 474 4077 noch
494 4025 568 4077 nicht
586 4025 694 4077 verdaut
716 4024 769 4077 und
789 4025 911 4079 verkocht
934 4027 983 4090 ist,
1006 4027 1052 4078 das
1069 4027 1105 4078 ist
1124 4027 1166 4078 die
1184 4031 1250 4079 εποδε
1269 4025 1433 4095 Νελτυιιρ,
1463 4028 1498 4079 is't
1516 4029 1563 4079 das
1643 4044 1646 4049 ·

204 4112 262 4164 dem
281 4127 334 4164 von
351 4113 405 4164 ihm
425 4112 570 4165 Emfihrten
590 4112 842 4181 Entgegengesetzte
950 4115 981 4166 19
999 4111 1232 4183 τοιοῦτον-πέψις]
1251 4112 1298 4165 das
1316 4114 1352 4165 ist
1369 4113 1414 4165 der
1432 4112 1498 4165 Sinn
1518 4115 1564 4166 der

206 4199 367 4267 Verdauung
489 4198 594 4252 23-94
622 4197 674 4251 ἀλλ’
696 4199 864 4252 οὐδὲ-καθὸ
882 4199 971 4270 γλυκὺ]
991 4201 1033 4254 die
1052 4201 1239 4269 Verinderung
1256 4200 1301 4253 des
1320 4199 1419 4253 Sfissen
1437 4201 1472 4253 ist
1489 4202 1563 4253 nicht

204 4284 334 4355 [andern]‚
353 4286 392 4339 als
409 4288 437 4339 in
456 4287 507 4339 den
526 4286 702 4353 Gesehmack,
720 4287 765 4340 der
783 4287 830 4340 das
847 4288 900 4340 ihm
920 4288 1171 4357 Entgegengesetzte
1296 4287 1328 4339 27
1357 4285 1395 4339 διὸ
1414 4285 1460 4356 δεῖ]
1485 4287 1563 4341 θείνει

205 4389 276 4426 ωυεε
384 4374 418 4427 98
436 4373 465 4426 τὸ
483 4373 595 4427 ἐναντίον
612 4378 650 4444 τῷ
669 4373 786 4443 ἐναντίῳ]
805 4375 853 4427 das
871 4375 901 4427 E.
920 4374 977 4428 dem
997 4375 1027 4428 E.

249 4499 507 4506 ——-..-—.—-..—
515 4499 607 4506 ——-

205 4562 319 4623 δῖξιων
337 4562 376 4615 m’
393 4560 488 4623 ἔξωθεν
506 4565 543 4617 m¹
561 4564 598 4617 V:
617 4562 693 4624 ἕξεων
711 4581 752 4636 σε.
771 4564 854 4618 vict:
874 4562 968 4625 ἔξωθεν
987 4582 1002 4618 a
1107 4566 1123 4619 ι’)
1141 4563 1268 4634 δόνανται]
1288 4583 1329 4617 ται
1347 4565 1375 4617 in
1394 4565 1433 4618 lit.
1447 4565 1469 4617 V

205 4650 221 4702 6
243 4652 273 4704 τὸ
284 4650 427 4725 -τρίφεσθμι
444 4652 481 4703 m¹
499 4653 530 4705 in
548 4653 632 4721 mg.V
742 4653 773 4704 13
799 4649 853 4716 ,ὅτι
870 4651 940 4723 διττὴ
959 4652 976 4722 ἡ
993 4652 1113 4725 τροφή.“·
1135 4652 1205 4723 διττὴ
1224 4653 1255 4724 δὴ
1275 4654 1315 4713 va
1423 4653 1454 4705 14
1481 4654 1562 4723 τροφὴ

205 4737 303 4808 λέγεται
321 4740 398 4792 uncis
416 4738 509 4791 seclusi
616 4758 643 4792 τι
661 4756 711 4793 om.
730 4741 771 4793 Ka
880 4742 909 4793 17
933 4738 997 4810 αὕτη
1017 4757 1044 4792 a:
1062 4741 1166 4810 αυτῳθ
1277 4741 1308 4793 18
1326 4740 1392 4814 αὐτῷ
1410 4757 1438 4793 a:
1458 4759 1521 4810 αυτη
1541 4741 1562 4790 V

206 4828 235 4877 21
265 4826 408 4896 ῆεεῆθ
520 4827 552 4878 26
581 4843 645 4880 corr.
664 4845 697 4881 ex
715 4827 778 4896 πρὸς
797 4830 864 4881 m¹V
975 4828 1007 4880 27
1036 4827 1074 4880 δεῖ
1091 4829 1142 4880 Ka:
1162 4827 1234 4898 δὴν
1342 4830 1375 4882 18
1402 4831 1440 4898 τῷ
1458 4827 1562 4897 ἐναντίῳ

205 4914 234 4965 τὸ
252 4914 364 4966 ἐναντίον
383 4914 423 4966 Ka

257 5024 365 5071 supplem.
381 5024 445 5060 Arist.
461 5022 487 5059 11.
502 5022 605 5060 Munna.
622 5023 643 5060 d.
658 5024 741 5061 Αιιῖιιιιι.
908 5071 912 5082 Ι
1342 5004 1361 5063 θλ
