3548 5604
710 329 852 390 BIBMON
871 329 1000 389 TPlTON
1019 333 1035 388 3
1512 334 1554 402 85

241 505 394 588 σθητικήν,
422 503 482 568 ἀλλ’
511 502 553 567 ἔτι
577 504 639 568 ἐστὶ
669 506 831 589 δυναμένης
857 505 946 576 ἕξεως
972 506 1111 583 δεκτικόν,
1135 506 1272 589 γεννηθὲν
1300 508 1332 570 δέ
1358 505 1423 591 ἔχει
1444 506 1497 588 την

244 598 418 690 αἰσθητικὴν
439 606 495 676 έΕιν
515 605 617 680 εὑθός,
641 607 741 690 ῶσπερ
761 608 794 671 τδ
815 607 960 691 ἀναλαβὸν
980 610 1033 691 τήν
1054 607 1242 691 ἐπιστήμην),
1266 607 1359 678 δείξας
1378 609 1411 672 δέ
1433 609 1497 674 πῶς
1510 619 1539 662 ²⁰

245 707 382 792 ἑκάτερον
398 714 455 772 τῶν
471 710 590 790 δυνάμει
606 707 653 770 ἐπὶ
669 713 721 791 τῆς
736 709 905 792 αἰσθήσεώς
920 709 1006 784 ἐστιν,
1030 709 1222 792 προσέθηκεν,
1235 708 1278 771 ότι
1293 710 1348 772 καί
1364 710 1401 771 τδ
1417 702 1489 770 κατ’

242 806 422 893 ἐνέργειαν
445 811 483 872 δὲ
505 809 697 875 αἰσθάνεσθαι
720 811 850 892 ὁμοίως
877 811 1018 892 λέγεται
1040 816 1088 895 τιγῖ
1116 811 1266 895 θεωρεῖν
1288 832 1319 873 τε
1341 811 1389 874 καί
1412 812 1511 870 νοεῖν.’
1558 891 1562 896 ¹

208 928 224 976 5
244 911 331 990 μόνον
353 911 407 995 γὰρ
424 913 515 994 ταότη
531 911 714 996 διαφέρουσιν
736 913 756 995 ή
780 935 811 974 τε
831 912 988 996 αἰσθητικὴ
1011 914 1060 975 καί
1083 914 1201 996 νοητικὴ
1222 912 1363 995 ἐνέργεια·
1386 909 1496 980 ἔξωθεν
1595 930 1609 960 τ

239 1010 295 1094 γὰρ
326 1014 374 1076 καί
405 1014 457 1076 οὑκ
488 1014 518 1076 ἐν
548 1018 592 1097 τῷ
614 1013 818 1097 αἰσθανομένῳ
848 1014 896 1075 καὶ
924 1015 957 1076 τδ
988 1014 1166 1097 ἀκυυόμενον
1197 1012 1244 1077 ὑπ’
1272 1013 1361 1076 αὑτοῦ
1394 1013 1442 1074 καί
1464 1010 1538 1073 τδεε
1618 1044 1620 1048 -
1694 1024 1711 1053 ι’

243 1113 402 1198 ὁρώμενον,
433 1116 541 1197 δμοίως
567 1115 599 1176 δὲ
625 1115 674 1177 καί
701 1120 758 1177 τῶν
784 1114 881 1178 ἄλλων
908 1114 1037 1179 ἕκαστον.
1083 1115 1117 1178 οὑ
1144 1117 1236 1179 αἰτίαν
1263 1116 1423 1188 ἀπέδωκεν,
1453 1110 1497 1174 ὅτι

240 1215 260 1297 ή
284 1216 336 1296 μὲν
358 1217 496 1301 αἴσθησις
515 1217 703 1299 ἀντιληπτική
727 1215 788 1280 ἐστι
803 1221 861 1278 τῶν
887 1214 890 1300 i
914 1217 1091 1292 καθέκαστα,
1114 1217 1172 1302 οὐχ
1187 1217 1247 1280 οῖόν
1263 1241 1295 1280 τε
1310 1219 1342 1280 δὲ
1358 1215 1430 1278 εἷναι
1446 1213 1475 1276 ἐν
1498 1216 1548 1278 Ιθθ

240 1320 284 1400 τῷ
308 1318 524 1402 αἰσθανομένῳ,
551 1318 616 1380 ἀλλ’
639 1317 745 1381 οἰκείαν
769 1316 925 1382 ὑπόστασιν
948 1317 1026 1403 ἔχει,
1053 1321 1072 1402 ή
1096 1317 1121 1381 δ’
1149 1319 1296 1402 ἐπιστήμη
1319 1317 1406 1380 καὶὸ
1430 1311 1517 1385 νοῦς

193 1437 224 1484 10
242 1423 302 1482 τῶν
324 1419 454 1484 καθόλου
471 1420 648 1504 θεωρητικά,
671 1419 836 1483 ἂκαθόλου
853 1420 905 1483 οῦκ
928 1418 992 1504 ἔχει
1015 1420 1087 1483 ἰδίαν
1111 1421 1277 1494 ὑπόστασιν,
1301 1417 1361 1481 ἀλλ’
1382 1419 1416 1481 ἐν
1439 1417 1496 1481 αὐ·

240 1525 281 1602 τή
300 1524 371 1590 πῶς
392 1521 467 1585 ἐστι
489 1526 532 1606 τή
556 1521 710 1604 διανοίᾳ,
733 1522 766 1584 τδ
784 1519 887 1592 “πῶς’
915 1522 1061 1604 προσθείς,
1085 1523 1129 1585 ὅτι
1151 1525 1170 1604 η
1195 1523 1246 1605 μὲν
1269 1519 1426 1589 ὑπόστασις
1447 1521 1495 1582 καί
1521 1535 1536 1578 ο
1638 1529 1641 1536 ’

242 1622 352 1691 τοότοις
373 1624 422 1686 καί
445 1626 496 1686 τοῦ
518 1622 592 1685 εἰναι
614 1623 633 1705 ή
657 1622 734 1685 αἰτία
756 1622 786 1684 ἐν
808 1627 868 1691 τοῖς
890 1623 1067 1699 καθέκαστα,
1090 1627 1132 1692 ῶς
1153 1625 1186 1686 δέ
1208 1622 1290 1687 κοινὰ
1312 1622 1343 1685 ἐν
1365 1625 1408 1705 τῷ
1425 1626 1496 1685 νοεῖ·

242 1724 311 1786 σθαι
337 1725 370 1787 τδ
397 1723 470 1787 εἰναι
491 1722 571 1809 ἔχει,
598 1725 647 1787 καί
674 1721 751 1788 ἐστιν
779 1726 820 1792 ῶς
845 1728 949 1786 κοινῶν
978 1723 1069 1789 όντων
1095 1727 1128 1788 τδ
1156 1725 1229 1788 εἰναι
1256 1724 1286 1787 ἐν
1313 1729 1356 1808 τῷ
1383 1727 1495 1786 νοοῦντι

243 1824 317 1888 αὑτὰ
339 1830 393 1909 νῷ,
439 1827 483 1889 διδ
506 1827 555 1889 καί
570 1829 647 1888 νοεῖν
670 1826 722 1906 μὲν
746 1821 792 1909 ἐφ’
814 1827 893 1907 ήμῖν,
916 1826 1109 1891 αἰσθάνεσθαι
1131 1826 1164 1890 δέ
1183 1825 1236 1888 οῦκ
1259 1824 1306 1908 ἐφ’
1327 1825 1407 1907 ἡμῖν,
1431 1822 1495 1885 ἐπεὶ
1509 1838 1536 1881 ιο

189 1946 220 1995 15
239 1928 311 2010 πρὸς
332 1927 423 2011 παρδν
447 1928 500 2010 μὲν
522 1928 572 1989 καί
593 1926 734 2010 παρόντος
755 1928 775 2010 ή
798 1925 948 2010 αἴσθησις,
972 1928 1026 1993 οῦκ
1047 1928 1095 2013 ἐρ’
1124 1930 1192 2012 ημῖν
1215 1926 1247 1988 δὲ
1269 1928 1289 2008 ἡ
1311 1930 1370 1987 τῶν
1392 1924 1495 2008 αἰσθη·

240 2036 297 2093 τῶν
313 2029 467 2113 παρουσία,
490 2031 531 2097 ῶς
551 2028 599 2092 ότε
615 2029 786 2114 βουλόμεθα
808 2026 888 2114 ἔχειν
909 2029 992 2092 αὑτά.
1028 2032 1068 2098 ῶς
1090 2030 1123 2092 δὲ
1144 2030 1175 2092 αί
1190 2028 1343 2111 αἰσθήσεις
1365 2024 1494 2112 ἔχουσιν,

238 2130 331 2198 οὑτως
353 2131 401 2194 καί
428 2132 458 2193 αί
481 2130 592 2214 τέχναι,
621 2129 687 2194 ὅσαι
710 2131 776 2214 περί
797 2131 935 2214 αἰσθητά.
980 2130 1015 2194 οὑ
1037 2131 1092 2215 γάρ
1114 2131 1163 2193 ἐπί
1184 2135 1245 2198 τοῖς
1266 2129 1371 2196 ταότας
1393 2126 1535 2213 ἔχουσιιε

238 2233 271 2294 τδ
294 2232 419 2315 ἐνεργεῖν
442 2233 491 2296 ὅτε
514 2232 674 2318 βοόλονται,
703 2237 745 2315 τῷ
769 2234 827 2295 δεῖν
849 2234 948 2302 αὑτοῖς
971 2214 1102 2317 παρεῖναι
1128 2232 1165 2296 τδι
1187 2234 1252 2317 περὶ
1279 2231 1299 2294 ίί
1321 2231 1492 2314 ἐνεργοῦσιν.

237 2333 434 2417 ὑπερθέμενος
463 2333 496 2395 δέ
517 2334 550 2396 τδ
578 2333 643 2417 περί
669 2338 722 2418 τῆς
749 2337 807 2396 τῶν
836 2334 985 2419 αἰσθητῶν
1012 2357 1044 2397 τε
1070 2336 1118 2397 καί
1140 2340 1251 2416 νοητῶν
1280 2335 1419 2416 διαφορᾶς
1445 2333 1493 2396 ἐπὶ

188 2455 222 2501 20
242 2435 328 2498 πλέον
350 2440 399 2498 νῦν
422 2436 499 2518 λέγει
521 2436 554 2498 τδ
578 2436 630 2518 μὲν
653 2441 728 2499 νοεῖν
751 2434 798 2520 ἐφ’
826 2438 911 2520 ήμῖν,
934 2438 967 2500 τδ
990 2439 1023 2500 δὲ
1046 2436 1239 2500 αἰσθάνεσθαι
1262 2434 1315 2497 οῦκ
1337 2432 1384 2519 ἐφ’
1412 2435 1535 2518 ήμῖν,ευ

239 2537 274 2602 τὰ
297 2538 437 2621 εἰρημένα
464 2537 566 2600 δὲκαὶ
590 2537 755 2620 δεδειγμένα
783 2543 820 2621 πή
843 2538 980 2620 αἰσθήσει
1008 2537 1177 2624 ἐφαρμόσας
1204 2524 1339 2599 ἀπέδωκεΙ
1365 2536 1414 2598 τδν
1437 2559 1494 2599 κοι-

236 2639 285 2700 νδν
312 2637 398 2720 λόγον
425 2644 478 2722 τῆς
504 2640 681 2723 αἰσθήσεως.
732 2636 838 2708 ἔδειξεν
864 2640 918 2723 γάρ
945 2644 1074 2724 πρῶτον,
1105 2639 1169 2703 ἐπεὶ
1196 2641 1289 2723 διχῶς
1315 2637 1427 2720 λέγεται
1455 2638 1490 2701 τδ

236 2741 357 2821 δυνάμει
379 2739 491 2822 (ἄλλως
512 2741 568 2824 γὰρ
590 2741 704 2822 λέγεται
727 2742 742 2804 ό
766 2746 833 2810 παῖς
855 2742 996 2806 δόνασθαι
1019 2745 1188 2827 στρατηγεῖν
1210 2742 1259 2803 καί
1282 2739 1492 2822 δτέλειοςάλ·
1607 2783 1609 2786 -

234 2845 306 2912 λως·
339 2841 424 2911 οῦτος
450 2843 505 2926 γὰρ
530 2842 588 2926 οὑχ
616 2843 725 2924 ὁμοίως
752 2848 793 2926 τῷ
822 2844 875 2927 τήν
907 2843 960 2926 μὲν
990 2843 1046 2913 ἕξιν
1077 2841 1176 2928 ἔχοντι
1202 2841 1325 2926 μηδέπω
1357 2843 1391 2907 δὲ
1417 2844 1492 2927 ἐνερ-
1505 2859 1533 2903 εε

184 2963 216 3012 25
235 2944 360 3027 γοῦντι),
388 2944 462 3008 κατὰ
484 2945 517 3007 τδ
539 2945 672 3028 δεῦτερον
700 2945 913 3029 σημαινόμενον
942 2949 994 3009 τοῦ
1016 2947 1137 3027 δυνάμει
1159 2946 1191 3008 τδ
1214 2947 1336 3027 δυνάμει
1358 2946 1491 3009 αἰσθάνε·

235 3049 305 3111 σθαι
320 3048 368 3111 καί
390 3045 394 3131 Ι
417 3044 472 3130 τήν
488 3047 608 3130 δυνάμει
622 3044 759 3130 αίσθησιν
775 3046 923 3128 λέγεσθαι.
954 3047 1011 3110 ιῶν
1027 3046 1187 3130 δυνάμεων’
1208 3048 1309 3126 εἰπών,
1326 3047 1405 3111 (ἐπεὶ
1425 3047 1479 3113 οῦκ
1500 3055 1542 3113 161

239 3150 407 3231 ὠνόμασται
422 3151 441 3232 ή
458 3150 592 3233 διαφορά,
608 3148 719 3232 φανερὰ
734 3149 766 3211 δέ
781 3147 895 3231 γέγονεν
911 3149 959 3212 διδι
975 3154 1025 3213 τοῦ
1045 3149 1142 3231 λόγου,
1157 3150 1316 3234 χρῆσθαι
1338 3152 1371 3214 δὲ
1390 3151 1490 3234 ἀναγ·

233 3256 334 3315 καῖον
357 3252 404 3316 καί
427 3255 474 3336 τῷ
501 3252 650 3333 πάσχειν
679 3251 736 3313 καί
760 3255 804 3336 τῶ
827 3252 1061 3315 ἀλλοιοῦσθαι
1084 3255 1128 3320 ῶς
1150 3252 1284 3335 κυρίοις
1307 3251 1486 3334 δνόμασιν’
1518 3270 1533 3313 ε

234 3352 281 3416 ἐπὶ
296 3359 349 3438 τῆς
365 3354 528 3438 μεταβολῆς
542 3357 595 3436 τῆς
610 3351 643 3414 ἐκ
660 3357 712 3435 τῆς
727 3352 801 3416 κατὰ
816 3353 936 3436 δύναμιν
951 3353 1119 3438 αἰσθήσεως
1134 3354 1174 3423 εἰς
1189 3355 1241 3437 τὴν
1257 3354 1409 3439 ἐνέργειαν,
1425 3356 1489 3420 ἐπεὶ

179 3473 214 3522 ³0
233 3458 274 3541 μὴ
290 3456 399 3541 ἔχομεν
414 3456 489 3520 άλλα
504 3455 566 3517 τινὰ
581 3453 710 3535 δνόματα
725 3455 810 3539 κόρια
825 3454 932 3529 αὐτῶν,
945 3455 1036 3540 ἦλθεν
1052 3455 1099 3518 ἐπὶ
1114 3456 1147 3518 τδ
1163 3457 1247 3538 λόγον
1265 3457 1422 3520 ἀποδοῦναι
1436 3463 1490 3542 τής

231 3558 477 3641 αἰσθήσεως,καί
500 3556 579 3620 εἰπεν
602 3557 639 3619 τδ
661 3556 873 3642 αἰσθητικὸν
896 3558 1043 3639 δυνάμει
1066 3557 1138 3620 εἰναι
1161 3557 1235 3621 οἰον
1258 3559 1295 3621 τδ
1318 3559 1487 3644 αἰσθητὸν

234 3660 300 3744 ήδη
316 3660 521 3744 ἐντελεχείᾳ
536 3657 624 3737 ἐστίν,
647 3658 690 3721 ότι
705 3661 835 3744 πάσχει
858 3659 919 3741 μὲν
936 3659 992 3722 ὑπδ
1008 3663 1059 3722 τοῦ
1074 3661 1216 3742 αἰσθητοῦ
1232 3661 1349 3725 οὐδέπω
1365 3661 1487 3744 ὅμοιον
1502 3681 1529 3723 ιο

232 3762 268 3825 δν
289 3762 390 3840 αὐτοῦ,
412 3761 507 3824 παθδν
530 3761 563 3823 δέ
586 3762 766 3843 ὡμοίωται
789 3761 846 3825 καί
868 3758 961 3824 ἔστιν
983 3761 1057 3824 οῖον
1080 3761 1212 3836 ἐκεῖνο,
1239 3764 1272 3826 τδ
1287 3764 1320 3827 δὲ
1335 3766 1429 3829 παθδν
1445 3770 1485 3836 ῶς

232 3864 294 3928 ίσον
310 3868 366 3927 πᾶν
382 3864 401 3946 ή
417 3868 459 3946 τῷ
473 3861 635 3926 ἀλλοιωθὲν
651 3861 740 3927 εἶπεν.
772 3864 901 3933 ἀποδοὺς
916 3863 949 3927 δέ
966 3867 1064 3926 τοῦτον
1081 3865 1129 3926 τδν
1146 3863 1230 3947 λόγον
1246 3866 1304 3951 οὑχ
1320 3870 1360 3937 ιὺς
1375 3870 1480 3953 κυρίως

177 3988 210 4036 35
230 3968 311 4037 ὄντος
326 3971 377 4029 τοῦ
393 3965 595 4041 αἰσθάνεσθαι,
619 3965 695 4029 ἀλλά
712 3966 759 4030 διδ
775 3967 827 4051 τήν
843 3971 901 4030 τῶν
918 3967 1022 4051 κυρίων
1043 3966 1194 4050 ὀνομάτων
1210 3968 1331 4052 ἀπορίαν
1344 3970 1483 4058 (ἐδείχθη
1499 3988 1525 4032 ιε

179 4205 257 4278 λ’ἰχει
267 4207 291 4258 G
300 4204 368 4257 vict.
378 4202 436 4271 Spa
449 4201 486 4255 ῖτι
498 4201 593 4275 tzar:
614 4201 651 4254 ἰτι
660 4204 737 4254 vna:
751 4201 800 4255 del.
811 4202 842 4256 θ’
904 4204 921 4254 4
939 4203 1049 4256 fortasse
1062 4201 1093 4272 δή
1157 4203 1173 4255 7
1185 4203 1292 4257 ἕκαστον
1304 4207 1409 4274 scripsi:
1429 4207 1538 4263 δκάστου

176 4294 235 4346 libri
283 4289 407 4345 οὑῦἰελει
421 4288 538 4343 οὑνΙὶὺτῖ
587 4287 987 4361 8ίοήευεε<δ>οῦχοίόντε[δδ]
1038 4292 1067 4343 ll
1083 4291 1116 4364 τῇ
1128 4290 1259 4358 ουκεὸρ.
1311 4293 1342 4344 14
1355 4292 1419 4346 αὑτὰ
1431 4298 1536 4364 scripsi:

176 4378 319 4449 αὑτῷἰίὺιῖ
375 4377 406 4429 16
421 4374 583 4446 βολόμιθαλί
636 4374 773 4447 αἰσθήσεις]
787 4378 915 4431 αἰακν
972 4378 1109 4436 λῖταὺτας
1121 4379 1227 4446 scripsi:
1246 4383 1325 4431 ταῦτα
1338 4380 1398 4434 1ῖὺιί
1455 4376 1538 4455 λδτιῦ

176 4469 244 4520 coni.
254 4466 310 4534 Sp.:
324 4467 369 4517 τοῦ
379 4464 438 4518 libri
493 4464 528 4518 20
539 4464 599 4518 fort.
609 4463 685 4517 πλέον
695 4464 796 4535 (λέγειν)
848 4470 892 4518 νῦν
904 4465 981 4535 λέγει]
994 4470 1023 4518 ῦν
1036 4465 1100 4534 λέγει
1112 4468 1141 4518 in
1153 4466 1227 4519 lit.v
1284 4466 1314 4518 21
1330 4466 1356 4520 δέ
1367 4468 1422 4536 θρα
1437 4486 1463 4521 τι
1476 4469 1536 4525 libri

176 4553 208 4606 26
222 4553 324 4620 δυνάμει
336 4549 450 4621 αἰσθησιν
461 4551 561 4605 ovict.
572 4550 629 4618 θρα
643 4549 746 4620 δύναμιν
759 4550 872 4623 αἰσθήσει
881 4555 989 4606 VFBsn
1051 4553 1085 4606 28
1104 4553 1144 4604 ἰπλ
1157 4567 1206 4605 om.
1220 4571 1236 4606 ιι
1248 4553 1292 4621 Sp.
1356 4554 1389 4606 29
1403 4556 1455 4609 ἰπεί
1467 4559 1534 4610 coni.

175 4640 229 4708 Spa
243 4638 279 4691 ἰτι
291 4639 419 4692 tiVFBS:
433 4637 469 4690 ῖτι
482 4636 577 4691 emm:
592 4635 631 4690 ότι
644 4639 752 4692 elvini-2
766 4637 803 4692 ότι
813 4640 857 4708 Sp.
868 4641 896 4692 in
909 4644 984 4692 textu
1036 4639 1119 4694 3132
1131 4639 1180 4711 ήδη
1193 4639 1333 4712 ἐντελεχείᾳ
1342 4642 1387 4710 Sp.
1398 4660 1430 4695 ωι
1440 4646 1533 4697 Arist:

174 4723 753 4798 ήδηἰντιλέχειάλίἰτί.ιήδλίντελίχειάίἰθτῖ
803 4725 1203 4793 32ἰστίνοιυ.λ·“,εε”·’“”ἰ
1251 4725 1510 4798 ὑτιεσιῖρείεδίίὺπῖ

174 4815 264 4882 πάσχει
274 4817 317 4867 GF
331 4813 395 4865 Vici:
406 4812 465 4880 Sp.:
483 4816 534 4865 πᾶσ
545 4810 599 4889 ίχει
608 4814 693 4867 VBSa
745 4811 779 4865 33
798 4814 859 4879 πᾶν]
877 4812 1008 4869 formal
1280 4815 1344 4878 ήτω
1357 4821 1387 4867 V:
1406 4819 1421 4887 ή
1435 4825 1472 4870 τῶ
1486 4820 1532 4871 13¹:

173 4899 278 4970 ήεδΒῑ.
291 4899 308 4970 ἡ
320 4899 350 4952 τό
360 4903 414 4955 θῦε
423 4899 455 4970 ήν
468 4900 506 4969 τῷ
514 4899 584 4963 σοιτί.
594 4898 648 4970 θρα
662 4899 772 4953 fortasse
784 4899 831 4970 εἰη
844 4901 888 4970 τῷ
939 4896 990 4955 diii
1300 4916 1345 4958 σεε
1357 4905 1442 4976 κόρων
1455 4905 1515 4960 ὄντα
