3540 5610
210 305 252 370 78
698 305 849 362 ΑΙΙΟΡΙΩΝ
868 305 929 362 ΚΑΙ
949 305 1080 362 ΑΥΣΕΩΝ

265 477 399 542 συνθέσει
426 481 497 562 πρὸς
523 480 597 543 αὐτὰ
625 480 675 549 τδις
701 481 839 565 διαφορὰς
865 482 1030 565 λαμβάνειν.
1075 484 1115 549 ὡς
1141 480 1196 565 γδιρ
1224 486 1322 564 κοινῆς
1349 479 1441 565 οὔσης
1466 484 1520 563 τῆς

266 578 335 663 ὕλης
358 581 392 644 τὰ
416 581 479 665 εἴδη
502 583 532 645 ἐν
555 582 629 666 αὐτῇ
652 582 786 667 γινύμενα
814 584 886 646 κατδι
909 585 960 667 τὴν
983 586 1054 667 πρὸς
1081 582 1194 667 ἄλληλα
1216 583 1356 668 διαφορὰν
1379 585 1517 668 διάφορον
1532 599 1557 640 1⁵

265 687 344 746 ποιεῖ
364 687 411 748 καὶ
427 685 459 747 τδ
476 684 702 770 συναμφότερον,
725 687 817 755 υύτιυς
840 688 887 749 καὶ
910 685 1079 767 τοῦγένους
1102 684 1183 755 ὄντος
1205 690 1301 748 κοινοῦ
1322 686 1358 748 τδι
1381 684 1446 769 εἴδη
1469 686 1518 749 καὶ

265 786 294 846 αί
318 787 452 872 διαφοραὶ
480 787 683 871 συντιθέμενοι
705 788 786 873 αύτῷ
811 789 885 852 κατὰ
907 791 958 872 τὴν
981 789 1011 850 ἐν
1034 790 1134 856 αὐτοῖς
1160 788 1299 872 διαφορὰν
1327 792 1442 851 ποιοῦσι
1465 789 1518 872 τὴν

230 906 245 954 5
265 886 296 949 ἐν
318 895 379 959 τοῖς
400 891 494 973 γένεσι
518 893 670 976 διαφοράν·
701 893 737 955 τὰ
759 893 813 976 γὰρ
835 892 908 954 αδτδι
935 891 1019 975 έτερα
1045 892 1149 974 γίνεται
1176 897 1214 974 τῇ
1239 897 1297 965 τῖον
1321 890 1518 975 διαφερόντων
1531 905 1559 948 ευ

266 992 410 1056 συνθέσει.
457 995 474 1077 ἢ
498 994 545 1078 εἴη
573 993 608 1057 δν
631 994 726 1057 αὐτῶν
753 997 773 1078 ἡ
801 996 872 1078 πρδς
894 993 1008 1078 ἄλληλα
1034 994 1159 1079 διαφορὰ
1186 994 1260 1057 κατὰ
1286 994 1319 1057 τδ
1343 994 1384 1076 μὴ
1408 994 1519 1076 ὁμοίως

265 1092 343 1179 ἔχειν
367 1097 399 1159 τδ
423 1097 517 1159 κοινδν
545 1099 616 1180 πρδς
637 1097 673 1159 τὰ
700 1096 764 1179 εἴδη
791 1097 832 1159 ὧν
859 1097 920 1160 ἐστι
942 1096 1045 1160 κοινύν.
1089 1100 1108 1180 ίη
1133 1098 1184 1178 μὲν
1211 1097 1265 1180 γὰρ
1293 1097 1346 1177 ύλη
1369 1097 1452 1179 κοινὴ
1476 1099 1519 1164 ίυς

270 1197 454 1280 ὑποκείμενον
484 1200 592 1269 τούτοις
620 1201 660 1262 ὧν
688 1199 749 1261 ἐστι
775 1198 869 1261 κοινύν
891 1198 1055 1280 (ὑπόκειται
1076 1201 1129 1283 γὰρ
1157 1204 1217 1268 τοῖς
1243 1197 1371 1281 εἴδεσιν),
1398 1200 1432 1262 τδ
1455 1201 1488 1262 δὲ
1513 1197 1517 1284 Ι

266 1300 347 1382 γένος
374 1303 468 1365 κοινδν
496 1307 536 1372 ὡς
559 1302 806 1386 κατηγορούμενον
834 1306 890 1364 τῶν
918 1303 959 1363 ὧν
988 1301 1081 1365 κυινύν
1108 1303 1193 1365 ἐστιν.
1238 1301 1269 1364 ἐν
1295 1301 1348 1385 γδρ
1376 1308 1413 1386 τη
1438 1302 1495 1385 ύλη
1520 1308 1569 1365 148

215 1424 245 1470 10
265 1404 441 1489 ὑποκειμένῃ
465 1405 500 1467 τδι
523 1405 585 1490 εἴδη
609 1408 715 1488 γίνεται
743 1409 782 1473 ὡς
809 1405 839 1467 ἐν
862 1410 904 1487 τῷ
928 1407 1032 1488 χαλκῷ
1056 1405 1091 1467 τὰ
1114 1404 1263 1489 σχήματα,
1290 1404 1347 1489 οδχ
1369 1407 1463 1474 οὔτως
1486 1405 1513 1468 δ’

264 1507 294 1569 ἐν
317 1512 359 1591 τῷ
383 1508 459 1590 γένει
482 1508 517 1570 τδι
533 1507 610 1591 εἴδη·
633 1508 669 1571 τδι
691 1509 745 1592 γὰρ
767 1508 835 1593 γένη
859 1510 900 1569 ὧν
924 1509 983 1570 ἐστι
1004 1507 1073 1590 γένη
1097 1508 1205 1570 τούτων
1221 1512 1432 1591 κατηγορεῖται.
1466 1510 1517 1571 καί
1542 1525 1557 1566 π

265 1613 283 1693 ἡ
307 1611 358 1691 μὲν
383 1611 436 1692 ύλη
461 1611 522 1694 σ’ίμα
544 1636 575 1674 τε
598 1616 676 1674 πᾶσα
700 1610 904 1696 λαμβανομένη
928 1611 1009 1693 κοινὴ
1033 1615 1075 1694 τῷ
1099 1608 1182 1672 πάντ’
1210 1607 1287 1694 ἔχειν
1310 1610 1340 1672 ἐν
1363 1611 1455 1692 ἑαυτῇ
1479 1609 1517 1673 τὰ

265 1711 353 1776 ἔνυλα
380 1712 458 1797 είδη,
491 1713 550 1777 ἀλλ’
580 1715 700 1778 ἕκαστον
727 1714 818 1797 αὐτῆς
845 1712 943 1796 μύρτον
972 1711 1040 1775 καθ’
1069 1713 1138 1775 αὑτδ
1169 1715 1262 1774 κοινδν
1293 1713 1341 1774 καὶ
1371 1712 1442 1775 οδτδ
1469 1717 1513 1796 τῷ

264 1818 379 1878 πάντων
406 1815 478 1879 εἶναι
505 1818 582 1899 παρὰ
611 1816 697 1900 μέρος
723 1822 781 1878 τῶν
809 1815 943 1878 ἐναντίων
971 1815 1115 1887 δεκτικύν,
1143 1816 1175 1878 τδ
1202 1816 1234 1877 δὲ
1260 1816 1341 1897 γένος
1364 1816 1436 1879 αὐτὸ
1460 1816 1514 1899 μέν

214 1939 243 1985 15
264 1920 357 1981 κοινδν
379 1925 437 1983 τῶν
465 1920 577 1982 οἰκείων
605 1920 705 1998 εἰδῶν,
734 1920 765 1981 τδ
794 1920 826 1980 δέ
853 1917 920 1981 καθ’
950 1918 1058 1982 έκαστα
1083 1918 1173 1981 αὐτοῦ
1200 1917 1234 1980 ού
1261 1917 1370 1980 κοινύν·
1403 1918 1437 1981 ού
1460 1918 1517 2002 γὰρ
1534 1935 1561 1976 ιυ

264 2023 324 2084 οίύν
352 2046 383 2085 τε
410 2024 442 2085 τδ
471 2023 500 2084 ἐν
527 2022 675 2104 Σωκράτει
707 2026 782 2105 ζῷον
811 2023 840 2084 ἐν
868 2020 949 2104 άλλη)
979 2021 1114 2104 γενέσθαι
1140 2021 1201 2083 τινί.
1254 2023 1303 2085 καί
1332 2046 1350 2105 η
1380 2023 1432 2102 μὲν
1460 2022 1517 2106 ὕλη

264 2126 383 2209 πρᾶγμά
409 2125 469 2188 ἐστι
501 2127 548 2188 καὶ
577 2124 724 2187 ύπύκειται
751 2127 902 2188 συντελεῖν
934 2125 975 2192 είς
1004 2127 1035 2187 τδ
1065 2124 1137 2187 εἶναι
1167 2124 1262 2187 αὐτῶν
1290 2124 1406 2207 ἑκάστῳ
1437 2125 1517 2208 τῷδέ

263 2252 325 2303 τινι,
348 2231 380 2290 τδ
404 2230 436 2290 δὲ
458 2227 539 2309 γένος
563 2231 603 2296 ὡς
628 2228 707 2309 γένος
730 2227 948 2311 λαμβανόμενον
971 2227 1005 2289 οδ
1029 2230 1148 2311 πρᾶγμά
1169 2231 1196 2291 τί
1219 2229 1295 2291 ἐστιν
1318 2228 1518 2311 ὑποκείμενον,
1535 2245 1560 2286 ιε

264 2333 339 2393 ἀλλὰ
363 2330 449 2413 μόνον
472 2328 578 2412 ὄνομα,
605 2332 652 2392 καὶ
675 2331 704 2393 ἐν
727 2336 769 2413 τῷ
793 2331 924 2393 νοεῖσθαι
946 2332 978 2393 τδ
1002 2333 1097 2392 κοινδν
1120 2329 1192 2393 εῖναι
1214 2330 1295 2416 ἔχον,
1318 2330 1372 2394 οὐκ
1393 2331 1423 2392 ἐν
1447 2331 1516 2394 ύπο-

210 2454 244 2501 20
264 2435 360 2497 στάσει
382 2434 443 2495 τινί.
487 2435 534 2495 καί
558 2435 576 2516 ἡ
602 2435 653 2516 μὲν
676 2434 729 2516 ύλη
757 2434 804 2496 καὶ
829 2432 891 2496 κατ’
919 2434 1043 2516 αριθμὸν
1067 2432 1229 2516 ἄφθαρτος,
1256 2435 1289 2496 τδ
1312 2434 1345 2496 δὲ
1367 2433 1448 2515 γένος
1472 2439 1515 2517 τῷ

263 2535 333 2599 εἴδει
355 2538 388 2598 τδ
411 2535 560 2619 ἄφθαρτον
584 2533 647 2620 ἔχει
670 2537 717 2597 καὶ
741 2559 776 2618 τη
798 2541 856 2598 τῶν
878 2535 1035 2618 γινομένων
1051 2536 1243 2620 άνεπιλείπτῳ
1267 2539 1404 2622 διαδοχῇ,
1427 2539 1461 2601 τδ
1485 2540 1561 2602 δὲευ

262 2638 429 2701 καθέκαστα
450 2640 579 2722 φθαρτὸν
606 2637 704 2701 αὐτοῦ.
749 2640 795 2701 καὶ
824 2663 842 2721 η
872 2640 923 2720 μὲν
951 2639 1005 2721 ύλη
1034 2644 1086 2706 τῖς
1113 2639 1329 2724 συναμφοτέρου
1356 2640 1457 2709 οὐσίας
1484 2643 1518 2704 τδ

263 2741 360 2825 ἕτερον
385 2741 482 2826 μύριον
509 2742 599 2824 ἐντη
628 2746 678 2803 τοῦ
703 2740 920 2824 συναμφοτέρου
947 2741 1044 2825 φθορᾷ
1073 2742 1230 2826 χωρίζεταί
1254 2766 1285 2805 τε
1307 2745 1355 2806 καὶ
1378 2747 1517 2824 σώζεται,

262 2845 295 2906 τδ
319 2846 351 2907 δὲ
373 2844 453 2926 γένος
475 2845 536 2907 ἐστὶ
564 2845 615 2926 μὲν
639 2845 685 2906 καὶ
714 2844 743 2904 ἐν
768 2845 870 2910 ἁπλοῖς
895 2843 1027 2925 (τοιαῦτα
1050 2844 1102 2928 γδρ
1129 2845 1165 2907 τὰ
1193 2849 1250 2908 τῶν
1278 2846 1364 2908 είδῶν
1387 2847 1434 2909 καὶ
1458 2853 1517 2909 τῶν
1531 2863 1559 2906 ⁸

210 2967 242 3015 ‘25
263 2947 488 3032 συμβεβηκότων
511 2946 594 3030 γένη·
618 2946 651 3009 ού
674 2945 728 3030 γὰρ
749 2945 886 3008 σύνθετον
909 2946 977 3008 οὐδὲ
999 2947 1217 3031 συναμφότερον
1240 2951 1281 3017 ὡς
1304 2948 1334 3017 ἐξ
1348 2948 1443 3018 εἴδους
1466 2952 1516 3013 καὶ

261 3051 450 3132 ὑποκειμένου
484 3048 550 3113 οὔτε
579 3049 730 3132 ποιότητος
758 3047 825 3111 οὔτε
859 3049 1018 3132 ποσότητος
1050 3047 1116 3112 οὔτε
1143 3074 1169 3112 τι
1196 3055 1253 3113 τῶν
1285 3051 1362 3134 παρὰ
1389 3052 1441 3135 τὴν
1470 3052 1517 3116 ού·

262 3155 323 3216 σίαν
346 3154 466 3236 γενῶν),
494 3152 524 3215 ἐν
547 3155 578 3216 δὲ
606 3177 641 3236 τη
672 3151 893 3237 συλναμφοτέριμ
920 3176 952 3214 τε
980 3155 1026 3215 καὶ
1053 3153 1146 3239 ἐνύλῳ
1170 3154 1252 3237 ούσίογ
1280 3156 1419 3218 σύνθετον
1443 3157 1496 3236 μὲν
1520 3163 1568 3220 149

260 3257 395 3339 τὸγένος
423 3258 470 3319 καὶ
494 3257 525 3319 ιδ
549 3258 642 3318 κοινδν
671 3259 710 3324 ὡς
733 3255 869 3318 σύνθετον
897 3255 927 3317 ἐν
950 3255 1037 3338 αὐτῇ.
1083 3260 1123 3325 ὡς
1145 3257 1198 3340 γὰρ
1228 3257 1264 3318 τὰ
1292 3257 1461 3320 καθέκαστα
1483 3257 1515 3320 ἐν

260 3362 302 3442 τῷ
326 3358 396 3443 ζῴῳ
421 3360 554 3432 σύνθετα,
578 3360 654 3422 οὕτω
677 3361 713 3440 δὴ
737 3359 784 3420 καὶ
808 3356 843 3418 τὰ
865 3356 928 3439 εἴδη
951 3358 1047 3420 αὐτῶν
1070 3361 1119 3421 καὶ
1141 3359 1176 3421 τδι
1193 3359 1277 3442 γένη·
1301 3362 1333 3422 τδ
1356 3360 1411 3443 γὰρ
1435 3364 1513 3445 ζῷον

207 3480 240 3527 30
259 3460 335 3529 είδύς
357 3486 382 3523 τι
407 3464 539 3546 σημαίνει
562 3461 613 3524 σδν
636 3461 701 3543 ύλη,
725 3458 758 3522 ού
782 3461 838 3541 μὴν
861 3462 893 3522 τὸ
914 3461 1011 3544 ἕτερον
1036 3462 1123 3544 μέρος
1144 3461 1204 3524 ἐστὶ
1228 3466 1278 3524 τού
1293 3463 1515 3547 συναμφοτέρου
1541 3481 1555 3522 σ

260 3569 300 3634 ὡς
322 3566 387 3646 ύλη,
422 3564 480 3627 ἀλλ’
502 3564 573 3627 αὐτὸ
596 3564 628 3626 τδ
653 3559 722 3646 ζῴην
746 3559 820 3623 είναί
840 3561 901 3624 ἐστι
923 3564 955 3625 τδ
978 3562 1049 3625 εῖναι
1072 3563 1101 3631 ἐξ
1123 3567 1240 3649 οίμφοῖν.
1286 3567 1329 3626 διδ
1343 3564 1415 3628 ὀὐδ’
1438 3566 1515 3652 ἐχω·

259 3670 351 3752 ρίζετο
373 3673 426 3751 τῆς
450 3668 520 3751 ύλης
543 3665 764 3750 παραπλησίως·
796 3662 866 3748 ἔχον
888 3667 942 3747 γάρ
965 3690 989 3728 τι
1013 3671 1063 3729 τού
1091 3665 1184 3736 εἴδους
1211 3668 1305 3752 ἐντῷ
1329 3672 1380 3731 τοῦ
1403 3671 1514 3733 οἰκείου

258 3770 336 3855 λύγῳ
365 3770 395 3832 ἐν
422 3774 460 3853 τῇ
483 3770 582 3853 φθορᾷ
609 3773 658 3831 τοῦ
683 3768 765 3837 ὅλου,
794 3768 856 3850 ἥτις
877 3769 983 3849 γίνεται
1011 3770 1084 3833 κατὰ
1112 3772 1164 3854 τὴν
1192 3775 1241 3833 τοῦ
1270 3771 1363 3839 εἴδους
1385 3773 1512 3856 φθοράν,
1528 3792 1554 3833 ια

259 3876 305 3935 καὶ
328 3873 399 3936 αδτδ
423 3873 496 3935 κατὰ
518 3874 570 3955 τὴν
593 3875 643 3933 τού
659 3870 790 3954 φθαρτοῦ
813 3872 962 3934 κοινωνίαν
985 3874 1145 3956 φθείρεται.
1181 3876 1225 3936 διδ
1249 3876 1282 3936 τδ
1306 3875 1336 3937 ἐν
1359 3874 1513 3960 Σωκράτει

205 3995 236 4044 35
258 3980 333 4060 ζῷον
361 3974 461 4058 μύριύν
489 3998 551 4042 πως
583 3971 614 4035 δν
642 3977 692 4034 τοῦ
720 3973 818 4054 γένους
845 3973 902 4057 οὐχ
932 3975 1069 4058 ὑπομένει
1099 3976 1293 4060 φθειρομένου
1324 3976 1511 4062 Σωκράτους.

257 4077 340 4140 τούτύ
364 4101 407 4140 τοι
430 4076 482 4139 κᾶν
506 4079 597 4139 πάντα
623 4075 659 4138 τά
682 4075 849 4138 καθέκαστα
877 4080 941 4160 ζῷα
968 4080 1070 4161 φθαρῇ
1098 4078 1254 4162 ἀναιρεῖται
1276 4081 1324 4142 καὶ
1346 4082 1379 4144 τδ
1403 4084 1554 4165 &cyfi-1⁶

257 4204 304 4250 νος
328 4184 404 4265 ζῷον
429 4178 474 4253 δν,
503 4185 555 4262 τῆς
578 4179 648 4262 ὕλης
677 4179 767 4262 μηδὲν
789 4183 902 4241 τοιοῦτο
930 4181 1110 4265 πασχούσης.
1155 4181 1223 4244 οὐδὲ
1250 4182 1285 4244 τδι
1312 4183 1376 4267 εἴδη
1400 4186 1510 4267 δμοίως

323 4352 603 4361 -——-—-..-—

203 4483 218 4533 2
238 4482 359 4550 διαφορὰν
378 4480 494 4550 διάφορον
513 4480 616 4546 scripsi:
646 4477 766 4550 διαφορὰν
785 4477 903 4549 διαφοράν
924 4482 979 4531 VS:
1008 4478 1127 4552 διαφορὰν
1147 4480 1265 4551 διάφορον
1285 4484 1326 4549 (αν
1344 4483 1389 4535 alt.
1409 4485 1437 4536 in
1458 4486 1509 4552 lit.)
1529 4491 1564 4540 B:

202 4569 322 4640 διαφορὰν
341 4587 369 4621 a:
388 4568 506 4638 διάφορον
526 4568 570 4636 Sp.
669 4568 763 4636 δήθ’
867 4568 897 4619 10
920 4568 1070 4638 ὑποκειμένη
1092 4574 1114 4619 V
1216 4570 1246 4622 13
1264 4576 1301 4639 τῷ
1321 4572 1401 4624 Victa
1420 4573 1450 4625 τδ
1469 4574 1530 4628 libri

206 4658 236 4710 15
262 4656 327 4709 καθ’
346 4657 451 4709 ἕκαστον
478 4659 545 4710 coni.
565 4656 608 4722 Sp.
699 4656 728 4705 21
752 4672 788 4723 pr.
808 4655 836 4706 τδ
856 4672 906 4706 om.
925 4672 940 4707 α
959 4659 1002 4723 Sp.
1092 4658 1125 4708 ⁴22
1150 4653 1211 4709 καθ’
1233 4658 1339 4710 ἕκαστον
1358 4662 1426 4712 coni.
1445 4660 1491 4729 Sp.

202 4746 235 4797 2ss
264 4746 395 4815 ποιότητες
418 4753 444 4798 et
462 4746 598 4814 ποσότητες
617 4744 746 4796 Schwartz
770 4749 837 4796 recte
944 4745 978 4813 τι]
1002 4745 1068 4803 τινδς
1086 4747 1168 4799 B²S2a
1186 4747 1229 4814 Sp.
1337 4748 1368 4799 31
1399 4749 1470 4819 αύτῷ
1494 4754 1565 4805 coni,

202 4836 247 4902 Sp.
358 4853 395 4903 pr.
415 4835 444 4887 τὸ
463 4838 519 4902 Sp.:
547 4837 585 4902 τηῖ
604 4833 662 4886 libri
771 4834 812 4883 31.
833 4833 866 4884 32
891 4832 946 4885 οδδὲ
966 4835 1098 4906 χωρίζεται
1117 4838 1149 4905 τῇ
1168 4833 1215 4904 ύλη
1235 4838 1302 4887 coni.
1322 4836 1366 4904 Sp.
1473 4836 1509 4889 θ’.)
1538 4839 1565 4891 ἐν

201 4926 238 4992 τῷ
257 4923 342 4993 οἰκείῳ
361 4925 430 4975 coni.
449 4924 492 4991 Sp.
600 4922 633 4973 36
653 4920 727 4972 τοῦτό
746 4938 783 4972 τοι
802 4927 950 4988 suspectum
970 4924 1117 4991 Spengelio‚
1137 4924 1182 4976 sed
1203 4924 1234 4976 σί.
1255 4924 1310 4975 Iud.
1331 4925 1368 4977 De
1387 4940 1429 4977 an.
