3540 5610
554 334 565 355 .
658 305 715 375 [DE
738 305 847 360 ANfflA
869 305 971 361 LIBER
996 305 1121 375 ALTER]
1505 304 1566 368 139

268 480 355 559 σῶμα
377 477 444 542 οότε
471 480 503 542 τὸ
526 477 637 548 σκότος.
682 477 725 542 ἔτι
745 479 771 542 εἰ
793 483 880 562 σῶμα
907 479 940 542 τό
963 479 1080 556 σκότος,
1111 478 1127 541 ό
1150 478 1221 563 ἀήρ,
1248 477 1278 540 ἐν
1305 473 1330 561 ᾦ
1352 476 1458 558 γίνεται
1479 476 1512 538 τό

268 585 342 663 φῶς,
364 579 431 664 ήτοι
452 579 489 644 δι’
511 580 579 644 όλου
603 587 690 664 σῶμα
710 582 751 644 ὢν
766 581 876 651 δέξεται
896 583 929 645 τό
949 586 1022 667 φῶς,
1045 583 1094 645 καὶ
1109 582 1184 645 οότω
1208 586 1295 664 σῶμα
1317 579 1364 642 διὰ
1379 581 1514 661 σώματος

267 683 416 767 χωρήσει,
438 683 458 766 ή
482 682 537 752 ἕξει
559 682 679 768 πόρους,
703 679 738 747 δι’
767 684 808 746 ὧν
831 685 929 749 δίεισιν
950 685 983 747 τὸ
1006 688 1078 768 φῶς.
1123 682 1203 746 οὗτοι
1223 683 1259 765 δή
1283 681 1358 765 ήτοι,
1380 679 1447 744 όταν
1472 681 1512 764 μή

267 779 288 868 ή
314 789 389 868 φῶς,
412 782 528 848 ἔσονταί
547 808 621 855 τινος
646 782 649 870 λ
673 783 764 848 ἄλλου
788 789 923 870 σώματος
945 788 1076 870 πλήρεις,
1100 785 1116 848 θ
1138 785 1167 848 τί
1186 807 1255 849 ποτε
1277 785 1390 868 ἐροῦσιν
1413 782 1494 859 εἶναι,
1513 799 1567 844 151v

238 886 287 970 σή
311 890 369 950 ποῦ
385 888 591 971 μεθίστασθαι;
614 889 713 972 δεήσει
734 887 787 970 γὰρ
807 887 879 952 αὐτὸ
900 888 1070 973 λεπτότερον
1086 887 1171 973 ἀέρος
1191 887 1273 964 εἶναι,
1295 886 1440 950 ἀλλὰκαὶ
1461 890 1513 949 τοῦ

211 1000 223 1017 ·
266 990 365 1074 φωτός
392 988 498 1062 αὐτοῦ,
524 987 609 1073 εἴγε
636 992 684 1055 καὶ
710 991 804 1075 τούτῳ
833 991 985 1076 ὑποχωρεῖ
1008 993 1055 1055 καὶ
1083 991 1265 1072 μεθίσταται·
1299 989 1327 1052 τί
1353 987 1378 1050 δ’
1406 987 1439 1051 ἀν
1466 987 1512 1072 εἴη

269 1098 358 1174 σῶμα
379 1087 443 1156 κατ’
470 1090 576 1160 αὐτοὺς
595 1095 647 1156 τοῦ
672 1092 769 1177 φωτὸς
790 1092 976 1178 λεπτότερον;
1011 1093 1036 1156 εἰ
1059 1094 1091 1156 δὲ
1112 1091 1219 1174 λέγοιεν
1246 1096 1302 1177 πῦρ
1323 1091 1396 1155 εἶναι
1418 1094 1512 1166 τοῦτο,

265 1195 356 1277 πυρός
378 1191 461 1258 ἔσται
476 1195 599 1278 πλήρης,
623 1194 639 1258 θ
658 1195 855 1271 ἀτοπώτατον,
877 1196 951 1279 εἴγε
973 1200 1024 1259 τοῦ
1039 1196 1127 1280 πυρὸς
1149 1193 1181 1258 τό
1202 1219 1233 1258 τε
1253 1194 1387 1280 φωτίζειν
1410 1194 1458 1256 καὶ
1480 1194 1512 1256 τὸ

267 1296 449 1381 θερμαίνειν,
476 1297 517 1359 ὧν
539 1294 689 1381 οὐδέτερον
716 1298 746 1360 ἐν
768 1301 811 1384 τῳ
839 1294 947 1383 σκότῳ.
991 1298 1071 1360 εἰδὲ
1093 1299 1121 1360 υἱ
1146 1301 1197 1360 τοῦ
1219 1297 1304 1381 ἀέρος
1331 1294 1414 1378 πόροι
1435 1296 1513 1359 κενοὶ

224 1415 254 1460 10
267 1397 402 1482 μένουσιν
426 1397 507 1468 όντος
528 1397 658 1474 σκότους,
680 1405 794 1484 πρῶτον
817 1400 869 1484 μδν
890 1398 970 1464 ἔσται
992 1398 1074 1464 κενόν
1095 1424 1122 1462 τι
1145 1399 1271 1484 ἐνεργείᾳ
1293 1399 1388 1483 ἐντῷ
1410 1395 1513 1481 κόσμῳ
1540 1414 1554 1455 τ

267 1499 333 1565 κατ’
353 1500 468 1581 αὐτούς,
492 1499 562 1585 ὅπερ
584 1501 619 1564 οθ
634 1501 778 1578 θέλουσιν,
801 1500 843 1566 ἔτι
862 1503 910 1567 καὶ
934 1502 1088 1586 μανότερος
1111 1505 1126 1567 ό
1147 1502 1203 1586 ἀήρ
1226 1499 1306 1566 ἔσται
1329 1505 1381 1584 τῆς
1401 1499 1512 1576 νυκτός,

264 1606 319 1669 ἅτε
340 1601 419 1689 ἔχων
441 1603 472 1667 ἐν
495 1604 576 1688 αὐτῷ
600 1606 670 1668 κενά
691 1606 787 1687 (δοκεῖ
806 1605 838 1668 δὲ
859 1603 1033 1689 πυκνότερυς
1059 1605 1187 1686 γίνεσθαι
1209 1602 1304 1685 τότε),
1331 1600 1427 1667 ἔτιτὸ
1448 1608 1512 1688 φῶς

263 1707 319 1771 οὐκ
341 1705 422 1771 ἔσται
443 1707 615 1790 διακριτικὸν
641 1707 688 1770 καὶ
711 1708 893 1771 λεπτυντικόν
916 1711 966 1771 τοῦ
988 1706 1088 1792 ἀέρος,
1118 1711 1159 1777 ὡς
1180 1707 1325 1788 λέγουσιν,
1354 1706 1430 1769 ἀλλὰ
1450 1705 1513 1769 ποθ·

265 1810 386 1874 ναντίον.
431 1806 473 1872 ἔτι
499 1815 562 1878 πῶς
585 1810 693 1894 δμαλὲς
721 1808 803 1874 ἔσται
828 1810 861 1872 τδ
884 1814 948 1894 φῶς
974 1810 1004 1873 ἐν
1030 1814 1073 1894 τῷ
1102 1808 1179 1893 ἀέρι,
1210 1810 1305 1893 μόνων
1332 1813 1389 1873 τῶν
1412 1808 1509 1893 πόρων

221 1929 250 1974 15
264 1912 396 1996 ἐχόντων
417 1909 503 1985 αθτό,
526 1911 622 1993 εἴγε,
644 1911 717 1976 ἔνθα
740 1912 791 1996 μέν
814 1912 874 1976 ἐστι
896 1913 928 1975 τὸ
951 1916 1029 1997 φῶς,
1052 1916 1135 1976 τοῦτο
1158 1915 1335 1997 πεῳώτισται
1356 1911 1456 1994 (τοῦτο
1482 1910 1507 1974 δ’

264 2015 337 2079 εἰσὶν
359 2016 387 2078 οἱ
409 2013 518 2100 πόροι),
542 2012 614 2076 ἔνθα
636 2015 668 2077 δὲ
690 2016 778 2100 όάήρ
797 2015 820 2098 ή
843 2014 914 2078 ἀλλο
936 2039 963 2077 τι
983 2020 1040 2078 τῶν
1062 2016 1208 2099 διαφανῶν
1232 2019 1328 2098 σῶμα,
1352 2015 1392 2097 μὴ
1414 2015 1511 2097 πεφώ·

262 2139 366 2182 τισται.
412 2115 454 2180 ἔτι
475 2117 502 2180 εἰ
524 2122 611 2201 σῶμα
633 2117 665 2180 τδ
688 2123 767 2202 φῶς,
795 2122 858 2186 πῶς
879 2116 929 2180 ὲάν
956 2119 1003 2180 διά
1025 2118 1162 2203 βραχείας
1189 2117 1263 2201 όπής
1284 2117 1326 2186 εἰς
1348 2114 1426 2180 οἶκόν
1449 2140 1510 2180 τινα
1526 2132 1553 2174 ¹⁰

264 2221 389 2291 σκότους
416 2217 497 2289 ὄντος
518 2218 656 2303 είσέλθη,
672 2218 730 2283 ἀπό
756 2243 830 2289 τινος
853 2221 1045 2305 φωτίσαντος,
1074 2220 1294 2304 ἀποληφθείσης
1321 2217 1438 2303 ἀθρόως
1460 2225 1512 2303 τῆς

264 2323 341 2407 ὀπῆς
362 2321 421 2408 οὐχ
434 2321 573 2406 ὑπομένει
594 2321 647 2386 οόκ
663 2319 731 2408 ἔχον
755 2320 846 2406 ἀλλην
869 2320 979 2405 {eoem
1003 2319 1045 2385 ἔτι
1068 2323 1093 2385 εί
1114 2323 1255 2414 σῶμαιτδ
1270 2327 1344 2407 φῶς,
1367 2325 1430 2390 πῶς
1451 2319 1512 2385 οἶόν

219 2440 250 2486 ευ
264 2449 296 2488 τε
317 2426 380 2508 ἅμα
401 2425 581 2509 φωτίζεσθαι
602 2424 651 2487 καὶ
673 2424 709 2486 τὰ
724 2423 823 2508 πόρρω
845 2426 894 2489 καί
916 2426 951 2488 τά
972 2424 1065 2509 ἐγγύς,
1088 2424 1124 2488 τὰ
1146 2424 1290 2508 δυνάμενα
1311 2425 1368 2487 ἀπδ
1391 2428 1441 2487 τοῦ
1464 2422 1513 2486 αὖ·

264 2532 316 2591 τοῦ
338 2529 532 2612 διαστήματος
559 2528 756 2610 φωτισθήναι;
790 2524 849 2591 ἔδει
870 2526 923 2612 γὰρ
950 2528 980 2591 ἐν
1002 2529 1111 2591 πλείονι
1141 2526 1239 2613 χρόνῳ
1267 2526 1303 2590 τά
1329 2525 1416 2589 πλέον
1444 2526 1512 2611 ἀρε·

263 2635 372 2705 στῶτα,
394 2630 426 2694 εἴ
442 2652 476 2712 γε
498 2629 603 2697 παντὸς
625 2631 759 2711 σώματος
781 2630 800 2712 ή
820 2631 923 2713 τοπικὴ
947 2631 1054 2714 κίνησις
1076 2630 1107 2692 ἐν
1130 2629 1238 2715 χρόνῳ.
1276 2629 1320 2692 ότι
1342 2630 1374 2693 δὲ
1396 2629 1458 2710 ἅμα
1479 2629 1512 2692 τὸ
1583 2698 1588 2706 ,

263 2737 328 2817 φῶς
349 2732 399 2795 καὶ
421 2732 453 2795 έν
472 2736 515 2818 τιγῖ
531 2732 678 2815 ἐγγυτάτω
700 2732 748 2795 καὶ
771 2732 801 2795 ἐν
818 2737 860 2815 τῷ
877 2722 1055 2817 πορρωτάτῳ
1078 2733 1182 2815 γίνεται
1198 2733 1368 2816 διαστήματι
1390 2737 1432 2817 τῷ
1456 2731 1511 2815 οἵῳ

264 2858 296 2897 τε
317 2834 506 2919 φωτίζεσθαι,
528 2834 559 2897 έν
574 2832 671 2919 ταύτῷ
694 2838 745 2898 τοῦ
761 2834 935 2918 φωτίζοντος
958 2835 1101 2917 μένοντος,
1123 2833 1248 2918 ἐναργές.
1282 2833 1323 2898 ἔτι
1345 2835 1371 2898 εἰ
1393 2835 1426 2897 τὸ
1448 2838 1513 2919 φῶς
1527 2851 1552 2893 ιε

220 2952 249 2998 οσ
264 2941 352 3020 σῶμα
381 2935 412 3000 όν
440 2937 516 3000 ἐστιν
542 2937 572 3000 έν
599 2940 658 3004 τοῖς
683 2941 735 2998 τοῦ
762 2936 846 3020 ἀέρος
873 2935 972 3020 πόροις
999 2937 1018 3020 ἢ
1041 2942 1100 3006 τοῖς
1121 2943 1172 3000 τοῦ
1195 2938 1307 3013 ὕδατος,
1334 2942 1397 3029 πρός
1419 2937 1438 3020 ή
1461 2942 1512 3000 τοῦ

263 3040 367 3109 όόατυς
390 3039 503 3123 ῥέοντος
530 3039 549 3122 ή
572 3042 623 3100 τοῦ
645 3037 755 3122 ἀνέμου
779 3040 1021 3123 μετακινουμένου
1048 3038 1082 3102 υό
1105 3039 1357 3125 συμμεταφέρεται
1381 3040 1428 3102 καὶ
1451 3062 1513 3123 συγ-

261 3147 382 3206 κινεῖται
408 3141 457 3206 καὶ
484 3140 569 3216 αὐτό,
597 3136 656 3205 ἀλλ’
684 3141 729 3203 ἀεὶ
744 3131 786 3235 έν
813 3145 857 3225 τῷ
884 3141 965 3227 αὐτῷ
992 3141 1071 3226 μένει
1097 3148 1155 3206 τῶν
1182 3142 1211 3205 έν
1234 3142 1278 3212 οἷς
1303 3143 1378 3206 ἐστιν
1405 3141 1439 3206 οὐ
1463 3166 1510 3224 με·

264 3244 385 3322 νόντων;

479 3481 547 3549 Ὁτι
569 3486 670 3567 σῶμα
692 3485 750 3550 διὰ
771 3487 933 3568 σώματος
955 3486 1123 3550 ἀδύνατον
1146 3488 1290 3571 διήκειν.

217 3693 247 3737 w
346 3672 389 3739 Τὸ
405 3677 492 3758 σῶμα
514 3673 561 3738 διὰ
576 3675 711 3757 σώματος
733 3675 851 3757 διήκειν,
874 3673 900 3736 εί
921 3674 972 3757 μὲν
996 3677 1036 3743 ὡς
1050 3673 1179 3759 ἐχόντων
1201 3675 1270 3738 κενὰ
1286 3680 1343 3738 τῶν
1366 3678 1510 3760 σωμάτων

262 3779 313 3842 καὶ
335 3777 382 3840 διὰ
403 3777 513 3840 τούτων
535 3780 701 3861 χωροῦντος
727 3775 851 3858 θατέρου
878 3776 925 3839 διὰ
948 3776 1088 3861 θατέρου,
1117 3776 1205 3846 ἄλλος
1227 3779 1243 3840 ό
1266 3777 1350 3861 λόγος
1375 3778 1511 3860 (ἀτοπίας
1524 3794 1552 3837 ευ

261 3881 290 3944 δ’
319 3879 401 3965 ἔχει,
427 3880 476 3943 καὶ
497 3880 559 3963 ἅμα
585 3877 619 3941 οὐ
647 3883 733 3960 σῶμα
761 3879 807 3941 διὰ
833 3880 969 3961 σώματος
994 3880 1112 3961 γίνεται,
1140 3879 1215 3942 ἀλλά
1245 3886 1331 3962 σῶμα
1357 3881 1404 3943 διὰ
1426 3886 1510 3945 κενοῦ

261 3984 392 4067 διῆκον),
419 3982 446 4045 εἰ
467 3982 500 4044 δὲ
522 3982 563 4064 μὴ
591 3980 637 4042 διὰ
666 3984 756 4044 κενῶν
784 3979 942 4066 (οὐδὲγὰρ
965 3981 1039 4045 εἶναί
1063 4003 1150 4069 φασιν
1177 3983 1258 4044 κενδν
1285 3982 1314 4045 έν
1337 3988 1380 4068 τῳ
1408 3983 1510 4069 κόσμῳ

260 4086 392 4170 ἐνεργείᾳ
414 4085 457 4153 οίς
477 4088 561 4147 τοῦτο
584 4081 724 4167 ἀρέσκει),
747 4083 823 4146 ἀλλὰ
843 4084 947 4166 μεστόν
963 4108 989 4147 τι
1012 4083 1043 4147 όν
1058 4085 1147 4147 αὑτοῦ
1163 4089 1249 4166 σῶμα
1271 4083 1342 4147 ἀλλο
1358 4085 1510 4168 δεξάμενον

213 4205 242 4250 οἱ
261 4190 353 4253 αὑτοῦ
379 4193 466 4269 σῶμα
480 4186 597 4250 κάκεῖνο
618 4185 722 4267 μεστόν
746 4183 777 4247 όν
793 4186 902 4269 ὁμοίως
925 4186 954 4248 έν
969 4187 1051 4271 αότῳ
1073 4185 1156 4249 οὐδὲν
1170 4185 1296 4271 ηὐξήθη,
1314 4184 1379 4250 ἀλλ’
1399 4185 1510 4269 ἔμεινεν

257 4291 290 4354 ἐν
313 4294 359 4375 τῷ
382 4290 463 4375 αὐτῷ
486 4286 584 4370 τόπῳ,
610 4288 639 4350 τί
659 4289 695 4371 δή
719 4311 789 4350 ποτε
810 4287 877 4352 τόδε
900 4289 951 4370 μὲν
974 4290 1006 4351 τὸ
1030 4292 1117 4372 σῶμα
1144 4288 1253 4358 δέξεται
1280 4289 1309 4352 ἐν
1332 4291 1414 4376 αὑτῷ
1438 4290 1510 4354 ἀλλα

255 4399 362 4474 σῶμα,
390 4391 456 4456 τόδε
477 4391 510 4454 δὲ
532 4387 581 4463 οὔ,
608 4387 689 4472 εἴγε
716 4389 748 4451 τό
771 4396 857 4473 σῶμα
885 4390 995 4460 δέξεται
1021 4392 1069 4454 καὶ
1096 4392 1348 4477 παρεκταθήσεται
1374 4394 1422 4457 καὶ
1445 4394 1510 4457 ἰσω-
1524 4410 1551 4452 ετ

200 4648 293 4703 wi
310 4648 417 4714 scripsi:
436 4644 474 4698 ὅτι
492 4646 556 4698 VKa
648 4636 670 4700 θ’
684 4648 849 4702 ἀτοπώτατον
867 4650 902 4702 V:
922 4651 1015 4703 ἄτοπον
1034 4651 1057 4703 Κ
1076 4667 1118 4705 ox.
1135 4651 1217 4704 vict:
1237 4651 1250 4704 ό
1269 4653 1379 4705 τόπονε
1470 4654 1501 4707 12
1520 4654 1563 4707 αό-

201 4739 239 4805 tq?
259 4735 324 4786 VKa
429 4735 460 4786 18
479 4732 671 4805 ἀπολειφθείσης
689 4737 731 4789 Ka
834 4737 865 4789 19
884 4736 932 4811 οὐχ
950 4739 987 4790 K:
1007 4738 1036 4790 οδ
1055 4739 1104 4790 Va·
1202 4739 1236 4793 20
1253 4741 1285 4792 τὰ
1304 4739 1425 4808 δυνάμενα
1444 4740 1511 4809 κτλ]
1531 4742 1563 4795 ef.

204 4820 298 4887 143,·22
414 4819 448 4873 34
476 4822 566 4889 μεστόν
586 4824 619 4875 V:
638 4825 714 4893 μέσον
733 4825 774 4877 Ka
890 4823 918 4877 ὃν
937 4825 1014 4878 αὐτοῦ
1034 4827 1098 4879 vlia
1210 4824 1343 4897 δεξάμενον
1361 4826 1440 4879 αότοῦ
1457 4828 1563 4896 scripsi:

204 4907 338 4977 δεξάμενον
355 4906 433 4961 αὐτοῦ
451 4911 496 4974 m¹,
515 4908 647 4978 δεξάμενον
666 4910 749 4962 m'V:
767 4910 899 4981 δεξόμενον
918 4912 959 4965 Ka
1029 4912 1063 4967 35
1082 4912 1153 4983 πότῳ
1173 4915 1237 4967 vKa
1309 4913 1342 4966 36
1364 4914 1390 4966 ἐν
1410 4912 1481 4985 πότῳ
1499 4916 1564 4968 vKa
