3540 5610
193 311 256 377 228
632 309 862 368 ΑΛΕΞΑΝΔΡΟΥ
888 308 1113 368 λΦΡΟΔΙΣΙΕΩΣ

247 482 314 565 πυρί
336 484 453 565 γίνεται,
477 482 669 568 σκληρότερος
691 487 758 567 γοῦν
782 485 798 547 ό
822 485 1000 568 πυρούμενος
1022 485 1140 569 σίδηρός
1162 484 1235 564 μετὰ
1250 481 1424 568 τἠνσβέσιν
1446 486 1498 545 τού
1527 501 1541 540 ε

248 588 366 669 πρώτου
388 586 505 668 γίνεται,
539 590 580 655 ῶς
602 587 832 670 ἀναλισκομένης
866 588 921 650 ύπδ
945 591 995 650 τοῦ
1029 588 1118 671 πυρδς
1140 591 1193 670 τῆς
1215 586 1372 670 ὑγρότητος
1393 588 1446 667 τῆς
1469 584 1499 646 ἐν

248 687 340 773 αὐτῷ,
363 693 411 753 καί
434 690 589 758 ἑξάπτεταί
607 713 639 752 τε
663 689 766 774 μέχρις
790 689 824 752 ἂν
847 689 969 774 ὑγρότης
992 685 1012 772 ᾖ
1030 713 1072 758 τις
1094 690 1124 752 ἐν
1146 687 1239 771 αὐτῷ,
1261 687 1362 770 ῶσπερ
1384 685 1435 750 ούν
1450 687 1499 749 καί

251 789 329 859 ξύλα.
376 791 452 854 ἀλλὰ
475 791 583 854 τούτων
608 793 659 875 μὲν
683 792 756 860 ἅλις.

120 898 185 952 XIII
213 913 228 959 5
328 890 507 977 Ἐπανίωμεν
542 896 573 956 δὲ
607 894 655 957 ἐπί
677 895 725 957 τδν
749 893 778 963 ἐξ
801 894 896 979 ἀρχῆς
918 892 1012 976 λόγον.
1057 894 1083 956 εί
1105 893 1159 977 γὰρ
1189 892 1224 956 τὰ
1246 892 1384 977 εἰρημένα
1406 892 1501 960 οὕτως
1514 908 1542 949 ιε

247 998 312 1079 περὶ
335 997 466 1080 κράσεως
489 999 638 1063 παντελῶς
660 994 766 1069 ἄτοπα,
789 996 945 1079 ἀναγκαῖον
968 995 1065 1064 ἄλλως
1087 1019 1150 1065 πως
1171 996 1223 1065 τὰς
1237 996 1355 1080 κράσεις
1368 995 1498 1078 γίνεσθαι

244 1096 345 1179 λέγειν.
392 1098 519 1161 λείπεται
542 1098 574 1160 δὲ
597 1096 677 1181 παρὰ
698 1097 813 1173 ταύτας,
837 1099 877 1160 ῶν
901 1097 978 1166 ἄξιον
1001 1098 1150 1161 ποιεῖσθαι
1172 1096 1257 1180 λόγον
1279 1098 1352 1172 τινά,
1374 1095 1422 1180 (ἡ)
1444 1096 1493 1159 ὑπ’

241 1196 459 1282 Ἀριστοτέλους
482 1199 619 1283 εἰρημένη
644 1196 722 1266 δόξα.
769 1198 897 1281 εἴπωμεν
921 1201 958 1284 δὴ
981 1201 1028 1264 καὶ
1051 1203 1116 1282 περί
1139 1200 1254 1282 ταύτης,
1289 1200 1336 1262 καί
1360 1199 1499 1282 δείξωμεν

244 1302 286 1369 τίς
308 1301 373 1364 ποτ’
401 1301 488 1375 ἐστίν,
511 1301 576 1364 ἐπεί
599 1301 674 1384 μηδὲ
696 1300 839 1384 γνώριμός
862 1302 921 1365 ἐστι
944 1307 1004 1369 τοῖς
1037 1304 1155 1371 πολλοῖς
1177 1306 1236 1364 τῶν
1258 1300 1497 1385 φιλοσοφούντων

193 1423 224 1468 10
243 1402 290 1463 διὰ
313 1405 469 1486 συντομίαν
491 1408 549 1466 τῶν
572 1405 638 1487 περὶ
660 1402 752 1486 αὐτῆς
774 1403 936 1486 εἰρημένων
953 1404 1008 1466 ύπδ
1025 1407 1076 1467 τοῦ
1092 1404 1267 1488 φιλοσόφου.
1307 1407 1422 1487 πρῶτον
1445 1404 1499 1484 μὲν
1514 1420 1540 1462 ιε

245 1506 399 1590 όρίσωμεν,
422 1506 484 1568 τίνα
507 1505 584 1569 ἐστὶν
608 1506 745 1590 ἀλλήλοις
767 1507 919 1589 κιρνᾶσθαι
941 1504 1085 1588 λεγόμενά
1107 1528 1138 1569 τε
1160 1507 1208 1568 καί
1236 1507 1390 1589 δυνάμενα.
1436 1506 1494 1588 όρι-

245 1608 315 1670 σθεν
347 1608 401 1692 γὰρ
433 1610 503 1691 ἡμῖν
532 1612 617 1671 τοῦτο
648 1608 880 1670 ἀποσκευάσεται
910 1607 1004 1670 πολλὰ
1034 1613 1091 1670 τῶν
1121 1607 1320 1692 ἐνοχλούντων
1350 1607 1399 1670 τὸν
1429 1609 1495 1691 περὶ

242 1712 373 1793 κρούσεως
396 1710 489 1792 λόγον.
536 1708 596 1773 ἔστι
619 1711 656 1793 δὴ
680 1711 698 1792 ἡ
723 1709 796 1792 μῖξίς
819 1709 919 1772 τεκαὶ
942 1711 961 1791 ἡ
985 1714 1084 1793 κρᾶσις
1108 1709 1138 1772 ἐν
1161 1715 1222 1779 τοῖς
1244 1707 1311 1773 καθ’
1332 1709 1407 1772 αὐτὰ
1429 1710 1497 1793 ὑφε-

243 1813 343 1874 στάναι
366 1813 452 1895 φύσιν
475 1810 586 1896 ἔχουσι.
633 1813 676 1874 διδ
700 1813 747 1875 καί
770 1813 851 1874 δοκεῖ
871 1811 1012 1875 δύνασθαι
1048 1811 1230 1896 χωρίζεσθαι
1252 1813 1337 1875 ποίλιν
1361 1811 1497 1895 ἀλλήλων
1510 1827 1540 1869 ευ

193 1934 223 1981 15
243 1913 279 1975 τὰ
302 1915 464 1997 μεμιγμένα
488 1913 531 1976 ότι
554 1915 587 1977 ἐκ
610 1913 718 1976 τούτων
742 1914 898 1996 συνῆλθεν.
938 1913 964 1975 εἰ
986 1914 1019 1975 δὲ
1042 1915 1133 1997 μηδὲν
1156 1913 1228 1977 ἄλλο
1250 1915 1396 1998 χωριστὸν
1419 1914 1497 1999 παρὰ

244 2019 297 2099 τὴν
331 2016 443 2090 οὐσίαν,
478 2017 585 2081 οὐσιῶν
608 2015 643 2078 ἂν
667 2019 685 2099 ἡ
711 2016 784 2100 μῖξίς
805 2040 837 2079 τε
870 2017 918 2079 καί
940 2017 959 2098 ἡ
984 2020 1085 2099 κρᾶσις
1108 2015 1164 2100 εἰη.
1211 2018 1238 2079 εἰ
1258 2017 1291 2079 δί
1313 2020 1410 2090 τοῦτο,
1444 2015 1498 2079 οὐκ

245 2118 278 2181 ἂν
298 2117 494 2203 Ἀναξαγόρας
517 2118 563 2201 εἴη
586 2121 684 2187 καλῶς
707 2118 810 2200 λέγων,
844 2120 938 2181 πάντα
971 2117 1002 2179 έν
1031 2123 1117 2182 πᾶσιν
1152 2118 1306 2203 μεμῖχθαι.
1354 2117 1498 2200 οὔτεγὰρ

241 2220 277 2283 τὰ
300 2221 384 2304 ποίθη
407 2224 548 2306 χωριστά,
584 2225 624 2289 ῶς
647 2219 717 2282 καθ’
745 2221 818 2283 αὐτὰ
842 2219 914 2282 εἶναι
936 2219 1077 2283 δύνασθαι
1109 2218 1169 2301 (διὸ
1204 2220 1273 2284 οὐδὲ
1300 2219 1374 2304 μῖξίς
1394 2243 1426 2284 τε
1449 2221 1539 2282 καίει

242 2327 344 2407 κρᾶσις
367 2322 401 2385 ἂν
424 2321 470 2407 εἴη
493 2324 598 2386 παθῶν
632 2325 704 2407 πρδς
736 2322 860 2405 ἄλληλα,
894 2323 913 2404 ἢ
937 2323 1043 2385 παθῶν
1077 2323 1149 2407 πρὸς
1182 2322 1218 2385 τὰ
1239 2324 1281 2385 ῶν
1304 2323 1365 2387 ἐστι
1388 2322 1497 2406 πιίθη),

188 2446 222 2492 20
241 2423 301 2488 ἀλλ’
330 2425 397 2489 οὐδὲ
419 2425 455 2489 τὰ
478 2425 542 2510 εἴδη
557 2430 616 2486 τῶν
632 2424 748 2488 οὐσιῶν.
788 2426 835 2486 καί
856 2425 909 2508 γὰρ
926 2424 951 2486 εἰ
974 2424 1068 2486 οὐσίαι
1084 2425 1133 2487 καί
1148 2423 1244 2495 ταῦτ’,
1268 2424 1328 2488 ἀλλ’
1349 2426 1383 2490 οὐ
1399 2421 1467 2491 καθ’
1490 2427 1495 2509 Ι

240 2528 316 2592 αὑτὰ
338 2528 569 2612 συνυφίστανται.
613 2526 647 2589 οὐ
681 2525 734 2610 γὰρ
768 2525 828 2589 οίόν
851 2549 882 2589 τε
914 2527 1008 2611 χωρίς
1031 2526 1100 2609 ύλης
1122 2524 1198 2588 είναί
1216 2550 1245 2589 τι
1266 2527 1373 2591 αἰτῶν.
1419 2527 1480 2591 ἀλλ’
1507 2535 1550 2592 δΙΙ

241 2631 309 2694 οὐδὲ
331 2633 351 2714 ἡ·
375 2631 429 2712 ύλη
453 2630 548 2713 μικτή.
587 2628 656 2697 οὐδὲ
677 2627 731 2712 γὰρ
756 2629 829 2710 αὕτη
853 2630 945 2713 χωρίς
959 2626 1055 2696 εἰδούς
1071 2628 1201 2711 ἐνεργείᾳ
1217 2629 1287 2692 ποτ’
1308 2630 1393 2694 ἐστίν.
1429 2629 1491 2693 οὔτ’

241 2733 290 2797 ούν
314 2735 343 2796 ἐν
367 2732 464 2801 ἄλλοις
487 2734 569 2806 τισίν,
596 2731 615 2814 ἢ
639 2729 669 2792 ἐν
692 2729 802 2798 οὐσίαις
824 2732 843 2814 ἡ
868 2730 942 2812 μῖξίς
964 2753 994 2792 τε
1017 2732 1197 2814 καίικρᾶσις,
1227 2729 1293 2795 οὔτε
1316 2729 1402 2796 ἄλλαι
1423 2734 1498 2801 τινὲς

240 2841 299 2898 τῶν
322 2835 428 2899 οὐσιῶν
451 2834 507 2898 εἰσί
530 2834 627 2916 μικταὶ
650 2832 729 2916 παρὰ
751 2833 801 2901 τὰς
823 2834 971 2916 χωριστός
1004 2856 1035 2895 τε
1070 2833 1118 2895 καί
1141 2830 1204 2897 κατ’
1233 2834 1305 2897 ἰδίαν
1339 2836 1497 2918 ὑφεστάναι
1524 2852 1539 2892 ε

189 2960 222 3009 νε
242 2938 401 3021 δυναμένας
423 2938 471 3000 καί
494 2937 676 3019 κατεχούσας
697 2932 797 2997 τόπον.
844 2938 962 2998 τοιαῦτα
985 2936 1017 2996 δὲ
1040 2934 1075 2996 τὰ
1099 2937 1231 3016 σώματα.
1277 2937 1380 3000 τούτου
1402 2937 1497 3002 τοίνυν

241 3041 431 3125 διωρισμένου
455 3039 528 3122 μετὰ
550 3042 640 3101 ταῦτα
661 3037 739 3106 ἄξιον
763 3037 927 3120 ἐπιστῆσαι,
950 3035 1072 3121 πότερον
1094 3037 1197 3100 ταύτόν
1220 3038 1281 3102 ἐστι
1305 3038 1378 3121 μῖξίς
1393 3063 1424 3103 τε
1448 3043 1496 3103 καὶ

241 3150 352 3229 κρᾶσις,
386 3142 568 3226 ἢδιοιφοράν
591 3139 657 3225 ἔχει
679 3142 751 3203 τινοί.
797 3138 875 3203 ἔοικε
898 3142 934 3223 δὴ
958 3140 1114 3224 διαφέρειν,
1148 3134 1225 3223 ᾖτδ
1254 3142 1306 3224 μὶν
1333 3140 1497 3226 κοινότερόν

242 3249 319 3312 ἐστιν
341 3248 361 3329 ἡ
386 3244 468 3327 μῖξις,
501 3245 520 3325 ἡ
544 3244 577 3306 δὲ
600 3248 700 3326 κρᾶσις
724 3244 898 3327 ἰδικώτερον.
944 3243 1013 3305 ποιὰ
1046 3243 1101 3327 γὰρ
1135 3243 1216 3326 μῖξις.
1238 3245 1257 3327 ἡ
1281 3248 1391 3327 κρᾶσις.
1436 3248 1496 3306 τῶν
1511 3261 1538 3303 ιο

241 3350 296 3434 γὰρ
320 3349 423 3433 μίξεων
445 3350 464 3430 ἡ
489 3347 541 3429 μέν
563 3369 604 3414 τις
625 3346 699 3408 κατὰ
722 3347 883 3429 παράθεσιν
907 3351 964 3408 τῶν
987 3344 1094 3408 οὐσιῶν
1128 3347 1177 3408 καί
1206 3347 1284 3431 ἁφὴν
1311 3348 1426 3428 γίνεται,
1460 3347 1496 3431 ἣν

189 3475 223 3523 30
241 3453 362 3536 λέγομεν
386 3456 438 3535 τῆς
461 3449 565 3533 μίξεως
586 3449 715 3531 γίνεσθαι
738 3447 811 3512 κατιί
839 3449 973 3512 σύνδεσιν
1006 3448 1055 3531 (οὐ
1090 3452 1169 3511 πᾶσα
1203 3449 1256 3532 μὲν
1284 3448 1338 3532 γὰρ
1361 3449 1497 3518 σύνθεσις

242 3557 329 3641 μῖξις·
365 3555 497 3622 σύνθεσις
525 3553 576 3637 μὲν
603 3552 658 3635 γὰρ
681 3554 809 3616 καὶτῶν
832 3552 941 3634 ὁμοίων
964 3575 995 3614 τε
1019 3552 1066 3615 καί
1099 3552 1244 3635 ὁμοειδῶν
1271 3552 1388 3635 γίνεται,
1421 3553 1441 3636 ἡ
1465 3553 1498 3615 δὲ

241 3659 314 3742 μῖξις
336 3658 369 3721 ἐκ
393 3655 587 3740 διαφερόντων
609 3678 641 3717 τε
663 3656 711 3718 καί
736 3654 767 3716 έν
790 3653 974 3737 διαφέρουσι·
1011 3654 1056 3717 διδ
1080 3654 1096 3716 δ
1120 3655 1172 3737 μὲν
1196 3658 1253 3717 τῶν
1276 3659 1376 3738 πυρῶν
1399 3655 1494 3737 σωρδς

242 3762 316 3826 κατὰ
339 3760 429 3845 μόνην
454 3759 596 3831 σύνθεσιν,
631 3758 646 3820 ό
670 3758 702 3820 δὲ
725 3760 783 3820 τῶν
805 3760 905 3840 πυρῶν
938 3780 969 3819 τε
1002 3757 1049 3819 καὶ
1073 3760 1193 3839 κυάμων
1221 3756 1278 3841 ἤδη
1301 3761 1339 3840 τῇ
1362 3756 1498 3820 συνθέσει
1511 3774 1539 3817 ιε

242 3866 290 3928 καὶ
313 3864 364 3947 τὴν
389 3861 462 3946 μῖξιν
486 3859 706 3945 προσείληφεν),
733 3861 753 3943 ἡ
776 3861 809 3922 δὲ
832 3863 873 3926 ῶς
895 3863 995 3944 κρᾶσις
1019 3859 1091 3943 μῖξις
1113 3858 1230 3943 γίνεται,
1262 3859 1297 3923 οὐ
1321 3859 1496 3942 σωζομένων

189 3988 221 4037 35
241 3967 283 4030 ἔτι
306 3973 363 4029 τῶν
388 3963 567 4047 μιγνυμένων
602 3964 648 4025 καὶ
682 3962 775 4029 οὕτως
811 3962 948 4046 ἀλληλοις
975 3961 1204 4045 παρακειμένων,
1239 3959 1299 4024 ἀλλ’
1331 3962 1497 4045 ἑνουμένων

243 4069 316 4134 κατὰ
338 4070 372 4131 τδ
396 4067 595 4148 ὑποκείμενον.
641 4065 686 4128 διδ
720 4065 750 4127 ἐν
774 4067 833 4131 τοῖς
858 4063 1016 4148 εὐορίστοις
1045 4086 1077 4127 τε
1099 4066 1147 4128 καί
1170 4066 1267 4147 ὑγροῖς
1288 4067 1308 4148 ἡ
1332 4068 1373 4133 ῶς
1395 4067 1497 4147 κρᾶσις

243 4172 317 4257 μῖξίς
338 4171 425 4233 ἐστιν.
464 4169 564 4252 ῶσπερ
587 4169 619 4230 δὲ
642 4168 699 4252 οὐχ
722 4169 741 4251 ἡ
765 4172 822 4230 τῶν
845 4166 994 4252 τυχόντων
1011 4167 1146 4235 σύνθεσις
1161 4166 1234 4251 μῖξις
1249 4164 1296 4250 ἦν,
1319 4164 1412 4234 ούτως
1427 4167 1497 4231 οὐδὲ
1510 4183 1539 4226 ευ

192 4447 281 4515 Ιπυρί
294 4443 396 4513 γίνεται]
415 4443 591 4515 πιριγίνεπαιε
662 4444 733 4498 3τις
746 4456 810 4493 corr.
824 4458 856 4493 ex
869 4445 948 4511 τῆςΑ
1021 4439 1157 4498 Ίάνέξιον
1172 4441 1253 4493 ίύεΙοτ
1324 4440 1516 4510 ηειίύ.1ύε1οι

180 4532 204 4592 Ι8
218 4532 335 4604 εἰρημένα
347 4534 380 4582 Α1
454 4529 497 4599 δὴ]
510 4529 536 4581 δὲ
547 4528 629 4581 ideler
694 4529 710 4580 θ
722 4528 783 4580 ποτ’
793 4528 857 4581 ἰστίν
869 4532 920 4581 Ra:
934 4525 989 4580 τότ’
1001 4528 1068 4580 ἔσται
1080 4535 1116 4580 A:
1130 4529 1241 4580 τότεστιν
1251 4529 1341 4581 BCPS
1412 4527 1443 4580 10
1459 4527 1549 4598 αὐπης]

189 4619 274 4672 αὐτῶν
291 4624 328 4673 Ra
403 4617 433 4669 12
452 4618 650 4669 ἀποσκιυύσιται
662 4617 744 4668 Diels:
764 4617 934 4668 ἀποσκευάσαι
950 4633 976 4667 τε
996 4615 1054 4667 libri
1130 4615 1161 4667 13
1179 4615 1229 4679 (δὲ)
1245 4614 1276 4684 δὴ
1294 4614 1377 4667 Ideler
1451 4614 1481 4667 15
1500 4633 1550 4668 τοι·

189 4705 272 4758 ούτων
287 4709 391 4760 CPSRa
463 4703 586 4776 χωριστὸν
600 4703 687 4770 Apelt:
709 4705 787 4776 χωρὶς
799 4709 851 4755 τῶν
865 4704 924 4755 libri
1000 4704 1030 4754 16
1048 4702 1077 4754 ἂν
1092 4717 1141 4753 om.
1155 4721 1171 4754 a
1243 4701 1276 4754 23
1295 4701 1353 4754 οὐτε
1367 4703 1473 4770 scripsi:
1493 4701 1550 4754 οὐδε

189 4794 248 4846 libri
316 4791 451 4860 θότύπον]
465 4791 522 4844 τότε
534 4793 597 4844 BPS
664 4790 699 4842 30
710 4790 820 4843 fortasse
833 4788 945 4843 σύνθεσιν
958 4791 1073 4859 <γίνισιν>
1139 4789 1172 4842 32
1185 4795 1271 4857 πυρῶν
1284 4804 1349 4841 corr.
1362 4805 1395 4842 επ
1408 4790 1522 4861 πυρδςΔ

189 4882 222 4934 35
242 4880 422 4952 περικειμένων
442 4883 480 4932 Ra
569 4878 602 4932 36
622 4878 783 4950 ιύχωρίσιοις
801 4879 840 4930 vei
861 4877 1018 4947 ιύδιιιιρίτοις
1030 4878 1102 4930 Diels
1186 4877 1218 4929 37
1238 4882 1290 4929 τῶν
1308 4891 1358 4929 om.
1378 4877 1462 4931 ldeier
