3540 5610
695 313 837 372 BIIIAION
860 313 997 372 ΠΡΩΤΟΝ
1018 318 1086 371 7-8
1532 321 1570 383 II

259 495 349 562 σώζει
377 492 429 575 τὴν
457 490 531 554 κατὰ
557 492 590 553 τδ
617 489 690 575 πρὺς
711 515 737 553 τι
766 491 865 576 σχέσιν
893 491 1044 575 οὐδέτερον
1073 490 1180 553 αὐτῶν.
1225 493 1271 553 καὶ
1300 493 1331 553 τὸ
1360 492 1461 554 λευκὸν
1485 490 1517 552 δέ

259 597 308 657 καὶ
330 597 362 658 τὸ
380 595 482 676 μέλαν,
504 594 581 656 καθὸ
606 595 657 674 μέν
680 594 793 657 ἐναντία
809 596 956 676 ἀλλήλοις,
980 595 1091 674 λέγεται
1113 593 1183 677 πρὺς
1205 618 1232 656 τι
1248 594 1296 655 καὶ
1318 592 1371 654 οὑκ
1394 592 1517 664 ἐναντία,

259 699 336 760 καθδ
359 699 392 759 δέ
416 697 448 758 τδ
465 698 517 779 μὲν
540 697 642 759 λευκδν
666 695 778 759 τοιὺνδε
800 703 917 780 χρῶμα,
941 699 973 759 τὸ
998 699 1030 759 δέ
1047 697 1136 780 μέλαν
1160 697 1280 767 τοιάνδε,
1304 695 1428 768 ἐναντία,
1452 693 1512 757 ἀλλ’
1531 710 1558 751 25

259 799 295 862 οὑ
319 797 390 883 πρός
412 822 451 862 τι.
495 798 531 861 τὰ
553 799 609 882 γὰρ
635 799 749 861 ἐναντία
775 799 904 862 καθόσον
932 801 984 880 μὲν
1010 801 1097 880 δηλοῖ
1123 800 1223 884 φὺσεις
1250 798 1329 867 τινὰς
1353 798 1356 882 I
1383 802 1517 861 πλεῖστον
1536 805 1571 861 37

221 922 239 971 5
262 903 399 984 ἀλλήλων
422 900 625 985 διαφερούσας,
648 901 683 964 οὑ
706 903 777 985 πρός
799 925 838 964 τι·
872 901 999 965 καθόσον
1023 904 1055 964 δὲ
1077 903 1170 972 οὑτως
1193 904 1376 984 ὀνομάζεται,
1400 901 1470 984 πρὺτ
1492 925 1519 964 τι

259 1007 347 1069 ἐστίν.

272 1247 359 1309 VIII.
405 1245 496 1329 Πρδς
516 1246 554 1308 τὸ
578 1246 623 1329 μὴ
647 1244 736 1308 εἶναι
758 1247 795 1309 τὸ
818 1246 912 1315 εἶδος
934 1247 968 1309 ἐν
993 1251 1031 1330 τῇ
1058 1248 1121 1329 ὑλη
1146 1249 1191 1315 ὡς
1214 1247 1248 1308 ἐν
1272 1244 1507 1329 ὑποκειμένῳ.

347 1415 424 1500 Πρὸς
445 1418 478 1480 τδ
501 1418 541 1500 μὴ
565 1417 638 1480 είναι
661 1418 693 1480 τδ
716 1417 794 1486 είδοτ
820 1417 850 1479 ἐν
874 1442 909 1500 τη
940 1419 997 1500 ὑλη
1021 1423 1062 1486 ὡς
1085 1418 1114 1480 ἐν
1138 1417 1336 1500 ὑποκειμένῳ,
1366 1418 1441 1500 μηδὲ
1464 1419 1515 1500 τὴν
1543 1432 1557 1472 ὁ

259 1522 358 1604 ψυχὴν
381 1519 412 1581 ἐν
435 1523 478 1603 τῷ
502 1522 616 1600 σώματι
639 1517 674 1601 ἦν
690 1518 856 1602 λεγόμενον,
881 1523 923 1583 δτι
947 1523 1018 1602 πρὸς
1041 1523 1072 1583 τὸ
1096 1521 1168 1583 εἶναι
1192 1527 1228 1602 τη
1253 1521 1309 1602 ὑλη
1333 1520 1460 1602 ἐνεργείογ
1483 1522 1515 1582 τὸ

205 1643 239 1690 10
259 1622 336 1690 εἶδος
357 1619 448 1684 αῖτιον
469 1621 519 1703 (οὐ
542 1621 595 1703 γὰρ
618 1621 679 1684 υίὺν
702 1645 734 1684 τε
756 1622 829 1685 εἶναι
850 1623 940 1705 αὐτὴν
969 1624 999 1684 ἐν
1023 1624 1181 1686 ὑποστάσει
1208 1624 1298 1706 χωρὶς
1324 1627 1373 1685 τοῦ
1397 1621 1517 1704 εἴδους),

259 1727 293 1788 τδ
317 1723 343 1787 δ’
377 1723 409 1785 ἐν
431 1724 613 1808 ὑποκειμένῳ
642 1723 673 1786 ὃν
701 1723 732 1786 ἐν
758 1726 812 1787 τινί
839 1724 916 1787 ἐστιν
944 1726 1072 1808 ἐνεργείᾳ
1100 1725 1159 1789 ὄντι
1187 1725 1202 1786 ὃ
1226 1726 1343 1789 δὺναται
1369 1725 1441 1786 εἶναι
1469 1728 1516 1787 καὶ
1532 1742 1558 1781 1⁰

260 1829 353 1912 χωρὶς
376 1831 426 1890 τοῦ
449 1827 480 1889 ἐν
503 1827 685 1910 ὑποκειμένῳ
709 1828 789 1913 αὐτῷ
815 1826 906 1896 ὄντος.
951 1830 1022 1911 πρὸς
1045 1827 1060 1888 ὃ
1083 1826 1251 1889 άντέπιπτεν
1276 1830 1308 1890 τδ
1332 1828 1439 1890 καὶτὰ
1463 1831 1518 1890 σώ-

261 1954 339 2013 ματα
362 1930 539 2012 βοηθεῖσθαι
563 1931 615 2011 μὲν
638 1931 710 2013 πρὸς
732 1932 765 1992 τὸ
788 1930 861 1993 εἶναι
883 1930 914 1991 ἐν
938 1931 1094 1993 ὑποστάσει
1119 1931 1174 1992 ὑπὸ
1197 1936 1255 1992 τῶν
1279 1931 1517 2015 συμβεβηκότων,

259 2032 342 2113 εἴγε
364 2036 422 2095 πᾶν
446 2037 532 2114 σῶμα
555 2033 666 2114 ἀνάγκη
691 2032 764 2115 μετὰ
787 2033 939 2117 σχήματος
962 2032 1037 2095 εἶναί
1057 2055 1131 2100 τινος
1153 2032 1201 2094 καὶ
1224 2035 1392 2116 χρώματος,
1416 2034 1520 2114 ὑμολο·
1534 2049 1560 2090 τε

203 2157 238 2204 15
257 2135 374 2217 γεῖσθαι
397 2135 535 2198 δὲταῦτα
558 2135 588 2196 ἐν
612 2135 795 2217 ὑποκειμένῳ
818 2135 891 2198 εἶναι
913 2140 956 2219 τῷ
974 2140 1098 2218 σώματι.
1134 2135 1186 2198 οὑκ
1209 2134 1350 2217 αὔταρκες
1373 2134 1422 2198 οὑν
1446 2137 1517 2219 πρὸς

258 2241 293 2303 τδ
317 2240 358 2322 μὴ
381 2237 454 2300 εἶναι
476 2237 506 2299 ἐν
530 2237 713 2321 ὑποκειμένῳ
737 2239 789 2300 τινὶ
816 2239 849 2300 τδ
872 2243 1019 2301 συντελεῖν
1041 2244 1084 2322 τῳ
1109 2238 1291 2322 ὑποκειμένῳ
1316 2238 1396 2324 αὐτῷ
1421 2239 1462 2306 εἰς
1483 2240 1516 2300 τὸ

259 2341 335 2404 εἶναι
357 2341 388 2403 ἐν
411 2341 578 2403 ὑποστάσει.
617 2340 636 2422 ᾖ
659 2341 686 2402 εἰ
710 2340 761 2422 μέν
784 2363 811 2402 τι
833 2342 933 2409 ἁπλῶς
957 2345 1087 2404 συντελεῖ
1108 2364 1161 2403 τινι
1183 2343 1224 2410 εἰς
1247 2342 1280 2403 τδ
1302 2341 1374 2404 εἶναι
1397 2342 1426 2402 ἐν
1451 2343 1517 2404 ὑπο·
1531 2358 1559 2400 ιο

258 2445 374 2517 στάσει,
403 2442 437 2506 οὐ
459 2445 621 2506 κεκώλυται
648 2446 733 2504 τοῦτο
760 2442 791 2505 ἐν
819 2443 1001 2527 ὑποκειμένῳ
1029 2443 1103 2506 εἶναι
1131 2444 1226 2528 αὐτῷ,
1255 2447 1295 2512 ὡς
1323 2445 1446 2529 ἐδείχθη
1470 2446 1518 2507 ἐπὶ

257 2551 311 2609 τοῦ
334 2549 471 2627 σώματος
493 2546 540 2607 καὶ
562 2550 614 2629 τῆς
637 2543 800 2629 ποιότητος,
823 2545 859 2626 ἧς
882 2548 974 2630 χωρὶς
998 2547 1137 2609 άδὺνατυν
1160 2545 1235 2609 είναί
1255 2571 1281 2609 τι
1305 2548 1335 2609 ἐν
1359 2549 1517 2611 ὑποστάσει

199 2671 239 2718 20
259 2657 365 2733 σῶμα·
389 2649 416 2709 εί
438 2647 471 2710 δέ
485 2671 513 2710 τι
534 2647 581 2731 εἴη
604 2651 646 2717 ὡς
669 2647 757 2732 μέρος
778 2652 933 2711 συντελοὺν
957 2649 1050 2732 τοὺτιρ
1074 2650 1103 2712 ἐν
1125 2645 1150 2735 q}
1175 2649 1248 2723 ἐστι,
1271 2654 1355 2712 τοῦτο
1378 2651 1435 2735 οὐχ
1458 2650 1519 2713 υίὺν
1533 2667 1560 2707 κε

258 2776 292 2816 τε
317 2753 348 2814 ἐν
372 2750 554 2834 ὑποκειμένῳ
581 2751 654 2814 εἶναι
677 2752 770 2835 τοὺτῳ
800 2750 834 2814 οὑ
862 2751 923 2814 ἐστι
947 2751 1043 2836 μέρος.
1089 2754 1122 2815 τδ
1149 2753 1182 2815 δὲ
1208 2752 1285 2821 εἶδος
1312 2753 1406 2836 τοὺτῳ
1433 2753 1463 2815 ἐν
1491 2749 1516 2838 ᾧ

258 2857 353 2928 ἐστιν,
381 2858 422 2924 ὡς
446 2853 448 2939 I
475 2853 563 2938 μέρος
586 2857 739 2923 συντελοὺν
762 2856 902 2938 φαίνεται.
948 2858 994 2917 δεῖ
1016 2857 1067 2937 μὲν
1090 2855 1145 2939 γὰρ
1172 2856 1224 2938 τὴν
1248 2857 1366 2938 ζήτησιν
1394 2860 1444 2918 τοῦ
1468 2855 1517 2918 πό·
1536 2864 1571 2919 38

258 2981 342 3042 τερον
370 2961 412 3027 ὡς
433 2958 465 3020 ἐν
489 2957 672 3042 ὑποκειμένῳ
701 2958 757 3020 τινί
776 2958 837 3021 ἐστι
865 2960 897 3021 τδ
924 2959 1111 3043 προκείμενον
1140 2960 1157 3041 η
1183 2960 1223 3041 μὴ
1247 2958 1395 3021 ποιεῖσθαι
1418 2959 1518 3043 λαβὺν-

258 3085 310 3130 τας
332 3085 358 3124 τι
380 3064 513 3143 πρᾶγμα,
541 3059 571 3122 ἐν
595 3058 620 3145 ᾧ
644 3060 706 3124 ἐστι
736 3061 787 3140 μὲν
815 3065 899 3123 τοῦτο
927 3062 991 3144 περὶ
1020 3061 1054 3124 οὑ
1077 3086 1096 3144 η
1121 3064 1254 3145 ζήτησις,
1282 3065 1408 3144 ζητεῖται
1431 3064 1463 3124 δὲ
1487 3064 1518 3125 τὸ
1546 3079 1560 3120 τ

200 3184 237 3232 25
257 3169 322 3232 πῶς
344 3163 422 3227 ἐστιν
445 3163 476 3225 ἐν
498 3161 591 3248 αὐτῷ.
638 3163 731 3247 ὁγὰρ
755 3163 866 3232 δεικνὺς
888 3163 932 3226 ὅτι
954 3165 986 3226 τδ
1010 3166 1112 3227 λευκὸν
1140 3165 1170 3226 ἐν
1194 3167 1308 3247 σώματι
1332 3168 1373 3233 ὡς
1395 3166 1425 3226 ἐν
1449 3167 1516 3229 ὑπο-

257 3266 400 3350 κειμένῳ,
422 3266 521 3350 λαβών
543 3288 570 3328 τι
592 3271 693 3346 σῶμα,
717 3268 746 3329 ἐν
771 3261 796 3351 ᾧ
821 3267 854 3329 τδ
877 3266 979 3328 λευκὺν
1003 3268 1077 3341 ἐστι,
1100 3267 1147 3329 καὶ
1171 3266 1263 3334 δείξας
1287 3266 1319 3329 δν
1343 3268 1372 3329 ἐν
1394 3271 1437 3351 τῳ
1461 3271 1517 3330 003-

258 3392 328 3452 ματι
349 3368 421 3431 αὑτδ
445 3371 520 3451 μήτε
543 3371 583 3436 ως
606 3366 693 3451 μέρος
717 3367 789 3450 μήθ’
818 3372 859 3437 ὑς
881 3371 1038 3452 δυνάμενον
1066 3372 1159 3453 χωρὶς
1186 3370 1275 3433 αὑτοῦ
1304 3369 1377 3432 εἶναι
1400 3368 1516 3442 ἔδειξεν,

259 3470 303 3534 δτι
326 3471 404 3534 ἐστὶν
432 3472 462 3534 ἐν
488 3470 670 3554 ὑποκειμένῳ
698 3471 791 3555 αὑτιγῖ.
837 3472 914 3534 οὑτω
937 3473 969 3534 δέ
992 3474 1039 3533 δεῖ
1064 3473 1112 3534 καὶ
1139 3473 1188 3534 τδν
1212 3476 1353 3555 ζητοῦντα
1379 3475 1444 3555 περὶ
1466 3477 1517 3536 τοὺ
1533 3491 1559 3531 ιο

258 3571 369 3648 εἴδους,
396 3572 518 3656 πότερον
541 3573 571 3635 ἐν
594 3571 777 3657 ὑποκειμένῳ
800 3574 877 3637 ἐστὶν
900 3598 919 3657 η
943 3576 999 3659 μή,
1026 3576 1124 3658 λαβεῖν
1147 3598 1173 3636 τι
1195 3580 1323 3651 τοιοῦτο,
1351 3577 1382 3638 ἐν
1406 3571 1430 3662 η’)
1456 3576 1517 3640 ἐστι

202 3696 238 3746 30
258 3677 313 3760 μὲν
334 3675 393 3760 ἤδη
416 3676 450 3738 τδ
471 3673 562 3751 εἶδος,
587 3679 714 3760 ζητεῖται
737 3677 824 3739 δὲτὸ
848 3682 919 3746 πῶς.
965 3678 995 3738 ἐν
1020 3678 1070 3759 μὲν
1094 3675 1144 3739 οὖν
1166 3682 1205 3761 τῇ
1230 3679 1300 3761 ὑλη,
1324 3680 1350 3740 εί
1373 3679 1440 3742 καθ’
1468 3680 1517 3742 αὑ·

258 3781 311 3863 τὴν
335 3779 526 3863 λαμβάνοιτο,
555 3775 638 3841 οὔπω
660 3779 722 3841 ἐστὶ
744 3781 777 3841 τδ
800 3778 875 3847 εἶδος
903 3780 963 3861 (διδ
991 3777 1051 3842 οὐδ’
1081 3780 1115 3842 ἂν
1144 3785 1273 3863 ζητοῖτο,
1301 3787 1364 3850 πῶς
1387 3784 1463 3846 ἐστιν
1487 3784 1516 3845 ἐν
1532 3800 1557 3842 ιτ

257 3882 334 3965 αὐτῇ
357 3882 391 3944 τὸ
415 3882 491 3965 μηδὲ
512 3882 564 3964 την
588 3881 684 3965 ἀρχὴν
708 3881 740 3944 δν
763 3883 793 3944 ἐν
816 3882 919 3964 αὐτῇ),
942 3882 1006 3945 ἐπεὶ
1029 3882 1061 3945 δέ
1084 3885 1160 3946 ἐστιν
1187 3884 1217 3945 ἐν
1239 3890 1278 3967 τη”
1303 3886 1513 3971 συναμφοτέρῳ

261 3985 346 4067 οὑσίρ
368 3985 401 4047 τὸ
424 3988 553 4046 τοιοῦτον
575 3983 667 4056 εἶδος,
697 3986 756 4068 χρη
780 3985 893 4047 τοιοὺτὺ
921 4008 948 4047 τι
971 3987 1247 4070 προχειρισαμένους
1276 3987 1324 4049 ἐπ’
1352 3989 1440 4051 αὑτοῦ
1464 3991 1515 4072 τὴν

259 4090 379 4172 ζήτησιν
413 4086 569 4149 ποιεῖσθαι.
618 4085 693 4149 ἀλλὰ
720 4088 777 4170 μὴν
806 4088 841 4169 ἣν
869 4085 903 4149 ἂν
931 4088 1067 4172 λάβωμεν
1096 4091 1312 4174 συναμφότερον
1342 4090 1456 4172 οὐσίαν,
1485 4093 1515 4153 ἐν
1530 4110 1558 4150 ευ

202 4387 228 4440 3.
248 4385 364 4440 ιελλω
382 4405 399 4438 ε
487 4385 668 4458 θέντργτίαθ
755 4389 786 4440 10
808 4387 858 4441 οίόν
878 4406 905 4440 τι
923 4403 986 4440 corr.
1004 4406 1036 4441 ex
1055 4393 1195 4442 οιονταιθ1
1288 4392 1315 4442 II
1337 4400 1534 4461 ὑποκειμένων

205 4473 237 4526 12
257 4473 471 4542 ίιιιοιιιιμῖνουθΙ
489 4474 565 4540 (corr.
577 4474 623 4540 va)
711 4475 741 4526 16
760 4476 795 4546 μη
811 4477 861 4528 del.
872 4478 917 4544 Sp.
1000 4477 1030 4528 18
1049 4478 1078 4530 οὑ
1093 4480 1139 4548 γὰρ
1151 4481 1184 4530 B'·'
1264 4479 1298 4530 20
1317 4481 1411 4549 τούτῳ]
1431 4486 1505 4533 τοῦτο
1519 4502 1534 4532 a

203 4561 248 4613 22.
267 4561 301 4615 23
328 4560 448 4634 πότερον]
472 4578 486 4612 ο
509 4562 538 4614 in
556 4561 596 4614 III.
615 4565 647 4613 V:
676 4576 740 4614 corr.
760 4579 792 4614 εκ
816 4563 935 4635 πρότερον
954 4568 989 4617 B:
1019 4565 1138 4634 πρότερον
1157 4569 1218 4617 VLa
1307 4567 1341 4618 ‘24
1368 4587 1392 4618 τι
1412 4569 1488 4621 VS²a
1507 4573 1568 4638 sp.:

202 4649 234 4701 τὸ
253 4650 332 4702 FS'L
431 4647 464 4700 27
489 4645 579 4707 ἐδιιξιν
598 4650 627 4701 in
645 4648 683 4701 Iit.
703 4654 726 4700 V
817 4652 851 4703 ‘28
879 4651 904 4703 δὲ
925 4651 1022 4704 δεῖκαὶ
1042 4657 1064 4701 V
1087 4654 1153 4705 I'ict.
1173 4654 1230 4721 Sp:
1259 4654 1381 4706 δέδεικται
1399 4659 1439 4708 FS
1459 4658 1497 4722 (In
1519 4674 1569 4724 mg.

203 4735 254 4802 δεῖ)
271 4740 310 4788 1,-
398 4734 432 4788 29
450 4753 475 4788 τι
492 4741 592 4789 τοιοῦτο
607 4739 690 4792 GFSa
701 4737 758 4805 δρα
778 4757 801 4790 τι
820 4744 895 4792 τοῦτο
907 4744 952 4792 VB
1043 4740 1077 4792 30
1096 4742 1205 4810 ζητεῖται
1217 4743 1288 4793 VSIa
1300 4743 1358 4810 Spa
1378 4744 1447 4812 ζητεῖ
1459 4746 1533 4796 FS¹L

203 4823 237 4876 31
258 4823 358 4895 ζητοίτο
377 4826 425 4876 VB
444 4825 512 4876 coni.
531 4822 588 4892 Sp.:
617 4823 703 4894 ζητοίη
723 4825 752 4876 τὸ
772 4829 854 4880 GFSa
979 4828 1012 4879 32
1041 4829 1120 4897 τῳδὶ
1246 4829 1274 4880 δν
1301 4832 1326 4882 ἐν
1345 4831 1437 4882 BIS‘Ia
1457 4832 1513 4898 Sp.:
1542 4832 1568 4883 ἐν

204 4911 355 4966 VB¹S¹GL
461 4910 603 4965 τδ-ὶυτλν
622 4915 711 4964 ουκθ

258 5017 331 5068 suppl.
346 5018 413 5058 Ατιιι.
426 5012 476 5058 Πθ
503 5018 565 5058 Alex.
578 5019 659 5070 ειπιριι
674 5021 762 5059 minan.
1347 5005 1366 5068 2
