3540 5610
207 303 249 369 92
683 306 884 361 ALEXANDRI
908 306 952 360 DE
976 306 1084 361 hrum

260 473 364 547 ἔδειέεν
386 479 444 565 οὐχ
459 480 552 550 οὕτως
573 478 662 562 αὐτὴν
677 477 765 543 οὖσαν
787 479 839 563 τὴν
860 479 960 565 αὐτήν,
983 486 1026 566 τῷ
1050 480 1160 544 ἐκτῶν
1183 479 1278 544 αὐτῶν
1294 479 1391 549 αὐτοῖς
1406 479 1507 566 ἀρχῶν
1536 495 1551 538 ε

258 581 414 663 γεγονέναι.
458 583 550 652 οὕτως
577 583 627 667 μὲν
654 582 708 665 γὰρ
736 580 793 667 οιίχ
819 583 944 669 ἡψυχὴ
973 582 1062 668 μόνη.
1075 587 1161 646 πᾶσιν
1187 585 1248 653 τοῖς
1275 581 1354 648 οὖσιν
1381 583 1508 669 ἠαύτή,

260 683 335 748 ἀλλὰ
356 687 405 749 καλ
427 685 458 750 εί
475 710 501 749 τι
522 685 594 750 ἄλλο
617 685 753 748 σύνθετον
782 683 813 748 ὃν
840 685 874 748 ἐκ
900 691 1002 750 πασῶν
1030 691 1087 749 τῶν
1110 687 1211 771 ἀρχῶν
1239 685 1421 770 συνέστηκεν.
1466 684 1509 750 ἔτι

259 809 290 850 τε
312 788 466 871 ἀναγκαῖον
486 789 578 858 οὕτως
594 786 717 871 μέγεθός
738 811 764 850 τι
779 785 869 870 αὐτὴν
892 787 964 872 εἶναι
982 790 1030 852 καὶ
1048 793 1144 872 σῶμα,
1166 789 1238 873 πρδς
1260 789 1292 852 δὲ
1306 788 1417 858 τούτοις
1433 789 1509 874 μηδὲ

231 890 403 955 υδύνασθαί
422 915 474 954 τινι
497 895 554 955 τῶν
578 888 668 954 ὄντων
691 891 785 957 οὕτως
807 889 896 973 αὐτὴν
919 890 1065 975 εἶναιτὴν
1087 891 1177 975 αὐτήν
1206 891 1252 974 (εἴ
1269 916 1303 975 γε
1324 892 1354 955 ἐν
1377 896 1414 975 τῇ
1436 896 1507 976 ποιᾷ

260 994 311 1077 μὲν
335 993 469 1058 συνθέσει
491 1016 522 1057 τε
546 994 593 1056 καί
617 992 688 1076 μίξει
717 994 775 1054 τῶν
798 992 899 1078 ἀρχῶν
926 995 945 1078 ἡ
969 995 1093 1059 ἑκάστου
1120 999 1178 1058 τῶν
1201 996 1376 1079 πραγμάτων
1398 992 1508 1076 οὐσία),

259 1097 322 1159 ἐπεὶ
343 1101 387 1181 τῷ
409 1120 443 1180 ηε
465 1097 576 1160 ἐκτῶν
599 1095 695 1160 αὐτῶν
718 1096 818 1180 ἀρχῶν
845 1095 918 1160 εἶναι
942 1098 1035 1161 πάντα
1058 1097 1091 1161 ἂν
1115 1096 1150 1182 ἦν
1172 1096 1263 1160 ταύτὰ
1285 1097 1431 1182 ἀλλήλοις,
1455 1121 1508 1181 μη·

260 1200 341 1269 δενδς
369 1199 402 1262 δὲ
423 1204 481 1262 τῶν
504 1199 610 1284 ἑτέρων
637 1204 690 1282 τῆς
716 1202 817 1284 ψυχῆς
839 1199 979 1263 δύνασθαι
1005 1199 1078 1264 εἶναι
1108 1202 1159 1283 τὴν
1181 1204 1281 1284 κρᾶσιν
1308 1224 1340 1262 τε
1362 1200 1410 1263 καὶ
1432 1199 1507 1282 μῖξιν
1522 1216 1549 1258 ιο

258 1301 288 1365 ἐν
311 1307 349 1386 τῇ
372 1306 465 1387 ψυχῇ.
509 1300 546 1385 ἦν
567 1302 621 1386 γὰρ
644 1300 678 1364 ἂν
701 1301 805 1377 ἐκεῖνο,
832 1299 891 1365 ἀλλ’
919 1300 953 1364 οὐ
976 1304 1067 1387 ψυχή.
1113 1300 1173 1364 ἀλλ’
1202 1299 1278 1366 ἔστιν
1300 1304 1319 1385 ἡ
1342 1302 1425 1387 ψυχὴ
1449 1305 1509 1372 τοῖς

218 1420 245 1464 10
258 1404 337 1468 οὖσιν
359 1405 452 1474 οὕτως
480 1406 499 1488 ἡ
521 1403 596 1489 αὐτη
619 1410 661 1488 τῷ
683 1403 802 1487 δύναμις
824 1403 896 1466 εἶναι
917 1408 975 1466 τῶν
1004 1404 1089 1467 εἰδῶν
1112 1403 1209 1467 αὐτῶν
1232 1405 1356 1489 ληπτικὴ
1379 1405 1454 1468 κατά
1475 1428 1509 1468 τε

248 1510 290 1588 ,τὸ
314 1511 387 1571 νοεῖν
410 1509 457 1570 καὶ
479 1508 512 1570 τδ
535 1506 738 1571 αἰσθάνεσθαι.
783 1506 812 1569 ἐν
835 1507 927 1591 τούτῳ
950 1507 1003 1591 γάρ
1025 1512 1063 1590 τῇ
1087 1507 1205 1591 τοιαύτη
1231 1510 1316 1593 ψυχῇ
1339 1508 1372 1570 τὸ
1394 1506 1475 1571 εἴναυ

344 1608 403 1674 Καὶ
425 1610 510 1695 δμὲν
531 1611 596 1694 περὶ
618 1614 715 1694 ψυχῆς
737 1607 831 1691 λόγος,
853 1608 915 1672 ὅτε
930 1611 1023 1678 κοινδς
1046 1611 1092 1673 καί
1115 1610 1212 1693 ὁπερὶ
1234 1611 1358 1695 ἑκάστης
1379 1614 1438 1674 τῶν
1460 1634 1508 1674 κυ-

259 1714 406 1799 ριωτάτων
429 1713 578 1796 δυνάμεων
601 1712 701 1796 αὐτῆς,
723 1713 772 1775 καὶ
793 1712 834 1780 τίς
855 1712 997 1794 ἡτέλειος
1020 1714 1115 1798 ψυχή,
1138 1714 1262 1783 καὶπῶς
1285 1712 1349 1798 ἔχει
1371 1714 1442 1798 πρὸς
1456 1713 1508 1796 τὴν

258 1817 358 1901 ἀτελῆ,
381 1820 421 1885 ὡς
443 1815 491 1879 ἐπὶ
505 1814 669 1898 κεφαλαίων
692 1813 832 1878 ἐκθέσθαι
847 1814 997 1898 συντόμως
1019 1818 1091 1900 ὑπὲρ
1107 1821 1160 1900 τῆς
1181 1816 1309 1881 καθόλου
1325 1816 1509 1901 περιλήψεως

219 1935 245 1980 15
258 1924 398 1989 τοιοῦτος·
414 1921 556 2002 γνώριμος
571 1918 603 1981 δὲ
618 1918 652 1981 ἐκ
667 1922 724 1980 τῶν
740 1916 900 2001 εἰρημένων
916 1920 963 1981 καὶ
978 1921 997 2001 ἡ
1013 1919 1089 1989 τάξις
1101 1925 1158 1982 τῶν
1170 1925 1222 2004 τῆς
1236 1925 1333 2005 ψυχῆς
1348 1920 1507 2001 δυνάμεων.
1523 1935 1550 1977 ιν

257 2024 310 2106 τὴν
333 2021 459 2106 μὲνγὰρ
482 2021 638 2105 θρεπτικὴν
661 2021 760 2105 ψυχὴν
782 2022 936 2102 ἀναγκαῖον
964 2020 994 2084 ἐν
1016 2025 1101 2085 πᾶσιν
1125 2026 1184 2091 τοῖς
1206 2022 1349 2108 ἐμψύχοις
1371 2021 1454 2099 εἶναι,
1481 2021 1512 2085 εἴ

257 2149 289 2209 γε
310 2129 409 2210 ψυχῆς
433 2125 484 2208 μὲν
504 2122 649 2207 παρουσίᾳ
671 2126 727 2185 πᾶν
750 2123 782 2185 τδ
806 2126 864 2194 ζῶν
888 2127 940 2204 ζῇ,
963 2123 1101 2187 ἀδύνατον
1124 2125 1204 2188 δέτι
1230 2129 1282 2208 ζῆν
1304 2125 1397 2210 χωρὶς
1418 2127 1508 2208 τῆσδε

258 2233 310 2312 τῆς
333 2228 498 2310 δυνάμεως,
525 2224 606 2308 εἴγε
627 2225 660 2287 τὸ
684 2229 735 2308 ζῆν
759 2225 878 2308 ὥρισται
899 2229 937 2307 τῇ
961 2224 998 2288 δι’
1024 2227 1114 2289 αὑτοῦ
1137 2230 1232 2313 τροφῇ
1255 2228 1356 2290 τεκαὶ
1378 2226 1508 2311 αὐξήσει,

258 2331 336 2394 καθὰ
359 2330 395 2394 τὰ
416 2327 517 2414 (φυτὰ)
539 2333 596 2390 τῶν
619 2326 716 2390 ἄλλων
739 2329 883 2410 σωμάτων
907 2327 1078 2413 διαφέροντα
1101 2333 1154 2414 ζῆν
1175 2333 1313 2393 καλεῖται.
1347 2330 1452 2413 ταύτης
1474 2330 1507 2392 δὲ
1520 2347 1551 2389 m

216 2432 401 2515 νυτελειότης
421 2437 473 2514 τῆς
494 2431 642 2513 δυνάμεως
665 2429 697 2492 τὸ
719 2434 819 2510 γεννᾶν
842 2431 996 2494 δύνασθαι·
1020 2433 1051 2495 τδ
1075 2432 1129 2517 γὰρ
1152 2434 1267 2516 σπέρμα
1286 2437 1395 2517 τροφῆς
1417 2434 1508 2517 περίτ·

257 2560 351 2619 τωμα.
390 2535 424 2598 οὐ
448 2535 505 2618 μὴν
527 2538 584 2596 πᾶν
607 2533 639 2595 τδ
662 2537 720 2605 ζῶν
743 2532 801 2616 ἤδη
824 2535 872 2597 καὶ
894 2533 1030 2618 αἴσθησιν
1051 2532 1130 2620 ἔχειν
1153 2535 1273 2619 ἀνάγκη.
1312 2533 1368 2598 ὅσα
1388 2534 1441 2620 γὰρ
1466 2537 1507 2620 μὴ

258 2638 374 2702 δεκτικὰ
395 2642 453 2700 τῶν
475 2637 561 2699 εἰδῶν
584 2636 676 2719 χωρὶς
698 2635 777 2718 ὕλης,
804 2636 872 2699 οὐδὲ
894 2637 1058 2721 αἰσθητικά
1092 2643 1150 2701 τῶν
1173 2639 1205 2701 δὲ
1227 2642 1324 2721 φυτῶν
1347 2637 1430 2701 οὐδὲν
1452 2663 1509 2702 τοι·

258 2747 351 2805 οῦτον.
395 2740 432 2804 τὰ
454 2739 552 2823 μέντοι
574 2741 640 2823 ζῷα
661 2737 813 2818 ἀναγκαῖον
839 2737 974 2821 αἴσθησιν
997 2737 1086 2824 ἔχειν.
1132 2739 1187 2803 ὅσα
1207 2739 1260 2824 γὰρ
1284 2743 1378 2811 ζῶντα
1401 2742 1441 2824 μὴ
1464 2747 1507 2827 τῷ

258 2841 492 2928 προσπεφυκέναι
513 2843 567 2904 τινὶ
588 2837 639 2925 ἀφ’
667 2838 701 2903 οὔ
724 2838 857 2924 τρέφεται
880 2845 934 2925 (η,
965 2844 1040 2926 μηδὲ
1062 2843 1143 2925 ἁπλῇ
1167 2865 1219 2904 τινι
1240 2845 1351 2927 τρυφῇ,
1379 2845 1507 2928 δποίαὴ

217 2964 244 3007 25
257 2951 314 3009 τῶν
337 2951 451 3031 φυτῶν,
478 2948 568 3008 ταῦτα
590 2944 745 3026 ἀναγκαῖον
767 2940 846 3027 ἔχειν
873 2945 926 3028 τὴν
951 2947 1101 3028 γευστικὴν
1123 2944 1275 3028 αἴσθησιν,
1303 2948 1344 3014 ὡς
1368 2945 1508 3010 δύνασθαι
1552 3004 1555 3008 ,

258 3050 406 3135 διακρίνειν
433 3049 469 3111 τά
491 3070 522 3110 τε
548 3044 674 3131 τρόφιμα
699 3051 757 3108 τῶν
780 3046 1022 3130 προσφερομένων
1052 3046 1132 3132 αὐτῷ
1161 3047 1267 3111 καὶτὰ
1290 3049 1341 3132 μή.
1388 3053 1430 3133 τῷ
1454 3049 1507 3135 γὰρ
1522 3065 1549 3108 νο

207 3273 218 3324 1
239 3271 288 3344 οὐχ
306 3268 478 3339 οὔτως-τὴν
496 3268 586 3338 αὑτήν]
610 3270 670 3322 dass
689 3270 726 3321 sie
743 3269 817 3322 nicht
841 3269 891 3321 die
910 3269 1138 3338 Gegensthnde
1157 3269 1238 3323 selbst
1254 3272 1290 3323 ist
1399 3272 1465 3325 l-‘2
1483 3276 1561 3343 τῷ-

203 3357 339 3429 γιγυνέναι]
358 3358 414 3410 weil
434 3358 472 3409 sie
491 3373 524 3408 zu
541 3357 592 3409 den
610 3357 761 3424 Principien
779 3357 867 3420 selbst,
889 3372 940 3409 νου
959 3357 1073 3410 welchen
1087 3358 1149 3427 jene
1168 3358 1350 3425 Gegensthnde
1369 3359 1499 3426 hornmen,
1517 3377 1561 3429 ge-

203 3448 264 3501 hhre
343 3445 412 3499 3-4
431 3445 467 3497 ἔτι
484 3463 512 3497 τε
530 3444 677 3514 ἀναγκαῖον]
695 3445 750 3496 und
769 3462 796 3496 es
814 3445 907 3513 erghbe
926 3445 980 3497 sieh
1065 3444 1134 3497 4-5
1153 3445 1381 3515 πρὸς-δΰνασθαί]
1400 3447 1476 3501 debei
1495 3452 1562 3503 νιῐιτυ

203 3551 231 3588 es
249 3535 323 3587 nicht
339 3533 452 3601 mhglich
550 3533 566 3585 5
586 3531 608 3584 εί
624 3531 663 3601 ηε]
683 3532 716 3583 da
813 3530 881 3583 ’1-9
900 3529 1041 3583 ἐπεὶ-ἀλλ’
1063 3530 1092 3583 eh
1111 3531 1193 3601 ψυχή]
1213 3548 1287 3585 wenn
1306 3535 1388 3597 nieht,
1406 3549 1434 3586 so
1454 3536 1561 3589 wr'rrden

97 3641 101 3650 ·
203 3622 253 3674 alle
271 3622 313 3674 die
327 3620 411 3688 Dinge
429 3618 552 3672 teilweise
571 3635 601 3670 zu
620 3619 744 3672 einander
762 3633 866 3686 ρυεοευ,
884 3618 1000 3670 insofern
1019 3619 1055 3686 (1)
1074 3619 1111 3671 sie
1130 3635 1179 3671 von
1197 3620 1241 3671 ein
1258 3619 1313 3671 und
1332 3621 1472 3674 denselhen
1488 3623 1561 3675 Prin·

203 3709 289 3776 cipien
309 3705 509 3775 [herkommen]‚
526 3706 581 3757 und
594 3720 620 3758 ee
634 3711 699 3758 whre
717 3705 876 3773 unmhglich
895 3705 954 3757 dass
973 3705 1015 3758 die
1027 3706 1165 3774 Mischung
1184 3707 1237 3758 und
1251 3707 1292 3759 die
1306 3709 1448 3776 hlengung‚
1466 3709 1562 3762 welche

203 3797 258 3849 sich
282 3796 310 3847 in
332 3794 425 3863 irgend
450 3794 533 3846 einem
553 3794 637 3860 biuge
660 3792 761 3855 finden,
785 3793 879 3845 welche
903 3793 949 3845 des
968 3791 1104 3861 Gegenteil
1128 3793 1173 3845 der
1193 3793 1265 3846 Seele
1288 3793 1362 3858 sind,
1385 3795 1440 3847 sich
1463 3797 1491 3849 in
1517 3797 1562 3850 der

203 3883 275 3936 Seele
293 3881 429 3935 hefanden.
467 3882 550 3944 Uenu,
569 3895 643 3932 wenn
661 3880 699 3931 sie
718 3880 772 3931 sich
792 3879 821 3930 in
839 3879 880 3931 ihr
897 3879 1035 3943 beffinden,
1057 3894 1085 3932 so
1104 3884 1170 3931 ποτε
1189 3881 1274 3933 dieses
1293 3880 1362 3948 Ding
1380 3882 1452 3934 darm
1471 3883 1561 3936 Nicht·

203 3969 275 4022 Seele
367 3967 468 4020 14-15
486 3966 522 4025 ὡς
540 3964 739 4033 ἐπὶ-τοιοῦτος]
758 3966 787 4017 in
805 3966 970 4035 allgemeiner
987 3967 1080 4020 lrurzer
1096 3968 1215 4020 Methode
1233 3971 1334 4034 gemhss
1353 3968 1420 4032 dem,
1439 3985 1490 4022 was
1509 3987 1561 4024 von

202 4057 243 4109 ihr
261 4056 387 4124 begriffen
405 4055 506 4108 werden
524 4055 596 4106 kann
615 4055 649 4105 im
669 4052 848 4121 Allgemeinen
939 4053 970 4106 15
989 4052 1015 4105 δὲ
1033 4068 1084 4106 em.
1175 4055 1205 4106 18
1224 4053 1337 4122 ὥρισται]
1357 4057 1420 4108 wird
1440 4064 1562 4111 erneuert

202 4141 355 4211 (entstehth)
465 4140 495 4193 19
514 4139 749 4209 καθὰ-καλεῖται]
769 4141 822 4193 und
842 4141 896 4193 dies
915 4140 973 4193 sind
993 4140 1034 4193 die
1053 4142 1115 4193 zwei
1134 4142 1231 4208 Dinge‚
1255 4143 1349 4194 welche
1367 4142 1409 4195 die
1428 4143 1561 4198 Pflanze

203 4231 274 4283 mehr
293 4230 350 4293 hat,
372 4229 412 4281 els
431 4229 472 4281 die
492 4229 600 4295 fibrigen
619 4228 712 4295 hingo,
730 4227 784 4279 und
803 4244 864 4280 man
883 4233 955 4296 περι,
977 4230 1016 4280 sie
1034 4230 1071 4280 sei
1090 4229 1181 4281 lebend
1307 4228 1340 4280 22
1369 4235 1421 4281 τῶν
1440 4229 1561 4284 δλ-τυι-

202 4315 288 4385 υῡτυν]
308 4316 342 4368 Es
360 4316 396 4368 ist
413 4317 474 4369 aber
491 4315 565 4367 nicht
583 4314 624 4366 die
643 4314 731 4366 Weise
750 4314 841 4383 irgend
859 4316 930 4368 einer
948 4313 1062 4379 Pflanze,
1081 4315 1122 4367 die
1140 4315 1287 4368 Aufnahme
1306 4315 1398 4369 dessen

203 4522 218 4574 6
246 4521 303 4590 μὲν]
322 4521 348 4574 δὲ
366 4537 420 4574 non
438 4522 568 4590 συμπίπτῃ
591 4523 636 4575 sed
654 4527 736 4599 tetum
760 4523 924 4575 enuntiatum
944 4523 1084 4591 genuinam
1107 4523 1215 4575 formem
1240 4513 1293 4575 nen
1315 4524 1417 4576 ridetur
1434 4539 1562 4591 servasse,

202 4609 235 4662 cf.
254 4606 373 4661 δύνασθαι
390 4609 444 4662 ν.8
550 4606 625 4678 μίξει]
646 4607 680 4669 fier
697 4610 726 4661 in
744 4609 783 4661 lit.
794 4609 816 4660 V
921 4608 1016 4660 θάλλ
1039 4609 1069 4662 eh
1088 4610 1140 4662 Ka:
1159 4608 1235 4663 ἄλλου
1254 4611 1276 4661 V
1387 4610 1417 4663 15
1444 4611 1473 4681 „h
1492 4608 1563 4672 τάξις

202 4702 254 4748 τῶν
273 4701 320 4766 τῆς
337 4695 422 4771 ψυχῆς
441 4695 596 4765 δυνάμεων“.
633 4695 757 4768 γνώριμος
776 4695 802 4748 δὲ
821 4696 860 4748 Ve
943 4695 973 4749 17
991 4697 1091 4756 ζῶυνυ
1176 4697 1206 4750 18
1224 4696 1302 4750 αὐτοῦ
1322 4698 1361 4749 Va
1446 4698 1476 4749 19
1495 4700 1564 4768 φυτὰ

203 4784 301 4848 addidi,
320 4784 352 4836 ef.
370 4786 478 4852 interpr.
498 4784 567 4836 hebr.
679 4783 816 4852 σωμάτων]
836 4790 972 4853 exspectas
991 4782 1093 4843 ζώντων
1204 4785 1238 4837 ‘20
1260 4789 1382 4854 ητννᾷνα
1494 4787 1562 4858 περί-

202 4887 330 4939 πτωμαα
435 4870 469 4923 25
487 4870 584 4943 [χηνυ
689 4870 722 4921 26
740 4871 772 4923 τὰ
790 4874 851 4924 ante
868 4870 904 4940 μὴ
923 4884 1007 4922 ουκυ
