3540 5610
611 337 740 394 ΗΘΙΚΩΝ
762 335 1026 394 ῘΙΡΟΒΛΗΜΑἹῺΝ
1046 338 1150 391 ’λδ-’24
1444 360 1448 366 ·
1498 336 1555 400 147

256 516 307 583 τάς
336 512 372 578 δι’
399 514 490 584 αότάς
516 515 641 598 αἱρετάς.
687 518 727 582 ὡς
749 514 802 596 γὰρ
826 514 851 576 εἰ
878 512 913 597 ῆν
941 515 960 597 ή
989 513 1158 595 οἰκοδομική
1188 513 1278 586 οἰκία,
1306 509 1342 574 δι’
1370 512 1406 594 ῆν
1429 508 1505 571 ἐστιν

253 618 366 701 αἱρετή,
389 615 424 701 ήν
447 615 481 680 ἀν
504 615 540 679 δι’
560 617 650 699 αὑτήν
667 618 779 700 αἱρετή,
802 616 895 685 ούτως
916 617 965 678 καὶ
987 621 1044 678 τῶν
1068 616 1179 700 ἀρετῶν
1195 616 1313 698 ἑκάστη,
1336 615 1362 676 εἰ
1384 610 1460 676 ἔστιν
1483 611 1503 692 ῆ

255 716 330 802 αὐτῆ
354 719 448 803 τούτῳ
471 717 507 782 δι’
537 718 554 781 ό
575 719 652 783 ἐστιν
675 720 791 803 αἱρετή,
817 719 864 802 εἴη
887 717 921 782 ἀν
945 716 980 781 δι’
1008 718 1098 802 αύτῆν
1121 718 1237 802 αἱρετή,
1260 718 1309 780 καί
1331 713 1374 778 ἔτι
1397 706 1505 796 μᾶλλον
1522 728 1547 770 ιο

254 821 302 883 καί
325 824 537 906 φανερώτερον,
559 822 586 885 εἰ
607 821 728 885 ἕκαστον
751 827 809 884 τῶν
832 819 895 884 κατ’
916 820 1005 890 αὐτὰς
1027 818 1093 905 ἔχοι
1114 819 1279 903 τδ”αίρετδν
1303 819 1332 881 ἐν
1353 819 1434 902 αύτῷ
1458 819 1506 880 καί

222 942 235 990 5
256 922 296 1005 μή
320 921 368 985 διὰ
391 926 442 1009 τήν
466 924 512 988 ἐπ’
541 925 612 988 ἀλλο
635 948 661 987 τι
684 925 847 1008 ἀναφοράν,
871 927 911 991 ὡς
934 925 952 1006 ή
976 923 1062 991 οἰκία.
1086 921 1121 986 δι’
1150 925 1184 1006 ῆν
1208 924 1226 1006 ή
1250 921 1417 1004 οἰκοδομική
1442 918 1505 1004 ἔχει

258 1026 291 1088 τὸ
318 1026 447 1110 αἰρετύν,
478 1027 526 1091 διά
552 1027 607 1113 γάρ
635 1029 687 1111 τήν
713 1026 864 1111 γινομένην
891 1023 942 1088 ἀπ’
969 1024 1059 1107 αὐτῆς
1089 1025 1198 1107 σκέπην
1225 1023 1372 1109 χειμῶνός
1400 1045 1430 1085 τε
1457 1024 1505 1086 καί
1520 1038 1548 1079 ⁸⁰

260 1127 372 1212 θέρους.
418 1129 461 1192 ότι
485 1131 517 1193 δὲ
539 1131 568 1194 αἱ
592 1131 690 1214 ἀρεταί
713 1133 743 1194 αἰ
765 1131 848 1194 αὐταὶ
872 1128 982 1196 τούτοις
1004 1125 1041 1190 δι’
1070 1127 1089 1190 όί
1111 1127 1226 1212 αἱρετὰς
1248 1126 1338 1195 αὐτάς
1360 1126 1434 1189 εἶναί
1454 1150 1506 1208 φα-

259 1254 321 1312 μεν,
344 1233 431 1315 δῆλον
454 1232 488 1296 ἐκ
504 1237 554 1295 τού
578 1231 649 1297 εἰναι
674 1234 726 1317 μὲν
749 1232 838 1301 αύτάς
854 1230 1015 1314 μεσότητας
1038 1230 1142 1294 παθῶν
1166 1253 1196 1292 τε
1219 1231 1267 1292 καί
1289 1229 1431 1314 πράξεων,
1454 1230 1506 1313 τὴν

257 1333 309 1415 μὲν
338 1335 454 1419 ἀνδρίαν
486 1333 579 1420 φόβου
610 1360 640 1398 τε
667 1337 716 1399 καί
744 1336 884 1419 θάρρους,
915 1335 967 1416 τήν
999 1335 1030 1396 δὲ
1058 1333 1248 1417 σωφροσύνην
1278 1333 1371 1415 λύπης
1401 1355 1432 1394 τε
1460 1332 1548 1394 καίνο

215 1456 240 1502 10
258 1437 366 1519 ήδονῆς
380 1442 438 1499 τῶν
461 1435 497 1500 δι’
519 1439 607 1521 άφῆς,
630 1440 681 1521 τὴν
702 1438 735 1501 δὲ
755 1435 978 1520 ἐλευθεριότητα
1001 1435 1111 1504 δόσεως
1133 1438 1180 1498 καί
1196 1436 1313 1520 λήψεως
1335 1440 1507 1520 χρημάτων,

259 1541 274 1602 ύ
297 1538 322 1602 δ’
350 1539 437 1609 αὐτὸς
459 1541 507 1603 καί
530 1541 657 1603 ἐπὶτῶν
680 1540 777 1604 ἀλλων
800 1539 898 1621 λόγος,
924 1538 928 1621 Ι
953 1540 1028 1603 ὥστε
1051 1540 1078 1602 εἰ
1099 1539 1128 1601 ἐν
1152 1539 1262 1607 τούτοις
1284 1539 1316 1601 τδ
1339 1537 1411 1601 εἰναι
1435 1537 1483 1601 αύ-
1507 1546 1560 1604 282

256 1647 333 1715 ταῖς,
361 1641 397 1704 δι’
425 1643 538 1706 ἀείσιν
560 1645 685 1727 αἱρεταί,
713 1642 769 1706 εἰεν
793 1641 852 1723 [δ’]
875 1641 909 1705 ἀν
933 1639 968 1704 δι’
997 1640 1086 1708 αύτάς
1108 1642 1232 1725 αἱρεταί,
1261 1643 1308 1704 καί
1331 1639 1373 1704 ἔτι
1396 1645 1505 1721 μᾶλλον

258 1741 295 1805 δι’
323 1744 426 1819 αὑτάς,
454 1745 498 1808 ότι
522 1747 561 1828 μή
586 1745 621 1809 δι’
649 1745 722 1809 ἀλλο
745 1769 769 1808 τι
797 1747 867 1827 ήμῖν
888 1745 1000 1829 αἱρεταί
1027 1744 1056 1805 αἱ
1080 1742 1237 1828 μεσότητες
1260 1745 1290 1806 αί
1312 1744 1376 1827 περὶ
1399 1743 1508 1828 φόβους

257 1868 288 1908 τε
315 1847 363 1909 καί
393 1848 502 1933 θάρρη,
531 1848 605 1911 ἀλλά
632 1847 668 1912 δι’
696 1848 786 1931 αὑτὴν
814 1848 933 1930 ἑκάστη.
979 1848 1011 1908 τὸ
1037 1846 1091 1929 γὰρ
1117 1847 1148 1908 έν
1175 1848 1256 1932 αύτῷ
1284 1849 1330 1910 καὶ
1357 1871 1393 1931 τη
1419 1847 1507 1910 αὑτοῦ
1535 1863 1549 1905 ε

212 1969 240 2017 15
258 1949 343 2031 φύσει
366 1951 397 2013 τδ
421 1951 536 2033 αἱρετὸν
559 1949 644 2035 ἔχον,
668 1955 751 2014 τοῦτο
774 1949 811 2013 δι’
839 1951 910 2014 αύτδ
932 1948 1061 2033 αἱρετόν,
1090 1954 1218 2012 τοιαῦται
1242 1951 1274 2013 δὲ
1296 1952 1325 2013 αἱ
1350 1950 1508 2037 μεσότητες

256 2054 286 2114 αί
309 2053 375 2136 περὶ
397 2053 448 2122 τάς
470 2052 544 2116 κατὰ
566 2052 649 2138 φύσιν
673 2055 742 2136 ήμῖν
765 2053 890 2136 πράξεις.
936 2052 1044 2115 τούτων
1067 2053 1099 2115 δὲ
1122 2053 1214 2120 ούτως
1236 2053 1381 2137 ἐχόντων,
1408 2055 1434 2117 εἰ
1456 2055 1508 2135 μὲν

258 2161 318 2224 τοῖς
341 2156 509 2240 ἀνθρώποις
531 2156 697 2240 ήσωτηρία
719 2161 771 2238 τῆς
794 2179 824 2219 τε
848 2159 995 2237 πολιτικῆς
1018 2156 1166 2223 κοινωνίας
1189 2157 1236 2218 καὶ
1259 2160 1310 2239 τῆς
1325 2156 1510 2241 οἰκονομικῆς
1525 2174 1551 2215 ιυ

259 2259 299 2341 μή
324 2255 358 2320 δι’
387 2259 460 2321 αύτά
483 2259 593 2343 αἱρεταί,
621 2258 696 2322 ἀλλά
719 2257 755 2322 δι’
782 2258 853 2322 ἀλλο
876 2283 912 2332 τι,
939 2257 1000 2322 οὐδ’
1029 2257 1063 2321 ἀν
1086 2260 1105 2340 ῆ
1130 2259 1306 2342 δικαιοσύνη,
1330 2257 1403 2323 ούσα
1426 2260 1510 2342 μεσό·

258 2384 309 2442 της
331 2361 440 2425 τούτων
469 2360 500 2423 ἐν
523 2361 567 2430 οἷς
594 2361 656 2424 ἐστι
678 2386 697 2444 η
726 2363 856 2447 σωτηρίαι
884 2366 942 2425 τῶν
965 2360 1196 2444 προειρημένων,
1224 2360 1270 2444 εἴη
1297 2359 1331 2423 ἀν
1354 2361 1392 2425 δι’
1419 2364 1510 2446 αύτῆν

202 2484 240 2530 ‘20
258 2465 375 2549 αἱρετή,
401 2462 468 2528 καθ’
497 2463 547 2532 οθς
574 2463 650 2527 τοῦτ’
679 2465 754 2527 ἐστὶν
782 2467 801 2548 ή
830 2464 1007 2548 δικαιοσύνη.
1052 2464 1077 2526 εἰ
1104 2464 1136 2526 δέ
1159 2463 1234 2527 ἐστιν
1262 2465 1281 2547 ῆ
1309 2465 1441 2528 κοινωνία
1463 2466 1512 2529 καὶ
1527 2481 1552 2523 15

259 2569 278 2650 ή
302 2567 430 2651 σωτηρία
453 2568 559 2650 ταύτης
582 2566 618 2630 δι’
647 2568 736 2650 αὐτὴν
759 2571 819 2636 τοῖς
841 2567 1007 2650 ἀνθρώποις
1029 2566 1143 2648 αἱρετή,
1167 2563 1213 2647 εἴη
1238 2564 1271 2628 ἀν
1294 2567 1342 2629 καί
1365 2569 1384 2649 ή
1407 2569 1512 2632 δικαιο·

259 2670 330 2754 σύνη
358 2669 527 2753 δεικνυμένη
556 2669 591 2733 δι’
620 2670 710 2753 αὐτὴν
732 2670 844 2754 αἱρετή,
872 2668 947 2733 καθό
975 2669 1036 2731 ἐστι
1064 2668 1190 2749 μεσότης
1216 2670 1263 2732 καὶ
1287 2668 1384 2753 ἰσότης
1406 2675 1457 2734 τού
1480 2694 1511 2734 τε

259 2774 288 2835 ἑν
310 2777 373 2842 ταῖς
395 2777 496 2856 νομαῖς
519 2774 566 2837 καί
589 2777 639 2836 τού
661 2773 692 2835 ἐν
715 2778 774 2840 τοῖς
796 2774 1026 2855 συναλλάγμασιν
1050 2769 1123 2845 ἴσου,
1147 2772 1176 2834 ἐν
1199 2773 1243 2841 οἷς
1266 2774 1284 2855 ή
1308 2775 1437 2859 σωτηρία
1459 2779 1512 2858 τῆς

259 2879 408 2959 πολιτικῆς
435 2900 468 2940 τε
491 2878 539 2940 καί
562 2879 679 2959 πρώτης
701 2875 860 2944 κοινωνίας.
905 2873 980 2937 ἀλλά
1004 2875 1060 2956 μήν
1088 2874 1130 2936 ότι
1158 2871 1194 2936 δι’
1223 2877 1294 2939 αύτδ
1317 2882 1376 2946 τοῖς
1399 2877 1510 2962 ἀνθρώ·
1525 2895 1553 2937 νυ

210 2999 240 3047 25
259 3002 323 3047 ποις
345 2980 458 3062 αἱρετὸν
480 2980 499 3063 ή
524 2980 673 3055 κοινωνία,
695 2982 801 3061 γνῶναι
824 2976 978 3062 πρόχειρον
1001 2975 1059 3039 ἀπό
1082 3000 1113 3040 τε
1136 2982 1187 3039 τού
1210 2978 1282 3040 κατὰ
1305 2979 1390 3063 φύσιν
1413 2980 1511 3052 αὐτοῖς

260 3081 332 3145 εἰναι
354 3084 405 3165 τὴν
427 3081 592 3157 κοινωνίαν,
619 3079 654 3144 ού
678 3087 798 3164 σημεῖον
824 3083 1026 3165 φανερώτατον
1054 3080 1086 3142 τδ
1110 3080 1204 3164 τούτῳ
1232 3083 1356 3164 μαλιστα
1383 3088 1440 3146 τῶν
1463 3085 1510 3149 άλ-

258 3187 316 3247 λων
341 3183 425 3268 ζῴων
452 3184 501 3246 τὸν
524 3183 679 3268 ἄνθρωπον
702 3184 860 3267 διαφέρειν,
891 3183 907 3246 δ
930 3182 1016 3265 μόνον
1040 3182 1116 3246 ἐστὶν
1144 3182 1225 3268 αὐτῷ
1252 3186 1396 3269 χρήσιμον
1420 3187 1450 3249 ἐν
1473 3194 1551 3271 τῇετ

261 3288 332 3370 πρὸς
354 3288 499 3370 ἀλλήλους
526 3286 668 3370 κοινωνίη.
715 3284 785 3348 ἴδιον
808 3287 860 3368 μέν
883 3285 936 3370 γάρ
965 3287 980 3348 ό
1009 3284 1095 3368 λόγος
1116 3285 1220 3361 αὐτοῦ,
1248 3286 1349 3350 τούτου
1372 3290 1405 3351 δὲ
1426 3292 1511 3375 χρεία

259 3390 330 3474 πρὸς
352 3389 473 3471 μήνυσιν
496 3394 555 3458 τοῖς
577 3389 700 3473 πλησίον
723 3393 780 3451 τῶν
802 3388 881 3451 ἰδίων
904 3391 1057 3472 νοημάτων
1081 3412 1111 3452 τε
1134 3391 1181 3453 καὶ
1204 3390 1318 3453 παθῶν.
1364 3392 1480 3476 ἐναργὲς
1504 3392 1508 3477 ἰ
1559 3399 1560 3402 ’

212 3510 242 3559 30
260 3492 292 3554 δέ
314 3495 398 3554 τοῦτο
421 3492 469 3554 καί
492 3491 525 3554 ἐκ
547 3495 597 3554 τοῦ
621 3491 696 3573 μηδὲ
719 3489 766 3552 ἐπ’
795 3491 889 3573 ὀλίγον
913 3492 1053 3555 δύνασθαι
1082 3496 1132 3575 ζῆν
1155 3491 1311 3576 άνθρωπον
1335 3492 1421 3576 μόνον
1443 3518 1486 3577 γε·
1508 3504 1561 3561 283

258 3596 385 3678 νόμενον.
430 3592 501 3657 διότι
524 3593 556 3655 δὲ
578 3592 608 3655 ἐν
631 3595 765 3677 κοινωνίη
795 3597 837 3679 τῷ
861 3593 1010 3678 ἀνθρώπῳ
1038 3595 1071 3657 τὸ
1094 3594 1165 3657 εἰναι
1188 3597 1237 3658 καί
1259 3596 1275 3657 ό
1299 3595 1383 3679 λόγος
1406 3598 1509 3662 τούτου

258 3700 359 3784 χάριν,
386 3697 488 3780 ἀρίστη
517 3696 550 3758 δὲ
573 3696 620 3758 καί
643 3697 807 3781 τελειοτάτη
836 3701 894 3759 τῶν
921 3695 994 3759 κατὰ
1021 3696 1104 3779 λόγον
1130 3698 1286 3782 γινομένων
1310 3705 1466 3763 κοινωνιῶν
1488 3702 1508 3784 ῆ
1536 3720 1550 3762 ι

212 3979 355 4032 Ιαυτάσν
452 3977 499 4047 ὡς]
519 3997 531 4036 ς
548 3979 577 4031 in
595 3979 670 4030 lit.v
770 3979 791 4030 εἰ
810 3979 840 4049 ῆν
859 3979 992 4048 metipsi:
1013 3981 1034 4032 εἰ
1051 3979 1177 4051 ήνήλίἰτ
1197 3980 1311 4053 εἰηνλίἰι
1332 3983 1352 4034 εἰ
1371 3982 1402 4052 ῆν
1419 3984 1560 4054 Bs²asp.:

210 4067 237 4137 ην
254 4069 360 4121 FS¹ML
455 4066 471 4119 3
494 4085 558 4138 αυτη
577 4067 613 4115 V¹
632 4067 707 4132 (corr.
722 4066 769 4134 Ψ)
862 4067 945 4136 αιριτὴ
966 4069 1002 4118 V¹
1020 4069 1155 4134 (corr.V²)
1251 4071 1329 4140 αυτὴν
1344 4073 1378 4121 V¹
1393 4073 1468 4138 (corr.
1482 4073 1528 4139 V²)

209 4156 223 4207 4
243 4156 343 4226 αἱρετὴν
367 4157 411 4222 Sp.
506 4155 531 4206 ἰν
550 4153 621 4223 αύτῷ
639 4154 688 4206 V²:
709 4155 735 4206 ἰν
754 4153 824 4223 αύτῷ
843 4155 955 4207 V¹BSFt
975 4155 1020 4208 ἐπ’
1038 4155 1109 4225 αύτηῑ
1127 4154 1181 4226 (ἐφ’
1202 4157 1270 4228 αύτῷ
1290 4162 1357 4211 coni.
1376 4161 1435 4227 Sp.)
1454 4164 1565 4215 MLSFa

209 4244 248 4312 Sp.
340 4243 355 4295 6
379 4243 437 4312 τὴν]
465 4261 478 4293 ν
502 4244 530 4295 in
553 4244 591 4295 lit.
614 4247 635 4295 V
721 4243 793 4310 ἰρτ.
817 4244 842 4295 αἰ
865 4245 892 4296 in
916 4245 954 4295 lit.
974 4248 997 4294 V
1086 4246 1178 4311 &Sps
1199 4245 1211 4297 δ
1231 4247 1289 4298 libri
1382 4249 1413 4300 10
1440 4249 1503 4319 τῶν]
1527 4258 1564 4303 ων

208 4332 232 4383 in
249 4333 288 4384 lit.
307 4335 333 4383 V
416 4333 458 4384 καί
472 4333 499 4384 in
513 4332 587 4384 lit.v
679 4333 707 4383 ll
729 4330 815 4396 αύτδς]
834 4332 889 4384 δίο
908 4333 980 4383 lit.v
1071 4332 1146 4397 ὥστε]
1166 4333 1204 4385 ὥσ
1223 4334 1335 4386 inlit.v
1428 4336 1458 4388 12
1477 4335 1564 4392 δίἰεί.

207 4418 237 4470 1³²
248 4422 293 4486 Sp.
375 4419 406 4473 13
419 4438 495 4478 αυτας
506 4421 540 4471 V¹
552 4421 625 4486 (corr.
637 4419 685 4484 V²)
774 4420 868 4489 αἱρεταὶ
880 4419 964 4472 v²s²a
975 4423 1032 4486 Sps
1052 4421 1148 4489 αἱρετὸν
1159 4424 1301 4476 V¹FS¹ML
1387 4426 1417 4476 14
1437 4426 1516 4496 αυτὴν
1528 4427 1564 4477 V¹

208 4506 279 4572 (corr.
295 4504 342 4572 θ’)
447 4506 477 4559 τὸ
495 4507 541 4577 γὰρ
560 4523 581 4559 υ.
595 4524 617 4558 ν.
632 4511 655 4557 V
761 4507 832 4575 αύτῷ
851 4512 874 4559 V
982 4507 1058 4560 αὑτοῦ
1072 4514 1096 4560 V
1207 4511 1236 4563 15
1255 4509 1316 4562 αυτδ
1338 4512 1371 4561 V¹
1391 4512 1465 4577 (corr.
1480 4513 1527 4580 V²)

209 4594 236 4645 17
265 4593 394 4664 σωτηρία]
423 4599 484 4647 ante
507 4613 523 4646 α
546 4610 600 4646 una
624 4594 674 4647 litt.
699 4611 773 4647 erasa
792 4599 815 4646 V
933 4596 963 4648 18
992 4597 1055 4648 αδτά
1080 4598 1159 4663 (αυτοὶ
1177 4600 1229 4664 V¹)
1252 4599 1352 4669 αἱρετά]
1378 4599 1456 4670 αύτήν
1480 4602 1563 4672 αἱρετή

206 4681 286 4737 B’S’a
304 4684 349 4750 Sp.
458 4681 489 4734 19
513 4683 528 4752 ή
553 4698 603 4735 om.
622 4700 638 4734 ε
656 4685 700 4749 Sp.
807 4684 928 4753 αυτὴνν
1036 4686 1066 4738 21
1094 4687 1171 4755 αυτὴν
1191 4687 1225 4736 V¹
1248 4687 1328 4752 (corr.
1349 4688 1400 4753 V²)

206 4768 254 4839 εἰη]
273 4768 297 4822 εἰ
314 4771 342 4822 in
361 4770 398 4822 lit.
420 4775 443 4822 V
550 4769 583 4822 22
602 4770 680 4838 αυτὴν
695 4772 729 4820 V¹
750 4769 825 4835 (corr.
842 4769 887 4836 V²)
993 4778 1038 4826 τού
1057 4792 1084 4826 τε
1099 4778 1157 4826 VB:
1177 4774 1302 4826 τουτέστιν
1322 4777 1433 4827 SFMLa
1451 4780 1494 4844 sp.

206 4855 236 4909 23
255 4858 341 4926 νόμοις
359 4876 375 4909 a
481 4857 514 4909 26
533 4856 615 4928 τούτῳ
635 4858 670 4910 3²
688 4859 727 4923 (in
747 4857 797 4924 lit.)
816 4860 904 4912 SFMa
922 4862 980 4926 Sp.:
1000 4860 1098 4913 τούτων
1117 4863 1179 4926 (των
1199 4878 1219 4913 s.
1236 4863 1269 4927 ν.)
1290 4862 1359 4914 W:
1378 4867 1453 4916 τοῦτο
1472 4869 1494 4917 L

206 4943 244 4996 26.
264 4945 298 4997 ‘27
317 4942 415 5014 ἀλλων]
434 4945 452 4997 ἀ
470 4947 497 4998 in
516 4945 554 4998 lit
575 4950 598 4996 V
