3540 5610
203 290 263 353 168
645 285 875 344 ΑΛΕΞΑΝΔΡΟΥ
894 285 1119 344 seposuisse·

258 459 293 520 τὰ
317 461 368 539 μὲν
392 458 441 522 οὖν
465 461 557 529 οὕτως
579 459 715 543 γινύμενα
737 460 874 531 άσιιύπως
896 485 928 524 τε
951 461 998 523 καὶ
1021 461 1122 528 ἁπλῶς
1143 460 1279 542 γινόμενα
1307 460 1445 543 οὐδεμίαν
1468 457 1512 520 εύ·

256 565 339 643 λογον
363 561 427 646 ἔχει
450 564 595 646 διαίρεσιν,
624 569 681 626 τῶν
704 564 736 625 δὲ
759 563 808 625 ἐπί
828 587 854 626 τι
876 565 928 646 την
951 562 1098 646 ἀναφορὰν
1122 561 1250 646 ἐχύντων
1266 563 1315 625 καί
1336 587 1413 631 τινος
1438 585 1510 642 γινο·

257 664 350 744 μένων
374 666 459 749 χάριν
483 666 518 728 τὰ
542 667 593 746 μὲν
617 666 691 728 κατὰ
714 667 764 748 τἠν
788 666 882 750 φύσιν,
905 666 940 728 τὰ
969 665 1001 727 δὲ
1027 665 1101 727 κατὰ
1127 665 1175 726 τὸν
1203 663 1286 745 λύγον
1314 665 1427 745 γίνεται.
1474 663 1511 724 τά

255 790 286 828 τε
307 768 361 850 γὰρ
385 767 468 850 φύσιν
495 769 585 830 αἰτίαν
609 765 715 851 ἔχοντα
738 774 790 850 τῆς
811 769 952 849 γενέσεως
978 768 1053 828 κατά
1078 788 1155 833 τινας
1177 765 1319 849 ἀριθμούς
1352 767 1400 829 καὶ
1433 764 1511 832 τάξιν
1525 780 1555 822 ιο

220 869 418 951 οίυρισμένην
441 869 568 952 πρόεισιν
592 868 632 938 είς
655 893 681 931 τι
703 870 794 943 τέλος,
818 870 847 931 ἐν
872 867 897 954 ᾧ
920 868 1061 950 γενόμενα
1089 871 1140 929 τοῦ
1169 867 1298 948 γίνεσθαι
1325 869 1457 939 παύεται,
1486 867 1511 928 εἰ

259 973 299 1053 μή
323 994 348 1032 τι
370 971 469 1039 αὐτοῖς
491 971 593 1033 ἐνστὰν
616 972 753 1053 ἐμποδὼν
776 972 885 1054 γένοιτο
907 976 945 1053 τῇ
968 971 1041 1033 κατὰ
1064 969 1148 1053 φύσιν
1164 969 1260 1032 αὐτῶν
1283 969 1331 1032 ἐπὶ
1346 970 1379 1032 τὸ
1395 969 1508 1053 προιιεί-
1529 975 1557 1030 12

255 1096 340 1155 μενον
362 1074 443 1142 τέλος
466 1075 539 1157 ὁδῷ,
564 1074 639 1136 ἀλλὰ
662 1076 710 1136 καί
733 1075 768 1137 τὰ
791 1074 970 1155 κατὰλόγον
993 1071 1127 1154 γινύμενα
1150 1069 1212 1155 ἔχει
1243 1096 1269 1135 τι
1296 1072 1387 1140 τέλος.
1426 1071 1511 1134 οὐδὲν

256 1176 310 1258 γὰρ
335 1179 375 1244 ὡς
398 1173 500 1260 ἔτυχεν
524 1181 581 1237 τῶν
604 1177 679 1239 κατὰ
705 1175 789 1258 λύγον
818 1175 976 1257 γινομένων
1003 1175 1118 1256 γίνεται,
1146 1173 1205 1236 ἀλλ’
1238 1174 1288 1236 ἐπί
1311 1197 1374 1236 τινα
1401 1173 1512 1236 σκοπὸν

256 1279 274 1359 η
300 1278 431 1359 ἀναφορὰ
453 1281 540 1341 πᾶσιν
564 1278 670 1346 αὐτοῖς.
717 1277 777 1340 ἔστι
799 1279 832 1340 δὲ
854 1277 927 1339 κατὰ
950 1278 1033 1358 λύγον
1056 1276 1201 1358 γινόμενοι,
1225 1275 1280 1340 ύσα
1300 1277 1357 1339 ὑπὸ
1376 1280 1436 1338 τῶν
1452 1299 1513 1337 ποι·
1539 1293 1553 1334 s

206 1400 236 1446 10
255 1378 363 1441 ούντων
385 1379 459 1442 αὐτὰ
480 1381 586 1461 γίνεται
609 1379 803 1463 λογιζομένων
827 1402 858 1441 τε
881 1381 946 1462 περὶ
968 1378 1063 1441 αύτιῖιν
1086 1379 1133 1441 ιιαί
1163 1377 1353 1442 συντιθέντων
1381 1376 1449 1440 καθ’
1479 1377 1511 1440 ὃν

256 1481 290 1543 ἂν
313 1481 419 1564 τρόπον
442 1481 576 1563 γένοιντο.
622 1483 715 1550 ούτως
736 1482 842 1563 γίνεται
865 1483 900 1543 τά
922 1504 954 1542 τε
977 1481 1051 1542 κατὰ
1074 1480 1125 1548 τὰς
1146 1480 1252 1564 τέχνας
1265 1479 1400 1563 γινόμενα
1417 1480 1512 1543 πάντα

256 1585 303 1646 καὶ
326 1585 400 1646 κατὰ
426 1584 599 1667 προαίρεσιν,
628 1584 647 1646 ἃ
674 1583 803 1666 διαφέρει
829 1588 886 1644 τῶν
914 1582 1071 1664 γινομένων
1099 1582 1183 1665 φύσει
1210 1586 1253 1665 τῷ
1282 1582 1318 1645 τὰ
1345 1584 1396 1665 μὲν
1424 1584 1512 1667 φύσει

253 1685 388 1767 γινύμενα
410 1686 440 1748 ἐν
463 1687 561 1753 αὐτοῖς
584 1684 663 1770 ἔχειν
687 1686 738 1768 τὴν
761 1687 857 1769 ἀρχήν
885 1709 916 1747 τε
944 1687 992 1747 καὶ
1019 1684 1111 1747 αἰτίαν
1140 1689 1192 1768 τῆς
1214 1684 1347 1767 τοιαύτης
1370 1686 1513 1767 γενέσεως
1527 1705 1553 1747 1ο

252 1787 395 1869 (τοιοῦτον
416 1788 470 1870 γὰρ
494 1791 512 1871 ἡ
537 1788 635 1871 φύσις·
660 1788 834 1869 καὶγίνεται
858 1788 910 1869 μὲν
934 1787 1007 1849 κατὰ
1028 1786 1104 1855 τάξιν
1128 1788 1200 1860 τινά,
1228 1785 1262 1848 ού
1291 1788 1348 1870 μὴν
1374 1793 1428 1871 τῆς
1451 1812 1512 1852 ποι-

203 1911 234 1959 15
255 1891 343 1973 ούσης
367 1891 440 1953 αὐτὰ
464 1891 581 1973 φύσεως
604 1891 713 1971 ὁμοίως
735 1896 796 1958 ταῖς
819 1890 933 1974 τέχναις
955 1893 1084 1971 λογισμῷ
1114 1891 1179 1972 περὶ
1206 1888 1302 1953 αὐτῶν
1329 1891 1512 1974 χρωμένης),

253 1994 289 2055 τὰ
311 1995 343 2056 δὲ
365 1993 501 2076 γινύμενοι
524 1994 596 2056 κατὰ
618 1993 723 2076 τέχνην
747 2016 778 2054 τε
801 1995 848 2054 καὶ
872 1992 1035 2075 προαίρεσιν
1059 1990 1167 2059 ἔξωθεν
1192 1988 1256 2075 ἔχει
1277 1993 1329 2075 τὴν
1345 1993 1442 2076 ἀρχὴν
1460 1998 1513 2075 τῆς
1527 2011 1554 2053 ιε

254 2097 396 2178 κινήσεως
417 2096 466 2157 καὶ
488 2097 541 2177 τὴν
564 2096 654 2157 αἰτίαν
679 2097 730 2177 την
753 2099 903 2160 ποιοῦσαν,
927 2093 986 2156 ἀλλ’
1015 2094 1067 2156 οὐκ
1098 2093 1128 2154 ἐν
1157 2092 1255 2162 αύτοῖς
1282 2095 1330 2156 καὶ
1357 2099 1408 2176 τῆς
1435 2095 1512 2177 γενέ·

255 2218 330 2265 σεως
353 2197 448 2259 αὐτῶν
472 2202 521 2258 τοῦ
545 2201 693 2264 ποιοῦντος
715 2197 820 2277 γίνεται
849 2197 914 2278 περὶ
942 2194 1038 2257 αὐτῶν
1065 2193 1211 2275 λογισμύς.
1256 2196 1348 2279 τρίτον
1376 2195 1409 2257 ύέ
1436 2196 1513 2258 ἐστιν

255 2300 284 2361 ἐν
308 2305 368 2367 τοῖς
391 2299 477 2361 ένεκοί
500 2323 550 2361 του
566 2299 723 2381 γινομένοις
746 2300 793 2361 καὶ
818 2299 853 2360 τὰ
876 2299 934 2359 άπὸ
957 2303 1049 2381 τύχης
1072 2298 1166 2359 τεκαὶ
1182 2295 1364 2379 ταύτομάτου
1380 2297 1512 2378 γίνεσίλαι

205 2422 238 2468 20
257 2402 469 2481 πεπιστευμένα
493 2402 583 2482 ταύτη
612 2406 669 2462 τῶν
698 2401 922 2484 προηγουμένως
950 2400 1035 2462 ἕνεκά
1061 2423 1112 2461 του
1139 2398 1298 2481 γινομένων
1325 2399 1553 2483 &susspensus

254 2501 274 2588 E
302 2504 347 2566 ἐπ’
376 2505 493 2566 ἐκείνων
518 2506 570 2584 μὲν
593 2508 650 2564 πᾶν
674 2505 705 2565 τὸ
730 2505 784 2585 πρὸ
808 2507 858 2565 τού
882 2502 981 2570 τέλους
1003 2502 1149 2583 γινόμενον
1172 2506 1222 2563 τού
1245 2501 1347 2570 τέλους
1362 2504 1449 2586 χάριν
1474 2503 1510 2581 γί·

257 2631 345 2679 νεται,
369 2608 416 2669 ἐπὶ
439 2609 471 2669 δὲ
494 2607 603 2668 τούτων
627 2607 662 2668 τά
686 2607 737 2687 μὲν
752 2607 888 2688 γινόμενα
910 2606 965 2688 πρὸ
989 2608 1040 2667 τού
1063 2604 1163 2672 τέλους
1186 2603 1275 2666 άλλου
1291 2605 1377 2689 χάριν
1392 2605 1509 2686 γίνεται,

256 2712 369 2793 ἀπαντᾷ
393 2709 418 2771 δ’
447 2709 545 2777 αὐτοῖς
567 2708 657 2771 ἄλλου
680 2710 763 2792 χάριν
786 2707 945 2791 γινομένοις
972 2709 1012 2775 ύις
1041 2706 1123 2774 τέλος
1149 2707 1182 2768 τὸ
1210 2707 1382 2787 αὐτομάτως
1409 2730 1440 2769 τε
1463 2708 1554 2769 sales

253 2814 311 2874 ἀπὸ
335 2813 427 2896 τύχης
448 2813 578 2892 γίνεσθαι
600 2812 764 2893 λεγόμενον.
810 2812 918 2874 τούτων
942 2810 967 2873 δ’
996 2810 1088 2877 ούτως
1111 2808 1240 2892 ἐχύντων
1256 2811 1306 2872 καὶ
1321 2811 1436 2872 πάντων
1452 2816 1511 2872 τῶν
1531 2817 1553 2867 V

200 2936 232 2983 ‘25
251 2914 407 2996 γινομένων
434 2915 474 2982 εἰς
502 2915 619 2981 τούτους
646 2913 713 2980 τοὺς
739 2912 861 2995 τρόπους
892 2911 1095 2995 νενεμημένων
1124 2911 1285 2975 ἀκύλουίλον
1319 2913 1368 2975 ἐπὶ
1401 2912 1511 2980 τούτοις

255 3018 335 3088 ἰδεῖν,
362 3019 392 3079 ἐν
416 3017 490 3100 ποίην
513 3022 572 3078 τῶν
599 3020 757 3098 ποιητικῶν
785 3017 882 3078 αἰτίων
909 3017 969 3100 χρὴ
998 3015 1108 3077 τιθέναι
1135 3015 1188 3097 τὴν
1216 3016 1403 3099 εἱμαρμένην.
1454 3014 1512 3098 ἀρά

254 3143 286 3202 γε
310 3120 339 3180 ἐν
362 3124 421 3187 τοῖς
444 3118 560 3185 ούόενύς
582 3117 739 3199 γινομένοις
761 3120 860 3202 χάριν;
885 3142 903 3201 η
926 3121 1011 3179 τούτο
1036 3117 1086 3199 μὲν
1110 3116 1291 3179 παντάπασιν
1314 3116 1432 3197 άλογον·
1456 3118 1554 3180 αἰεὶοο

204 3284 351 3293 ———..
366 3284 412 3289 .-.
427 3283 484 3289 .—.-
500 3284 513 3288 ..
531 3283 539 3287 -
566 3282 605 3288 ....-

207 3385 216 3436 l
243 3402 269 3435 τε
293 3398 343 3434 om.
370 3382 496 3434 Eusebius
603 3381 618 3431 3
643 3382 689 3451 την
714 3396 763 3432 om.
790 3380 917 3433 Eusebius
940 3380 967 3430 s¹
1068 3378 1111 3429 τὸν
1136 3394 1185 3431 om.
1205 3379 1333 3433 Eusebius
1351 3382 1377 3431 s¹
1485 3384 1566 3452 4τὴν

202 3472 326 3539 γενέσεως
340 3469 445 3521 Eusebii
466 3469 546 3520 ebul
637 3466 718 3534 ὑείς]
738 3467 777 3518 ἐπί
793 3466 919 3518 Eusebius
1027 3483 1050 3516 τι
1069 3465 1160 3517 οιαο1
1264 3467 1381 3535 γινόμενα
1403 3469 1531 3523 Eusebius

206 3555 320 3627 γενέσθαι
339 3558 366 3607 e'·'
473 3556 595 3607 παύονται
616 3556 719 3606 Eusebii
741 3554 809 3620 vulg.
918 3556 933 3604 b
953 3552 1041 3603 ἐνστὰν
1055 3553 1182 3605 Eusebius
1201 3552 1241 3604 8²:
1260 3550 1308 3606 ἐστ’
1329 3553 1360 3606 ἂν
1380 3558 1428 3608 V¹:
1448 3558 1497 3611 del.
1518 3558 1565 3609 V²:

204 3660 253 3696 οω.
273 3645 329 3697 ³¹0
431 3643 523 3710 γίνοιτο
543 3643 648 3694 Eusebii
669 3640 737 3708 vulg.
845 3640 918 3707 ipr.
937 3637 1009 3695 τέλος
1028 3653 1077 3690 om.
1099 3640 1225 3692 Eusebius
1344 3645 1375 3694 τὰ
1394 3659 1444 3696 om.
1463 3646 1490 3696 s¹

205 3732 221 3784 8
241 3730 348 3795 σκοπὸν]
367 3732 446 3800 φορὰν
468 3731 572 3782 Eusebii
594 3745 617 3795 p.
631 3728 647 3779 1.
758 3728 786 3777 11
808 3727 902 3795 γίνοιτο
921 3727 1086 3779 EusebiusO
1193 3727 1296 3796 γίνεται]
1320 3729 1411 3798 γίνοιτο
1432 3731 1462 3782 ε’

202 3837 229 3871 τε
248 3835 298 3870 om.
320 3819 423 3869 Eusebii
444 3819 497 3883 ρ.1.
519 3816 545 3867 a²
634 3815 663 3866 12
682 3815 713 3866 τλ
732 3814 798 3865 κατὰ
818 3812 945 3864 Eusebius
1026 3814 1111 3865 lium.
1133 3815 1237 3867 Eusebii
1258 3816 1337 3869 cod.l
1424 3819 1463 3887 τῷ
1480 3821 1507 3871 iu
1527 3820 1565 3872 lu.

203 3906 318 3957 ύλίίίιλ1
424 3904 452 3954 13
481 3906 525 3961 τὰς
548 3903 627 3959 αἰτίας
646 3903 773 3954 Eusebius
879 3901 909 3950 14
933 3900 1025 3968 γίνεται
1044 3902 1085 3952 ui:
1109 3901 1219 3968 γίνεσθαι
1236 3906 1260 3953 V
1280 3903 1409 3956 Eusebius
1429 3907 1486 3959 s¹0
1509 3906 1566 3972 (ὡς

202 3990 313 4060 γίνεσθαι
334 3991 478 4053 Schwartz)
592 3995 636 4054 μὲν
660 4005 711 4041 οω.
732 3988 815 4040 Loud.
923 3987 954 4039 15
974 3989 1114 4059 χρωμένοις
1133 3989 1172 4040 νε]
1191 3991 1331 4060 χρωμένως
1349 3991 1457 4044 Eusebii
1476 4008 1502 4060 p.
1514 3993 1531 4044 l.

207 4082 299 4146 λύπης
318 4082 401 4131 οιιι.Ο
511 4078 540 4128 17
561 4078 693 4139 ποιοῦσαν]
712 4094 728 4126 α
746 4076 774 4126 in
794 4075 831 4127 lit.
851 4079 874 4124 V
982 4075 1025 4126 καί
1046 4075 1092 4142 τὴν
1111 4079 1229 4126 ποιούσαν
1250 4076 1329 4129 αἰτίαν
1348 4077 1456 4131 Eusebii
1476 4095 1500 4146 p.
1514 4080 1531 4131 1.

208 4166 238 4217 18
267 4183 304 4233 pr.
328 4164 425 4233 αύτῶν]
454 4164 540 4220 αὐτοῖς
562 4162 589 4214 ιι2
715 4163 728 4215 b
751 4166 797 4213 τού
823 4163 992 4214 EusebiusO
1108 4166 1237 4215 ποιούνται
1256 4162 1362 4216 Eusebii
1385 4164 1484 4216 ced.B

203 4253 296 4320 γίνεται
321 4256 344 4319 (γ
364 4253 391 4302 iu
411 4252 460 4314 lit.)
477 4254 552 4302 Va¹²z
582 4251 677 4320 ἡγεῖται
695 4250 824 4301 Eusebius
931 4249 1014 4317 τρίτον
1038 4248 1064 4299 δέ
1088 4249 1152 4300 ἐστιν
1178 4249 1316 4302 Eusebius:
1340 4250 1405 4302 ἔστιν
1428 4253 1488 4305 libri

210 4342 238 4391 lu
267 4339 311 4390 ούν
340 4341 365 4390 ἐν
393 4346 445 4394 τοῖς
469 4339 508 4389 11²:
537 4337 580 4389 ούν
604 4345 655 4394 τοῖς
679 4337 759 4389 bonu.
785 4339 842 4387 llas.
968 4338 1010 4386 καὶ
1034 4335 1083 4387 ἀπὸ
1106 4336 1265 4403 ταύτομοίτοο
1290 4337 1329 4388 s²z
1357 4340 1401 4389 καί
1423 4343 1470 4390 τοῦ
1492 4338 1564 4391 αύτο·

205 4429 285 4492 μάτου
306 4427 432 4476 Eusebius
557 4428 590 4477 211
618 4423 809 4490 πεπιστευμένα]
837 4440 866 4473 πε
890 4438 969 4490 supra
988 4439 1088 4474 versum
1110 4427 1132 4473 V
1248 4425 1443 4493 προηγουμένως
1461 4426 1497 4478 13²
1517 4427 1565 4478 Eu·

205 4514 270 4565 sebii
296 4513 364 4578 vulg.
388 4512 470 4561 sonu.
490 4515 525 4564 0:
555 4512 750 4579 προηγουμένων
766 4513 787 4560 V
808 4510 913 4561 Eusebii
938 4511 1033 4563 cud.C
1145 4510 1175 4561 ‘ll
1207 4510 1253 4577 μὲν
1277 4509 1313 4561 su
1336 4517 1385 4562 πᾶν
1408 4512 1438 4564 τὸ
1460 4512 1508 4584 πρὸ
1526 4513 1565 4565 8²:

205 4605 250 4668 μὲν
274 4598 350 4667 δῆλον
373 4596 411 4648 ὅτι
429 4604 476 4648 πᾶν
501 4598 529 4648 τὸ
554 4598 602 4668 πρὸ
624 4601 656 4647 E:
688 4597 732 4663 μὲν
757 4598 788 4647 τα
807 4596 854 4665 πρὸ
878 4596 948 4667 (πρὸς
967 4599 1023 4650 cod.
1042 4597 1094 4659 BG)
1115 4598 1241 4650 Eusebius
1364 4599 1493 4667 γινόμενον
1517 4616 1564 4651 om.

206 4688 333 4739 Eusebius
475 4686 519 4735 all.
548 4690 593 4736 τοῦ
616 4684 702 4740 τέλους
726 4699 775 4734 oui.
801 4683 905 4735 Eusebii
930 4684 986 4735 cod.
1010 4688 1054 4736 BC
1197 4685 1231 4736 ‘23
1257 4703 1285 4736 τε
1307 4701 1357 4737 om.
1381 4685 1409 4737 sl

206 4775 239 4825 25
260 4771 378 4843 τρόπους]
400 4773 545 4829 σκοιτοὺςα1
655 4773 687 4822 su
709 4771 785 4839 ποίιρ]
804 4771 851 4822 τίνι
866 4769 993 4822 Eusebius
1100 4773 1163 4836 τῶν]
1182 4790 1196 4822 τ
1215 4774 1242 4824 in
1263 4772 1338 4825 lisv
1447 4774 1478 4825 27
1499 4791 1565 4844 γενο-

206 4862 330 4923 μένοιςΟ
438 4859 496 4930 ηΟ
