3540 5610
209 306 268 371 138
435 302 599 375 [ΑΠΟΡΙΩΝ
620 303 679 360 ΚΑΙ
699 302 831 360 ΛΥΣΕΩΝ
851 300 994 358 ΒΙΒΑΙθΝ
1012 299 1196 359 ΤΕΤΑΡἸὉΝ
1212 301 1331 372 17-20]

258 501 317 548 ναις
345 482 433 564 δῆλον
457 484 497 549 ῶς
523 481 572 543 καὶ
598 480 653 543 ὑπὸ
678 480 710 542 τδ
733 478 809 548 εἶδος
835 483 892 541 τῶν
917 478 1035 560 ἀγαθῶν
1064 477 1120 540 εἶεν
1148 476 1181 540 ἀν
1206 477 1314 548 ἐκεῖνο,
1341 472 1390 558 ὑφ’
1420 473 1436 537 δ
1459 475 1510 536 καὶ

259 581 289 642 αἱ
311 581 451 665 ἐνέργειαι
481 582 525 651 αἶς
548 583 619 646 εἰσιν
642 583 754 645 οἰκεῖαι.
799 582 825 644 εἰ
849 582 899 662 μὲν
928 582 981 663 γὰρ
1009 580 1066 644 εἷεν
1094 582 1123 642 αἱ
1146 578 1285 662 ἐνέργειαι
1312 583 1369 640 τῶν
1399 577 1511 639 ἐπαινε-

260 689 332 755 τῶν,
356 687 397 747 ῶν
420 686 490 748 εἰσιν
513 687 543 748 αἱ
567 685 629 747 κατ’
658 685 778 767 ἀρετήν,
806 683 918 749 ἔσονται
940 685 988 746 καὶ
1010 682 1095 745 αὗται
1117 685 1258 758 τοιαῦται,
1283 681 1364 744 εἰδὲ
1386 685 1443 742 τῶν
1468 681 1509 747 ὥς

260 787 411 867 δυνάμεων
435 788 492 851 εἶεν
514 789 652 870 ἀγαθῶν,
680 788 781 850 ὁποῖαί
799 789 870 850 εἰσιν
892 789 921 849 αἱ
945 787 1008 868 περὶ
1030 785 1139 867 τροφήν
1162 807 1193 846 τε
1215 785 1263 847 καὶ
1285 783 1320 846 τὰ
1343 783 1553 866 ἀφροδίσια,εο

226 909 240 955 5
261 889 308 950 καὶ
331 889 415 953 αὗται
438 891 468 952 ἐν
491 891 582 973 ταύτῃ
605 894 642 973 τῇ
666 892 753 974 χώρα
775 895 833 952 τῶν
857 888 975 971 ἀγαθῶν
999 887 1121 952 ἔσονται.

259 1131 373 1195 XVIII.
418 1133 481 1196 Διά
503 1134 534 1196 τί
554 1131 839 1216 φορτικωτάτους
862 1129 959 1193 εἶπεν
986 1130 1065 1198 τοὺς
1087 1128 1121 1190 ἐν
1145 1131 1256 1212 ἡδονῇ
1281 1129 1317 1190 τὸ
1340 1128 1440 1196 τέλος
1463 1151 1508 1189 τι·

389 1235 558 1318 θεμένους
580 1235 615 1296 ἐν
637 1240 685 1318 τῷ
708 1236 835 1317 πρώτῳ
858 1238 925 1295 τῶν
944 1229 1095 1296 Ἠθικῶν
1120 1229 1379 1315 Νικομαχείων.
1524 1246 1553 1288 ετ

333 1403 370 1469 Ἠ
394 1405 465 1469 διότι
487 1407 538 1488 τὴν
561 1404 745 1487 εὐδαιμονίαν
772 1404 803 1466 ἐν
830 1407 892 1472 ταῖς
913 1408 1092 1486 σωματικαῖς
1116 1403 1120 1485 Ι
1145 1402 1321 1466 ἀπολαύσεσι
1347 1401 1485 1473 τίθενται,
1509 1410 1564 1466 265

260 1506 290 1567 ἐν
313 1507 358 1576 αἷς
379 1508 477 1570 καὶτὰ
494 1509 659 1592 ἀνδράποδα
674 1510 722 1571 καὶ
738 1507 772 1569 τὰ
788 1508 968 1593 βοσκήματα,
991 1508 1046 1570 εἰσὶ
1062 1507 1201 1591 φορτικοί,
1223 1504 1269 1590 (Vp)
1284 1506 1354 1570 διότι
1371 1504 1438 1569 καθ’
1458 1505 1509 1575 οὓς

209 1612 277 1691 1οή
302 1609 375 1695 μόνη
398 1614 488 1695 ἡδονὴ
516 1613 615 1696 αἱρετὴ
644 1614 691 1673 καὶ
715 1612 730 1673 ό
753 1610 840 1679 πόνος
866 1609 902 1674 δι’
930 1612 1017 1672 αὑτὸν
1045 1609 1181 1694 φευκτός,
1211 1607 1277 1673 οὔτε
1298 1610 1331 1673 τὸ
1354 1609 1442 1672 καλὸν
1464 1607 1503 1672 δι’

258 1714 330 1776 αὑτὸ
358 1716 470 1797 αἱρετὸν
497 1712 564 1776 οὔτε
590 1714 623 1776 τὸ
650 1714 772 1798 αἰσχρὸν
799 1712 835 1776 δι’
863 1713 933 1776 αὑτὸ
961 1712 1093 1797 φευκτόν.
1138 1710 1180 1775 ἔτι
1207 1713 1232 1775 εἰ
1256 1712 1388 1795 μόνονή
1417 1713 1510 1794 ἡδονὴ
1539 1729 1554 1770 ε

256 1817 368 1901 αἱρετή,
384 1815 509 1902 (αἱρετὰ)
524 1819 615 1880 πάντα
631 1817 667 1879 τὰ
682 1818 788 1900 ἡδονῆς
804 1817 948 1900 ποιητικά,
965 1817 1042 1878 ὥστε
1057 1813 1138 1879 ἔσται
1153 1817 1200 1878 καὶ
1218 1815 1315 1879 ἐκεῖνα
1330 1815 1442 1897 ἀγαθά·
1459 1818 1510 1879 καὶ

257 1919 283 1981 εί
305 1920 340 1981 τά
363 1919 452 1982 πόνου
479 1921 614 2003 ποιητικὰ
639 1922 765 2004 φευκτά,
793 1917 854 1982 ἔστι
876 1919 908 1982 δέ
931 1942 1001 1981 ποτε
1029 1919 1103 1982 καλά
1132 1917 1221 1982 πόνου
1250 1919 1400 2002 ποιητικὰ,
1427 1916 1511 1982 ἔσται

257 2024 334 2084 καλοί
360 2046 421 2085 τινα
443 2025 567 2107 φευκτά,
595 2024 694 2086 ὁποῖαί
719 2023 789 2086 εἰσιν
812 2024 860 2085 καὶ
887 2024 916 2085 αἱ
944 2021 1007 2086 κατ’
1036 2023 1152 2105 ἀνδρίαν
1175 2021 1323 2105 ἐνέργειαι.
1369 2019 1411 2084 ἔτι
1432 2018 1504 2085 καθ’
1527 2039 1555 2081 ιο

208 2144 237 2192 15
257 2123 307 2192 οὓς
334 2126 424 2207 μηδὲν
454 2130 491 2209 τῇ
519 2126 608 2188 αὑτοῦ
635 2127 720 2210 φύσει
747 2125 835 2189 καλόν
863 2125 939 2189 ἐστιν
970 2126 1045 2208 μηδὲ
1072 2125 1203 2210 αἰσχρόν,
1230 2126 1360 2209 φαίνεται
1388 2124 1422 2187 δέ
1447 2149 1513 2189 τινα

255 2232 372 2291 τοιαῦτα
399 2230 446 2291 διὰ
472 2228 524 2298 τὰς
546 2232 704 2314 προλήψεις
725 2229 776 2297 τάς
798 2235 855 2291 τῶν
878 2230 1053 2312 ἀνθρώπων,
1081 2228 1118 2292 δι’
1146 2229 1181 2298 ἃς
1208 2227 1261 2291 οὐκ
1288 2228 1319 2291 δν
1343 2232 1380 2311 τῇ
1404 2229 1511 2292 ἑαυτοῦ

255 2332 341 2415 φύσει
368 2328 515 2415 (αἰσχρόν)
541 2333 573 2394 τδ
606 2334 728 2417 αἰσχρὸν
756 2335 797 2400 ῶς
825 2332 913 2394 κακὸν
941 2329 1169 2415 φυλασσόμεθα,
1197 2329 1296 2415 είημεν
1325 2331 1359 2394 ἀν
1389 2330 1551 2415 ζημιοῶικ

259 2457 338 2516 μενοι
361 2434 402 2502 εἰς
424 2435 474 2502 τὰς
496 2434 603 2516 ἡδονὰς
630 2436 666 2497 τά
689 2435 809 2518 μέγιστα
836 2440 877 2519 τῷ
902 2434 1115 2518 φυλασσόμενοι
1142 2435 1174 2496 τὸ
1197 2435 1318 2519 αἰσχρὸν
1342 2434 1512 2520 ἀπέχεσθαι

257 2537 367 2610 αὐτῶν,
396 2537 411 2599 δ
435 2536 502 2600 οὐδὲ
524 2537 555 2600 ἓν
582 2543 640 2601 τῶν
668 2538 781 2621 ἀλόγων
809 2542 898 2612 ποιεῖ,
926 2539 1003 2601 ὥστε
1030 2537 1075 2620 εἴη
1099 2537 1134 2600 ἀν
1161 2540 1230 2621 ἡμῖν
1258 2539 1331 2622 πρδς
1360 2542 1453 2602 κακοῦ
1477 2540 1511 2601 τδ

206 2661 239 2708 νο
257 2643 380 2722 λογικοῖς
404 2640 486 2703 εἶναι.
525 2641 557 2702 τὸ
580 2643 613 2704 δὲ
635 2641 737 2723 λέγειν,
761 2641 806 2704 ὅτι
829 2640 898 2724 μηδ’
919 2641 1001 2704 αὐτοὶ
1024 2642 1075 2710 τάς
1097 2641 1222 2726 αἰσχρὰς
1245 2642 1350 2725 ἡδονὰς
1372 2642 1510 2724 ἀξιοῦμεν

256 2745 412 2827 αἱρεῖσθαι,
440 2744 466 2806 εἰ
488 2745 540 2825 μὲν
563 2745 655 2814 οὕτως
678 2746 725 2808 καὶ
748 2744 795 2808 διά
818 2749 901 2808 τοῦτο
929 2745 1049 2827 λέγοιεν,
1078 2744 1150 2807 διότι
1172 2745 1205 2807 τὸ
1228 2747 1348 2830 αἰσχρὸν
1372 2744 1409 2807 δι’
1437 2745 1510 2808 αὑτό
1524 2762 1553 2804 ει)

254 2846 376 2931 φευκτόν
400 2847 470 2921 ἐστι,
493 2851 589 2917 καλῶς
612 2849 663 2929 μὲν
685 2847 719 2911 ἀν
734 2848 854 2931 λέγοιεν,
879 2848 974 2911 οὐκέτι
991 2848 1088 2929 μέντοι
1103 2849 1277 2932 φυλάσσοιεν
1293 2846 1355 2930 (dv)
1369 2849 1403 2911 τὸ
1421 2847 1509 2928 μόνον

256 2950 305 3012 τὸν
328 2949 415 3012 πόνον
438 2949 510 3012 εἶναι
537 2952 659 3032 φευκτόν
683 2950 718 3014 δι’
747 2950 850 3027 αὑτόν,
878 2952 904 3014 εί
927 2953 959 3015 δὲ
982 2953 1023 3035 μὴ
1047 2950 1093 3014 διὰ
1121 2953 1152 3013 :I
1176 2952 1298 3036 αἰσχρόν
1321 2950 1410 3025 αὐτό,
1442 2950 1505 3015 ἀλλ’

257 3054 300 3116 ότι
327 3052 375 3115 ἐπὶ
404 3058 463 3120 τοῖς
484 3054 624 3122 τοιούτοις
646 3053 704 3138 [αἱ]
728 3055 826 3138 ζημίαι
849 3056 923 3123 τινὲς
947 3055 1002 3117 ὑπὸ
1025 3058 1082 3117 τῶν
1105 3055 1273 3136 νομοθετῶν
1296 3054 1454 3136 ὁρίζονται,
1485 3056 1512 3118 εί
1525 3071 1553 3114 τε

204 3176 235 3223 ‘25
256 3156 307 3238 μὲν
335 3158 441 3227 καλῶς,
465 3155 523 3218 εἶεν
546 3155 580 3218 ἂν
603 3161 641 3239 τῇ
658 3157 753 3218 αὑτῶν
776 3159 860 3220 παλιν
884 3158 969 3242 φύσει
991 3157 1027 3221 τά
1042 3157 1152 3242 αἰσχρὰ
1175 3158 1259 3232 κακά,
1283 3158 1308 3219 εἰ
1330 3158 1362 3220 δὲ
1386 3158 1427 3240 μὴ
1451 3158 1509 3243 καθ

257 3263 326 3329 λῶς,
349 3257 426 3322 τοῦτ’
452 3259 513 3322 ἐστὶ
536 3261 569 3322 τὸ
592 3259 684 3341 λέγειν
708 3261 812 3343 ζημίαν
834 3260 906 3324 εἶναι
929 3266 988 3329 τοῖς
1010 3262 1176 3344 ἀνθρώποις
1198 3261 1231 3322 τό
1253 3264 1379 3343 λογικοῖς
1402 3262 1488 3336 εἶναι,
1511 3268 1564 3325 2611

257 3361 288 3425 εί
305 3385 337 3444 γε
361 3360 408 3424 διὰ
429 3362 477 3424 τὸν
501 3362 586 3445 λόγον
608 3364 644 3426 τὰ
674 3365 714 3447 μὴ
738 3365 813 3427 κακὰ
841 3365 917 3427 κακὰ
939 3364 1191 3448 ὑπολαμβάνοντες
1218 3364 1444 3449 ἀποστεροῦνται
1467 3363 1506 3428 δι’

256 3466 329 3529 αὐτὰ
356 3470 413 3527 τῶν
442 3469 482 3535 ὡς
509 3466 631 3549 ἀληθῶς
658 3467 787 3550 ἀγαθῶν.
832 3468 865 3530 τὸ
893 3468 925 3530 δὲ
950 3467 1042 3549 λέγειν
1068 3471 1125 3529 πᾶν
1154 3466 1169 3530 δ
1193 3468 1356 3551 αἱρούμεθα
1384 3471 1425 3538 ῶς
1452 3469 1510 3553 ᾓδδ
1538 3486 1553 3527 ε

256 3571 334 3652 ἡμᾶς
358 3570 518 3652 αἱρεῖσθαι,
548 3572 595 3632 καὶ
623 3571 717 3652 τούτῳ
745 3572 875 3656 χρῆσθαι
902 3571 942 3639 εἰς
969 3571 1062 3634 πίστιν
1090 3575 1140 3632 τοῦ
1166 3572 1218 3654 τὴν
1242 3573 1350 3654 ἡδονὴν
1377 3571 1508 3636 εἶναιτὸ

202 3692 236 3740 30
256 3672 389 3756 μέγιστον
413 3671 538 3755 ἀγαθόν,
566 3673 619 3736 οὐκ
642 3674 766 3757 ἀληθές,
797 3674 877 3755 εἴγε
904 3673 1067 3758 αἱρούμεθα
1090 3674 1210 3737 ἕκαστον
1239 3675 1280 3737 ῶν
1303 3675 1469 3759 αἱρούμεθα
1491 3676 1511 3758 ἦ

256 3780 296 3844 ῶς
318 3777 405 3839 καλὸν
429 3777 448 3860 ἢ
472 3781 513 3845 ῶς
535 3776 683 3861 συμφέρον
705 3778 725 3861 ἦ
749 3781 790 3846 ῶς
812 3779 877 3862 ἡδύ.
921 3780 954 3840 τὸ
978 3778 1010 3840 δὲ
1031 3776 1124 3861 λέγειν
1151 3779 1199 3840 καὶ
1222 3778 1254 3839 τὸ
1278 3777 1427 3862 συμφέρον
1450 3781 1508 3862 ἡδὺ
1524 3796 1551 3838 ιο

202 4024 326 4076 ’Ζοικεῖοιι
344 4028 368 4075 V
474 4022 582 4076 3αδτα1
604 4042 619 4074 ιι
641 4026 685 4091 Sp.
786 4025 853 4076 4τά
871 4040 920 4076 υιιι.
944 4043 960 4075 a
980 4027 1024 4091 Sp.
1132 4023 1343 4094 5αὺτα1ιι8ρ.
1446 4029 1507 4082 Ἠν
1527 4034 1565 4100 τῷ

202 4111 309 4180 πρώτῳ]
336 4113 393 4163 Eth.
413 4111 469 4164 Nic.
487 4111 506 4175 1,
525 4111 549 4163 3.
575 4111 699 4163 1095¹>16
819 4112 957 4164 8titulum
976 4114 1054 4164 iterat
1073 4115 1094 4164 B
1114 4113 1209 4181 ουιεῆ
1325 4114 1364 4166 διά
1383 4134 1407 4168 τι
1425 4134 1442 4168 ε

203 4201 218 4251 9
243 4199 282 4268 (ἢ)
306 4198 365 4250 διότι
395 4201 484 4266 scn'psi
645 4199 676 4250 10
703 4198 778 4268 ἡδονὴ
804 4200 868 4269 μόνη
892 4201 926 4251 Β’·’
1067 4199 1143 4252 αὑτὸν
1163 4201 1238 4253 V²Sa
1261 4204 1318 4270 Sp.:
1343 4201 1420 4255 αὑτὸν
1445 4206 1495 4256 V¹:
1521 4205 1579 4257 αθ.

201 4293 253 4338 τῶν
274 4291 296 4337 G
405 4287 433 4337 11
456 4285 566 4338 αθτδλίέ
585 4290 641 4353 Sp.:
664 4285 725 4337 αὐτὸ
740 4287 787 4337 V¹:
808 4286 930 4339 αθτὸνθο
1029 4286 1090 4340 αὐτὸ
1111 4293 1133 4338 V
1240 4289 1328 4357 μόνον]
1347 4291 1411 4359 μόνη
1432 4309 1448 4343 ε
1467 4296 1511 4360 Sp.

205 4374 235 4425 12>
263 4374 359 4443 αἱρετὸν
384 4377 459 4427 GFS¹
591 4374 676 4443 αἱρετά
705 4374 805 4425 addidi:
839 4376 881 4426 καὶ
910 4375 968 4426 add.
996 4374 1163 4429 V²PBSGFa
1185 4379 1230 4444 Sp.
1338 4378 1406 4431 ἔσται
1425 4380 1485 4431 coll.
1504 4387 1563 4447 post

203 4463 286 4514 ἐκεῖνα
300 4466 382 4515 GSFa
400 4466 443 4529 Sp.
537 4464 567 4513 11
587 4462 686 4540 ἀνδρίαν
705 4463 780 4513 sicV
872 4463 903 4513 Π
922 4463 1025 4535 αἰσχρὸν
1045 4464 1146 4517 addidi=
1166 4473 1225 4533 post
1243 4465 1272 4518 τὸ
1292 4466 1393 4539 αἰσχρὸν
1407 4467 1468 4519 add.
1481 4466 1563 4520 s²ss²a

202 4569 246 4633 Sp.
356 4566 393 4634 εἴη
414 4572 493 4634 μένα
583 4567 663 4618 κακόν
683 4566 775 4620 s²B²a
793 4569 850 4633 Sp.:
875 4566 952 4619 καλὸν
972 4571 997 4618 V
1087 4568 1118 4620 18
1141 4568 1323 4637 φυλασσόμενοι
1341 4572 1421 4624 B²S³a
1441 4575 1499 4639 Sp.:
1519 4589 1562 4640 φο·

202 4653 390 4723 λασσομένιρλί
483 4655 513 4705 19
538 4653 594 4705 οὐδε
615 4659 637 4705 V
728 4653 758 4705 ἂν
777 4671 826 4706 om.
846 4674 861 4706 a
880 4658 924 4722 Sp.
1016 4655 1047 4706 ’21
1075 4655 1136 4708 αὐτὸ
1157 4659 1190 4708 V'
1283 4657 1316 4710 ‘22
1336 4657 1365 4709 ἂν
1385 4659 1475 4711 addidi

204 4742 245 4793 23.
266 4744 298 4793 *24
327 4740 412 4793 ἀλλοτι
432 4746 455 4792 V
563 4742 596 4793 2²4
625 4741 649 4792 αἱ
674 4740 722 4792 ιΙε1.
748 4743 814 4807 (sive
837 4759 902 4794 corr.
928 4745 955 4794 in
980 4742 1069 4808 ε1)1’2
1175 4743 1208 4795 25
1237 4744 1273 4813 εἴη
1298 4747 1365 4797 coni.
1384 4747 1430 4812 Sp.

202 4829 235 4881 26
260 4825 326 4881 τουτ’
347 4832 382 4881 V¹
486 4830 517 4881 2²?
544 4829 989 4899 γείυιου.1181“(ι“οὸμεδὲθ
1089 4830 1122 4882 28
1146 4831 1223 4891 αὐτὰς
1241 4851 1257 4884 a
1275 4836 1319 4903 Sp.
1418 4832 1450 4885 31
1482 4831 1561 4886 καλὸν

201 4916 230 4989 ἡ]
249 4935 262 4967 ν
281 4915 297 4986 ἡ
316 4918 344 4969 in
363 4918 446 4970 lit.V
