3540 5610
138 344 150 363 ι
199 273 240 336 ιι
685 267 837 325 ιιωνιυιι
857 265 918 322 ιιιι
939 266 1071 322 mmm

253 445 378 508 (τούτων
407 444 433 508 δ’
464 444 546 528 είπερ
580 441 659 507 ἔσται
685 443 789 518 ἀίδιος,
823 443 876 506 οὐκ
902 443 943 512 εἰς
972 441 1043 505 εὐθὺ
1077 440 1191 505 οἷόντε
1223 442 1271 505 διὰ
1297 438 1337 504 τδ
1365 441 1511 523 μηδαμῶς

254 547 327 610 εἶναι
361 548 456 632 ἀρχὴν
491 544 558 630 μήτ’
598 545 632 608 ἀν
670 547 760 621 κάτω,
798 546 845 609 ἐπὶ
878 550 936 608 τῶν
974 545 1120 633 ἐσομένων
1157 544 1399 629 λαμβανομένων,
1434 539 1503 624 μήτ’
1525 557 1551 600 ια

253 649 287 712 ἀν
311 649 371 712 άνω
394 650 441 711 ἐπὶ
465 653 521 710 τῶν
543 647 732 730 γινομένων’.
777 649 809 710 τδ
832 648 887 733 γάρ
910 645 994 731 (μήτ’
1023 647 1057 711 ἀν
1082 649 1161 711 κάτω
1184 648 1312 710 ἐπὶτῶν
1335 643 1503 728 έσομένων’

255 757 306 834 τῆς
337 755 377 820 ὡς
408 752 531 834 πέρατος
564 751 659 835 ἀρχῆς
692 751 751 814 ἐστι
788 752 956 834 δηλωτικόν.
1003 753 1055 835 τήν
1087 751 1138 832 μὲν
1170 749 1219 813 οὖν
1254 752 1334 813 κάτω
1366 751 1413 812 δεῖ
1438 746 1511 810 εἶναι

219 854 362 938 σάρχήν,
396 854 421 915 εἰ
449 853 548 936 μέλλοι
574 853 607 915 τδ
635 854 736 922 άπλῶς
762 855 916 935 ἀναγκαῖον
948 852 1020 921 ἕξειν
1045 853 1081 916 τά
1106 851 1251 936 γινόμενα,
1284 851 1328 914 δτι
1354 856 1397 938 τῷ
1425 855 1511 914 τοῦτο

259 956 430 1019 ὑποκεῖσθαι
473 956 572 1023 ἁπλῶς
610 955 772 1037 ἀναγκαίως
810 953 929 1018 ἔσεσθαι
971 955 1065 1039 τούτῳ
1103 956 1213 1037 ἀληθὲς
1250 955 1371 1036 ἐγίνετο,
1413 955 1441 1017 εἰ
1476 955 1511 1017 τὸ
1524 968 1553 1011 αν

255 1063 369 1142 πρῶτον
398 1058 428 1126 ἐξ
450 1059 590 1140 ἀνάγκης,
620 1059 668 1121 καὶ
697 1060 729 1121 τὸ
752 1060 885 1142 ὕστερον,
912 1058 964 1141 τἠν
991 1058 1022 1121 δὲ
1045 1057 1121 1133 ἀνω,
1148 1057 1191 1120 ότι
1219 1057 1296 1120 οὕτω
1319 1057 1512 1140 δυνησόμεθα

256 1162 355 1244 λαβεῖν
379 1162 410 1223 τδ
434 1162 514 1223 εἰτὸ
537 1165 652 1244 πρῶτον
676 1161 708 1222 τὸ
731 1161 857 1245 ὕστερον.
883 1157 887 1243 I
941 1204 944 1210 -

254 1401 369 1465 XXIII.
415 1399 497 1484 ΙΙερὶ
520 1405 580 1483 τῆς
599 1397 805 1483 Ἡρακλείας
826 1399 942 1474 λίθου,
966 1400 1021 1461 διὰ
1044 1400 1077 1462 τί
1097 1399 1192 1464 ἕλκει
1215 1402 1272 1464 τδν
1295 1401 1449 1484 σίδηρον.
1517 1400 1564 1457 Ιθδ

204 1594 236 1641 10
324 1569 569 1655 Ἐμπεδοκλῆς
592 1571 643 1651 μὲν
659 1575 721 1638 ταῖς
736 1571 904 1653 ἀπορροίαις
918 1573 981 1638 ταῖς
996 1568 1046 1633 ἀπ’
1064 1572 1238 1657 ἀμφοτέρων
1260 1573 1308 1635 καὶ
1331 1577 1389 1641 τοῖς
1412 1570 1513 1653 πόροις

254 1679 313 1743 τοῖς
336 1680 386 1758 τῆς
409 1674 492 1735 λίθου
515 1673 690 1757 συμμέτροις
716 1670 795 1736 οὖσιν
817 1677 879 1741 ταῖς
903 1674 960 1735 ἀπὸ
988 1677 1039 1735 τοῦ
1066 1675 1184 1757 σιδήρου
1213 1676 1261 1737 τὸν
1288 1675 1405 1758 σίδηρον
1428 1672 1511 1757 φέρε·
1538 1688 1552 1729 ⁵

255 1779 323 1840 σθαι
347 1776 423 1857 λέγει
446 1777 518 1860 πρὸς
540 1777 591 1859 τήν
608 1776 703 1837 λίθον·
728 1775 757 1836 αἱ
782 1776 833 1858 μὲν
856 1776 910 1858 γὰρ
926 1776 1028 1839 τούτου
1053 1776 1205 1861 ἀπόρροιαι
1227 1779 1275 1840 τὸν
1296 1777 1368 1860 ἀέρα
1389 1777 1439 1839 τδν
1462 1775 1512 1837 ἐπὶ

259 1884 318 1948 τοῖς
339 1883 389 1942 τοῦ
414 1879 533 1962 σιδήρου
556 1877 655 1962 πόροις
679 1877 835 1941 ἀπωθοῦσί
859 1902 890 1940 τε
913 1879 960 1941 καὶ
982 1883 1091 1941 κινοῦσι
1114 1882 1162 1942 τὸν
1186 1879 1440 1963 ἐπιπωματίζονται
1462 1877 1512 1940 αδ-

255 1981 335 2050 τούς·
360 1981 462 2044 τούτου
486 1982 518 2044 δὲ
533 1980 732 2065 χωρισθέντος
754 1980 849 2064 ἀθρόᾳ
865 1981 1006 2065 ἀπορροίη
1030 1981 1138 2066 ῥεούσῃ
1161 1985 1209 2046 τὸν
1231 1985 1346 2066 σίδηρον
1370 1981 1511 2045 ἕπεσθαι·
1528 1996 1555 2039 ιο

203 2106 233 2152 15
254 2069 430 2169 φερομένωνΙ
448 2085 480 2146 δὲ
507 2088 564 2145 τῶν
589 2080 641 2146 ἀπ’
668 2083 758 2146 αὐτοῦ
782 2085 946 2167 ἀπορροιῶν
974 2084 1022 2146 ἐπὶ
1048 2086 1115 2155 τοὺς
1139 2092 1192 2170 τῆς
1212 2087 1296 2149 λίθου
1325 2086 1441 2169 πόρους,
1464 2083 1513 2147 διὰ

254 2188 286 2249 τδ
311 2187 492 2272 συμμέτρους
519 2210 551 2249 τε
576 2185 673 2254 αὐτοῖς
699 2185 773 2249 εἶναι
800 2187 848 2249 καλ
877 2186 1045 2270 ἐναρμόζειν
1073 2190 1119 2250 καλ
1149 2190 1197 2250 τὸν
1224 2191 1340 2274 σίδηρον
1370 2189 1420 2252 σὺν
1447 2190 1512 2255 ταῖς

255 2291 420 2374 ἀπορροίαις
447 2291 572 2353 έπεσθαί
592 2312 624 2351 τε
652 2290 699 2351 καὶ
726 2289 877 2372 φέρεσθαι.
923 2289 1096 2373 έπιζητήσαι
1124 2290 1149 2353 δ’
1177 2291 1211 2354 ἀν
1238 2315 1294 2366 τις,
1322 2292 1347 2354 εἰ
1376 2292 1424 2354 καὶ
1448 2306 1555 2372 συγ-ιε

255 2393 407 2477 Ιχωρηθείη
434 2394 466 2454 τὸ
495 2397 551 2455 τῶν
579 2392 758 2475 ἀπορροιῶν,
788 2392 816 2453 τί
840 2393 949 2475 δήποτε
976 2395 994 2475 ή
1023 2395 1105 2462 λίθος
1132 2393 1189 2479 οδχ
1217 2394 1316 2457 έπεται
1344 2398 1404 2463 ταῖς
1428 2393 1513 2462 ἰδίαις

256 2497 431 2580 άπορροίαις,
455 2499 572 2558 κινεῖται
595 2495 627 2557 δὲ
650 2494 721 2578 πρὸς
744 2494 793 2556 τδν
816 2495 942 2578 σιδηρον.
985 2494 1067 2559 οὐδὲν
1090 2497 1144 2579 γὰρ
1168 2500 1276 2578 μᾶλλον
1300 2496 1412 2560 ἐκτῶν
1436 2496 1513 2579 εἰρη-

201 2619 234 2664 ‘20
255 2598 349 2680 μένων
372 2601 391 2680 ή
415 2600 496 2666 λίθος
519 2599 590 2681 πρὸς
613 2599 661 2658 τὸν
685 2597 801 2680 σίδηρον
826 2597 844 2679 ή
869 2597 1017 2680 ὁσίδηρος
1038 2600 1226 2682 κινηθήσεται
1249 2599 1320 2681 πρὸς
1342 2600 1394 2682 τἠν
1417 2599 1510 2661 λίθον.

256 2699 298 2763 ἔτι
322 2701 417 2763 διὰτί
439 2701 472 2763 οὐ
496 2701 543 2763 καλ
566 2701 657 2783 χωρὶς
680 2705 732 2782 της
759 2700 842 2762 λίθου
864 2701 1054 2783 κινηθήσεταί
1079 2724 1149 2763 ποτε
1171 2704 1286 2785 σίδηρος
1313 2701 1360 2764 ἐπ’
1388 2701 1461 2765 ἄλλο
1486 2717 1554 2765 τιευ

256 2808 313 2866 τῶν
341 2801 390 2865 ἀπ’
420 2801 508 2865 αὐτοῦ
537 2802 700 2886 ἀπορροιιῖιν
725 2801 841 2884 ἀθρόων
869 2803 1046 2885 φερομένων.
1092 2803 1138 2865 διὰ
1161 2805 1190 2865 τί
1209 2805 1261 2886 γάρ
1289 2803 1372 2886 μόναι
1394 2805 1425 2867 αἱ
1448 2805 1508 2868 ἀπὸ

254 2912 307 2989 τής
330 2907 413 2968 λίθου
436 2905 588 2988 ἀπόρροιαι
611 2908 697 2967 κινεῖν
726 2905 858 2968 δύνανται
879 2907 927 2967 τδν
951 2906 1201 2988 ἐπιπωματίζοντα
1224 2908 1291 2976 τοὺς
1314 2911 1364 2969 τοῦ
1387 2909 1509 2991 σιδήρου

254 3010 362 3094 πόρους
386 3009 458 3091 ἀέρα
480 3008 527 3070 καί
544 3008 688 3091 ἐπέχοντα
710 3009 761 3076 τάς
781 3008 950 3091 ἀπορροίας;
974 3006 1016 3070 ἔτι
1039 3007 1086 3070 διὰ
1108 3009 1136 3070 τί
1149 3008 1221 3071 ἀλλο
1244 3009 1327 3073 οὐδέν
1350 3012 1422 3093 πρὸς
1438 3011 1512 3076 ἀλλο
1525 3028 1554 3069 αα

204 3133 236 3181 25
256 3138 281 3175 τι
305 3114 381 3175 οὕτω
397 3112 524 3195 φέρεται,
548 3112 640 3173 καίτοι
662 3111 756 3172 πολλὰ
772 3111 885 3192 λέγεται
908 3109 956 3173 ὑπ’
978 3112 1068 3173 αὐτοῦ
1091 3112 1273 3196 συμμέτρους
1295 3112 1362 3181 τοὺς
1377 3112 1497 3197 πόξρους
1520 3121 1568 3179 137

256 3217 327 3299 πρὸς
354 3215 482 3296 ἀλλήλας
508 3219 570 3280 ταῖς
600 3213 767 3296 ἀπορροίαις
795 3211 887 3297 ἔχεινγ
921 3213 997 3295 λέγει
1025 3217 1092 3295 γοῦν
1119 3213 1213 3298 ιὕδωρ
1240 3214 1310 3299 οἴνῳ
1334 3219 1443 3297 μᾶλλον
1471 3216 1514 3278 ἐν·

256 3316 400 3402 αρίθμιον,
424 3316 514 3399 αὐτὰρ
537 3316 625 3400 ἐλαίῳ
648 3315 702 3378 οὐκ
717 3315 839 3378 έθέλει’.
883 3314 941 3378 ἀλλ’
963 3316 997 3379 οὐ
1012 3316 1129 3399 φέρεται
1145 3317 1254 3381 τούτων
1269 3319 1419 3403 οὐδέτερον
1441 3321 1515 3404 πρὸς

257 3421 363 3503 ἕτερον.
401 3418 655 3503 όΔημόκριτος
678 3420 709 3480 δὲ
732 3420 779 3480 καὶ
803 3418 889 3487 αὐτὸς
905 3420 1061 3502 ἀπορροίας
1077 3443 1107 3482 τε
1129 3421 1257 3502 γίνεσθαι
1279 3422 1389 3485 τίθεται
1405 3424 1453 3485 καὶ
1477 3425 1513 3486 τὰ
1541 3441 1556 3484 α

258 3524 345 3606 όμοια
366 3522 507 3607 φέρεσθαι
536 3524 607 3605 πρός
634 3523 668 3583 τά
691 3521 793 3604 ὅμοια,
822 3523 896 3585 ἀλλά
923 3525 969 3585 καὶ
994 3525 1033 3591 εἰς
1060 3524 1092 3586 τδ
1121 3525 1216 3586 κοινόν
1243 3526 1336 3586 πάντα
1359 3526 1513 3609 φέρεσθαι.

206 3647 239 3696 30
259 3624 344 3689 ταῦθ)
373 3626 554 3708 ὑποθέμενος
576 3626 715 3710 λαμβάνει
738 3628 770 3687 τὸ
794 3626 845 3709 τὴν
869 3627 950 3688 λίθον
978 3628 1025 3689 καὶ
1048 3627 1097 3688 τδν
1125 3627 1240 3711 σίδηρον
1263 3628 1292 3696 ἐξ
1316 3630 1425 3710 ὁμοίων
1450 3630 1514 3694 ἀπό·

258 3755 320 3814 μων
344 3730 524 3811 συγκεῖσθαι,
548 3728 727 3812 λεπτοτέρων
752 3730 784 3791 δὲ
806 3731 857 3812 τἠν
881 3730 962 3791 λίθον
980 3730 1027 3792 καὶ
1049 3729 1128 3811 βὸτι
1145 3729 1216 3793 εἶναι
1232 3731 1403 3814 ἀραιοτέραν
1417 3756 1449 3795 τε
1466 3735 1515 3797 καλ
1530 3752 1557 3794 ιο

259 3833 495 3915 πολυκενωτέραν
523 3832 613 3915 αὐτὴν
642 3832 728 3910 εἶναι,
757 3833 804 3894 καὶ
833 3832 880 3894 διά
907 3831 984 3895 τοῦτ’
1013 3832 1230 3917 εὐκινητοτέραν
1258 3835 1363 3898 θάττον
1391 3835 1438 3899 ἐπὶ
1462 3839 1512 3901 τὸν

208 4093 216 4142 l
241 4087 264 4142 δ’
285 4088 352 4160 εἴπερ
375 4089 442 4140 ἔσται
463 4091 528 4141 Vict.
549 4091 627 4141 Arist.
647 4090 704 4156 Sp.:
733 4089 758 4140 δὲ
778 4087 896 4158 περιαθαι
919 4091 956 4141 sic-
977 4094 1006 4140 V:
1036 4089 1062 4140 δέ
1081 4108 1125 4159 περ
1145 4087 1215 4142 εσθαι
1234 4091 1271 4142 sic
1290 4094 1326 4142 B:
1355 4091 1380 4144 δέ
1402 4110 1449 4165 περ
1468 4093 1570 4149 ἔσεσθαι

207 4179 248 4232 S':
269 4174 294 4229 δ’
314 4177 381 4245 είπερ
400 4175 469 4229 ἔσθαι
487 4176 533 4228 13²:
553 4173 577 4228 δ’
597 4176 726 4246 ἐπερέσθαι
745 4182 801 4229 GF:
826 4173 849 4228 δ’
870 4177 935 4248 εἴπερ
955 4175 1053 4229 ἔσεσθαι
1071 4179 1119 4230 S²a
1217 4178 1232 4230 2
1252 4180 1324 4231 κάτω
1344 4179 1379 4237 ὡς
1398 4181 1436 4233 ἐπὶ
1449 4183 1516 4234 vict
1537 4199 1570 4236 ex

208 4269 287 4318 Arist.
307 4265 376 4331 vulg.
466 4266 481 4314 2
501 4264 699 4334 διαλαμβάνομεν
720 4266 785 4316 vict.
805 4265 837 4316 cf.
858 4268 936 4316 Arist.
958 4266 1026 4333 vulg.
1128 4267 1143 4316 4
1166 4266 1225 4335 <μη>
1246 4268 1308 4318 εἶναι
1330 4271 1396 4320 coni.
1419 4269 1464 4336 Sp.

208 4354 223 4404 6
249 4352 344 4420 τοδτιρ]
366 4356 441 4402 τοῦτο
463 4353 530 4403 coni.
550 4352 594 4419 Sp.
719 4352 768 4414 (τὸ)
791 4353 811 4403 εί
833 4352 960 4404 Schwartz
1087 4352 1101 4402 7
1125 4354 1178 4404 άνω
1200 4355 1235 4423 μὴ
1261 4351 1298 4405 ότι
1322 4356 1387 4406 vict.
1415 4365 1443 4407 ut
1467 4357 1571 4411 videtur

208 4442 252 4506 Sp.
362 4440 390 4489 ll
423 4443 540 4507 τῆςύιιι.
561 4445 636 4506 asp.
756 4440 820 4507 ταῖς]
844 4448 894 4496 τοῖς
918 4441 1009 4492 13²·s2a
1031 4443 1074 4504 Sp.
1178 4443 1209 4492 12
1236 4441 1338 4511 τοὺτου]
1363 4442 1456 4515 ταθτης
1476 4445 1573 4499 B²s²s

208 4529 253 4592 Sp.
350 4525 382 4576 92
402 4527 478 4577 αὐτοῦ
492 4528 575 4579 B²s⁹a
593 4528 650 4595 Sp:
670 4526 747 4595 αὐτῆς
768 4532 819 4594 λ’(η
839 4535 935 4594 puncto
956 4529 1177 4593 τιοιοιιιιιιλῦΒἮ1
1286 4531 1318 4581 26
1336 4530 1401 4600 λέγει
1414 4532 1471 4599 Sp.:
1491 4531 1573 4602 λέγεις

209 4614 269 4664 libri
288 4612 331 4678 (cs.
353 4629 375 4662 v.
389 4613 439 4663 ‘284
453 4613 502 4678 SI.)
618 4615 651 4665 *λθ
679 4614 705 4665 δὲ
729 4631 753 4664 ν.
772 4632 793 4665 ι’.
814 4619 836 4666 V
856 4615 912 4680 Sp.:
941 4633 968 4664 τε
989 4618 1084 4667 V'GSa
1202 4617 1234 4668 99
1264 4619 1336 4670 κενὸν
1356 4619 1426 4671 Diels

211 4700 244 4751 30
268 4699 390 4768 λαμβάνει
409 4701 465 4767 Sp.:
490 4699 623 4769 λαμβάνειν
647 4701 705 4753 libri
813 4701 856 4752 τόν
877 4718 895 4751 s.
916 4718 939 4751 ν.
961 4706 982 4750 ι’
1082 4703 1110 4754 31
1134 4702 1282 4773 λεπτοτέραν
1302 4708 1370 4756 coni.
1389 4707 1432 4774 Sp.

212 4788 254 4838 καὶ
273 4785 310 4838 ότι
329 4787 391 4838 εἶναι
409 4789 514 4840 VS¹B¹:
543 4789 585 4839 καὶ
604 4795 641 4839 τῶ
665 4789 726 4840 εἷναί
745 4791 791 4841 13²:
820 4792 862 4841 καὶ
881 4788 909 4840 τό
929 4790 988 4840 εἶναι
1008 4791 1066 4840 βίαι
1096 4791 1218 4842 εἶναικαὶ
1243 4795 1310 4845 σουλ
1330 4793 1388 4861 θρα
1412 4796 1454 4847 καὶ
1473 4795 1573 4849 ἐκείνου

213 4874 283 4928 Diels
390 4874 423 4928 32
443 4876 551 4930 fortasse
570 4874 746 4947 εθκινητότερα
853 4876 956 4945 θᾶττον]
975 4878 1071 4945 τάτομα
1091 4878 1160 4930 Ιλίολε
