3540 5610
202 307 265 375 220
350 311 455 396 γάμος

254 482 541 548 91,10.16.17.20.21
570 482 652 546 9812
678 482 774 546 11836
795 483 853 546 118,

254 570 322 624 835
352 569 448 635 14835
480 570 613 635 148219
646 571 726 635 1484
756 569 854 634 14830

256 658 358 722 14828
383 658 466 721 1587
497 658 599 724 161,13
628 658 725 722 17812
752 657 853 723 171,34

257 745 444 811 178161781

221 1139 311 1210 όβδος
333 1140 425 1204 13812

220 1227 306 1298 ᾴόιος
335 1228 396 1293 187
425 1228 491 1292 189
531 1228 561 1280 ἐκ
584 1235 629 1280 τοῦ
653 1229 743 1300 ῥᾴστου
776 1231 852 1293 1084

253 1314 282 1368 τό
301 1314 385 1386 ῥᾴδιον
404 1315 465 1387 πρὸς
483 1317 563 1369 πίστιν
586 1317 676 1378 18816

203 1403 299 1473 ῥεῦμα
317 1403 347 1455 τό
364 1408 411 1473 τῆς
430 1402 514 1472 όψεως
535 1403 626 1469 12826

202 1490 260 1561 ρέω
282 1490 375 1556 12830
396 1491 490 1555 13810

202 1577 332 1647 ρήγνυμι
353 1578 448 1643 12820

202 1665 269 1736 ῥίζα
287 1665 366 1729 3818
384 1665 462 1732 9822
483 1666 558 1731 1082

202 1753 317 1824 ριπτίω
339 1753 410 1817 1281

201 1840 287 1911 ῥοπή.
324 1842 427 1911 φυσικαί
446 1841 520 1912 ῥοπαί
540 1842 616 1904 1810
639 1841 712 1906 1384

202 1926 318 1998 ῥυθμός
336 1928 396 1994 286

202 2015 352 2085 ρυπτικός
370 2016 449 2080 5820
466 2015 526 2079 586

202 2102 347 2172 ρώννυμι.
384 2103 491 2175 έρρωται
509 2105 540 2156 τὰ
558 2108 604 2173 τῆς
621 2102 726 2172 γνώμης
745 2104 820 2169 1886

201 2497 330 2567 σάλπιγξ
347 2498 408 2564 488

253 2674 320 2726 418
347 2673 431 2739 9817
470 2673 499 2726 τὸ
522 2674 643 2743 ἀνάλογον
670 2674 745 2746 σαρκί
771 2673 852 2738 5824

253 2759 282 2813 οὐ
301 2761 367 2812 κατὰ
385 2764 472 2833 σχῆμα
490 2761 548 2831 σάρξ
574 2761 639 2826 986
676 2761 766 2831 καρδία
785 2762 853 2834 ίσχυ-

254 2850 365 2921 ροτότοις
383 2848 466 2920 σαρξὶν
484 2849 623 2921 περιέχεται
646 2850 724 2914 9810
760 2848 853 2917 μεταξίι

254 2937 308 2996 πώς
326 2937 377 2989 ἐστι
394 2935 482 3009 νεΰρου
500 2955 527 2989 τε
546 2943 589 2988 καί
608 2936 699 3008 σαρκός
717 2937 795 3004 9813

202 3025 299 3093 σαφής
325 3024 387 3089 182
424 3031 512 3093 σαφῶς
529 3022 654 3078 ἐκτιθέναι
678 3025 726 3089 88
761 3027 852 3097 ἀσαφε-

254 3115 347 3184 στέρων
366 3117 455 3182 γνῶσις
472 3110 512 3164 διὰ
529 3117 582 3164 τῶν
600 3114 757 3184 σαφεστέρων
776 3113 850 3176 3821

202 3200 281 3270 σέβω
305 3199 426 3265 1581.11

202 3287 314 3358 σελήνη
328 3287 462 3357 φωτίζεται
473 3286 522 3340 ὐπὸ
535 3290 579 3340 τοῦ
592 3287 663 3358 ήλέου
679 3288 754 3353 1485
780 3288 853 3359 ὑπέρ-

253 3393 325 3448 χεται
348 3375 392 3428 τὸν
416 3374 486 3444 ήλιον
512 3375 612 3440 13815
654 3382 728 3445 σῶμα
753 3376 781 3428 τὸ
805 3375 853 3428 ὑπὸ

254 3462 360 3533 σελήνην
381 3463 472 3526 14821

203 3550 352 3621 σημαίνω.
389 3550 571 3621 σημαινόμενον
595 3550 667 3614 1811
693 3550 784 3614 11826

203 3645 339 3709 σημεῖον.
374 3643 420 3690 τοῦ
439 3638 677 3708 εἶναισημεῖον
695 3638 723 3691 τὸ
742 3677 766 3690 ..
790 3638 855 3702 487

254 3726 330 3791 5817
351 3726 428 3790 81,15
448 3725 525 3790 9827
549 3726 608 3789 987
625 3729 640 3778 9
664 3727 741 3791 9822
763 3725 855 3790 15835

258 3813 338 3875 1589
374 3819 476 3884 σημεῖον
493 3818 538 3866 τοῦ
556 3853 580 3866 ..
598 3813 671 3883 ἐχειν,
697 3813 734 3867 ότι
759 3814 855 3878 14813

257 3900 361 3965 14820
389 3900 491 3966 15824
537 3908 639 3972 σημεῖον
664 3906 709 3954 τοῦ
809 3903 856 3973 γὰρ

258 3987 333 4053 1084
355 3987 447 4052 14823
468 4017 498 4027 -
519 3990 622 4059 σημείου
635 3989 707 4058 λόγον
720 3988 804 4058 ἐπίχει
823 3992 854 4059 γη

258 4074 355 4140 17832

204 4164 341 4234 σημειόω
365 4162 456 4227 12833

203 4251 290 4319 σήπω
310 4248 385 4313 5821

204 4337 328 4408 σίδηρος
347 4338 424 4402 9812
446 4339 539 4404 10825
561 4341 653 4405 14826

205 4426 330 4477 σκάπτω
352 4425 425 4491 1781

205 4512 393 4583 σκεδάννυμι
415 4515 558 4578 1282828

204 4599 312 4659 σκέλος
334 4602 411 4665 1820

204 4691 368 4758 σκέπασμα
387 4692 464 4757 8814

204 4779 382 4846 σκέπτομαι
405 4779 499 4841 18830

203 4867 273 4918 σκιά
296 4866 394 4932 13824
416 4866 514 4931 13830
548 4870 580 4936 τή
599 4871 644 4918 τοῦ
662 4867 800 4918 ἐπισκοτεῖν
820 4884 861 4916 πε-

1383 310 1395 363 1
1432 309 1560 364 INDEX

958 481 1068 550 φυκότος
1095 483 1216 554 παρουσίᾳ
1247 482 1393 551 14819εη.
1438 481 1488 536 ἀπὸ
1513 487 1560 536 τοῦ

958 569 1087 642 ὁρωμένου
1109 569 1210 634 14828.
1218 568 1248 622 31

905 656 1054 727 σκίδνημι
1075 657 1168 722 13822

905 744 1080 816 σκληρότης
1098 760 1159 813 opp.
1179 743 1326 816 μαλακότης
1347 746 1441 812 13823

906 829 1169 903 σκληρόφθαλμος
1187 832 1245 897 581

904 923 1028 974 σκοπέω
1050 918 1139 985 18831
1189 936 1192 941 ’

905 1008 1021 1065 σκοπός
1038 1007 1115 1071 3813
1137 1008 1376 1074 155,6.10174,14
1398 1007 1492 1074 17823

904 1095 1064 1153 σκοτεινός
1084 1094 1176 1160 13837

905 1183 1017 1241 σκότος
1029 1185 1142 1254 στέρησις
1153 1184 1238 1254 φωτός
1260 1183 1352 1248 14824
1382 1183 1490 1241 σκότους
1502 1183 1561 1253 ὄψις

957 1271 1058 1341 κριτική
1084 1270 1168 1335 5814
1205 1287 1244 1322 σκ.
1264 1270 1293 1323 οὐ
1312 1276 1386 1339 σῶμα
1413 1271 1510 1336 13829
1521 1288 1561 1340 sq.

961 1359 1054 1422 13830
1091 1358 1197 1416 σκότους
1214 1358 1276 1424 485
1295 1358 1371 1424 4817
1392 1359 1471 1424 5814

906 1446 1061 1504 σκότωσις
1081 1446 1174 1510 16817

906 1532 1037 1591 σκυτεύς
1059 1533 1152 1597 15820

906 1619 1030 1691 σκώληξ
1049 1620 1110 1685 683
1129 1620 1188 1683 785

906 1708 1086 1779 σμικρότης.
1127 1707 1167 1761 διὰ
1191 1709 1347 1780 σμικρότητα
1373 1709 1420 1779 τἠν
1444 1707 1560 1780 αἴσθησιν

957 1795 1084 1848 ἐκπίπτειν
1106 1795 1180 1859 1282

905 1884 1005 1955 σοφός
1042 1883 1151 1954 ὁσοφός
1172 1884 1280 1948 16888
1302 1884 1393 1948 16812

905 1974 1032 2030 σπάνιος
1053 1971 1129 2036 1884

904 2061 1018 2131 σπείρω
1037 2059 1113 2123 3811

904 2149 1022 2219 σπέρμα
1045 2147 1104 2212 382
1114 2163 1152 2215 sq.
1171 2146 1253 2208 3823
1271 2145 1313 2210 37,
1323 2147 1354 2199 14
1374 2146 1437 2211 384
1460 2149 1555 2212 11821

957 2237 1065 2309 ἐσχάτης
1092 2235 1176 2305 ψυχῆς
1203 2233 1348 2306 περίττωμα
1379 2233 1446 2298 383
1474 2235 1561 2300 9820

957 2324 986 2376 τὸ
1004 2323 1066 2376 αὐτὸ
1090 2328 1133 2374 καί
1151 2322 1217 2392 θῆλυ
1241 2323 1284 2374 καί
1302 2320 1375 2392 άρρεν
1401 2321 1453 2374 οἶόν
1473 2341 1502 2375 τε
1518 2341 1559 2392 γε·

957 2410 1042 2464 νέσθαι
1063 2409 1156 2474 16833
1192 2410 1224 2461 τὰ
1242 2408 1290 2462 ἀπὸ
1307 2409 1447 2481 σπέρματος
1465 2410 1558 2480 γεννώ·

958 2517 1020 2566 μενα
1039 2497 1117 2561 3810

907 2586 1118 2657 σπερματικός
1136 2584 1211 2649 3817

905 2672 1079 2746 σπλάγχνον
1098 2672 1158 2735 988

905 2759 1071 2819 σπουδαῖος
1089 2760 1162 2824 8811
1188 2760 1277 2824 16811

905 2848 1022 2917 σπουδή
1041 2849 1057 2918 ή
1076 2849 1131 2919 περί
1148 2848 1177 2899 τὸ
1196 2847 1329 2918 ἀδιάφορον
1351 2848 1444 2910 18830

906 2933 1083 3004 σταλαγμός
1104 2935 1196 3000 141,19

905 3025 1019 3081 στάσις.
1059 3028 1114 3084 πῶς
1138 3022 1347 3093 ἀντιλαμβάνεται
1370 3022 1426 3092 όψις
1449 3023 1562 3080 στάσεως

961 3110 1054 3176 14813

906 3199 1003 3268 στέγω
1022 3199 1081 3261 487
1113 3200 1156 3251 καὶ
1175 3197 1295 3270 ἀθροίζειν
1313 3198 1360 3267 τήν
1374 3197 1481 3269 ἔμφασιν
1504 3197 1562 3261 142,

959 3285 1044 3339 2330

907 3373 1011 3432 στενός
1031 3373 1124 3437 12828
1161 3374 1194 3432 είς
1214 3374 1299 3428 στενὸν
1317 3374 1429 3443 συνάγειν
1450 3371 1544 3436 12815

907 3463 1056 3532 στενότης
1073 3461 1133 3526 985

908 3551 1111 3622 στενοχωρέω
1133 3549 1225 3615 11814

909 3636 1022 3689 στενόω
1044 3637 1138 3701 12830

908 3726 1067 3784 στενωπός
1089 3724 1181 3787 14812

908 3813 1032 3883 στερεός
1049 3813 1109 3878 485
1131 3811 1224 3877 13818
1246 3812 1338 3876 14829
1360 3811 1454 3878 14836

909 3901 1078 3971 στερεότης
1095 3901 1138 3953 καί
1157 3898 1287 3952 ἀντιτυπία
1308 3899 1381 3965 1381

909 3989 1053 4059 στέρησις
1070 3988 1113 4054 4,3
1127 3988 1204 4052 3815
1218 3986 1345 4050 581316
1361 3987 1455 4050 14824
1473 3987 1561 4051 14821

909 4077 1064 4147 στερίσκω
1083 4075 1144 4137 288
1163 4075 1240 4141 5824
1262 4074 1336 4140 157,7
1359 4075 1452 4139 16816

910 4163 1077 4235 στερρότης
1099 4162 1192 4228 14826

911 4251 1028 4320 στίλβω
1048 4250 1126 4314 5814

911 4346 1069 4412 στοιχεῖον
1089 4338 1148 4402 816
1167 4338 1244 4402 2819
1265 4337 1403 4405 12829ση.
1425 4337 1566 4403 1281222

968 4426 1066 4492 18810
1101 4426 1162 4497 πρὸς
1180 4426 1238 4484 τοὺς
1264 4424 1341 4495 μηδὲν
1363 4432 1415 4477 τῶν
1437 4428 1565 4497 τεττάρων

971 4515 1110 4582 σωμάτων,
1129 4513 1145 4565 ἃ
1163 4521 1272 4583 στοιχεῖα
1290 4512 1406 4584 λέγομεν,
1425 4512 1484 4566 κατ’
1505 4513 1568 4567 ίδίαν

970 4600 1118 4673 ὑφίστασθαι
1136 4599 1252 4670 λέγοντας
1273 4600 1481 4665 125,7-126,23

916 4690 1014 4757 στόμα
1036 4690 1106 4753 1081

916 4778 1084 4846 στόμαχος.
1128 4779 1256 4845 στομάχου
1283 4774 1363 4834 πάθος
1388 4777 1474 4846 ἐστὶή
1499 4776 1569 4846 λεγο-

968 4866 1030 4933 μένη
1049 4863 1174 4933 καρδιακὴ
1193 4864 1262 4921 νόσος
1280 4864 1358 4931 9824
