3540 5610
677 341 880 396 ALEXANDRI
904 341 948 395 DE
972 343 1083 397 ANIllh
1516 342 1557 407 83

261 514 326 580 καθ’
348 515 460 600 ήμέραν
484 516 678 589 διδασκαλίας,
701 515 737 599 ής
755 514 860 605 γίνεται
875 517 1002 586 δεκτικὸς
1025 516 1058 580 ἐκ
1073 521 1125 599 τῆς
1140 516 1291 599 ἐνεργείας,
1314 516 1362 578 τδν
1378 516 1411 579 δέ
1433 514 1505 575 θεω·

261 619 377 702 ρητικδν
399 616 433 680 ἐκ
454 622 506 700 τῆς
521 624 578 681 τῶν
603 619 771 701 θεωρητῶν.
809 622 941 699 γεννᾶται
962 619 1015 702 γὰρ
1039 618 1224 701 δάνθρωπος
1246 618 1398 702 αἰσθήσεις
1416 614 1505 702 ἔχων,

260 720 326 785 καθ’
347 720 383 788 ἃς
405 720 528 803 ἐνεργῶν
551 721 708 803 φαντασίας
730 720 879 804 λαμβάνει.
918 721 994 806 ὁρῶν
1017 720 1066 786 οῦν
1090 722 1228 785 ἑκάστοτε
1251 723 1299 784 καὶ
1321 719 1435 783 ἀκούων
1458 719 1505 781 καὶ

259 823 333 886 κατὰ
353 822 405 892 τάς
427 821 517 891 ἄλλας
536 822 688 905 αἰσθήσεις
709 823 920 911 αἰσθανόμενος
941 825 990 887 καί
1005 823 1183 906 τασσόμενος
1205 821 1252 885 ὑπ’
1274 821 1369 886 αὐτῶν
1392 825 1506 905 πρῶτον

228 928 312 1009 ὁμὲν
334 927 364 989 ἐν
386 929 424 1008 τῇ
449 928 506 986 τῶν
529 924 626 986 τῦπων
649 924 757 987 τούτων
781 927 900 1010 τηρήσει
925 926 1112 1009 μνημονεύειν
1135 926 1271 996 ἐθίζεται,
1298 923 1396 988 ἔπειτα
1419 925 1451 987 δὲ
1473 921 1548 986 ἔκευ

259 1054 291 1092 τε
308 1032 423 1113 μνήμης
445 1030 494 1092 καί
508 1034 561 1111 τῆς
584 1030 723 1111 συνεχοῦς
744 1028 818 1091 κατὰ
839 1028 890 1098 τάς
909 1029 1060 1113 αἰσθήσεις
1083 1028 1224 1112 ἐνεργείας
1240 1028 1305 1110 περὶ
1328 1027 1363 1090 τά
1378 1026 1506 1110 αἰσθητὰ

257 1132 365 1213 γίνεταί
388 1155 431 1200 τις
456 1129 537 1215 αὐτῷ
565 1132 623 1215 ἀπὸ
650 1135 702 1194 τοῦ
724 1128 806 1195 ‘thie
833 1155 865 1194 τε
887 1133 935 1195 καί
958 1128 1155 1195 καθέκαστυν’
1183 1130 1231 1193 ἐπί
1258 1131 1291 1193 τὸ
1314 1129 1439 1193 (τοιόνδε
1460 1130 1508 1193 καί

257 1233 405 1297 καθόλου’
433 1235 589 1318 μετάβασις
615 1230 652 1296 δι’
681 1233 838 1318 ἐμπειρίας.
883 1236 968 1297 τοῦδε
989 1234 1043 1317 γάρ
1070 1237 1121 1297 τοῦ
1148 1237 1253 1296 λευκοῦ
1280 1234 1327 1296 καί
1349 1235 1433 1295 τοῦδε
1455 1237 1507 1315 τῆς

257 1336 429 1420 αἰσθήσεως
449 1336 734 1421 ἀντιλαμβανομένης
755 1336 790 1400 ἐκ
812 1341 869 1400 τῶν
892 1336 1029 1401 τοιούτων
1052 1337 1232 1420 ἀντιλήψεων
1255 1332 1357 1420 ἔλαβεν
1379 1336 1412 1397 τδ
1435 1333 1508 1397 εἰναι

213 1440 291 1500 roth
314 1437 424 1502 τοιόνδε
444 1444 554 1524 χρῶμα
576 1437 689 1502 λευκόν.
734 1439 843 1523 ὁμοίως
864 1440 897 1502 δὲ
916 1441 965 1503 καί
992 1439 1040 1502 ἐπὶ
1062 1444 1119 1502 τῶν
1149 1438 1245 1503 ἄλλων
1271 1439 1421 1522 αἰσθητῶν
1444 1437 1508 1500 ἑκά·

258 1564 341 1605 στου.
378 1542 441 1625 ήτις
463 1541 616 1625 περθιηψίς
637 1565 668 1603 τε
690 1542 739 1604 καί
761 1541 808 1604 διά
829 1546 882 1624 τῆς
903 1547 961 1604 τῶν
984 1541 1053 1607 καθ’
1075 1543 1182 1606 ἕκαστα
1203 1541 1352 1624 αἰσθητῶν
1376 1539 1509 1624 ὁμοιότη-

258 1668 310 1713 τος
334 1648 386 1708 τοῦ
408 1643 538 1707 καθόλου
564 1647 651 1728 λῆψις
677 1641 775 1727 νόησίς
798 1643 884 1707 ἐστιν.
928 1645 1025 1730 ἡγὰρ
1051 1651 1109 1710 τῶν
1136 1645 1244 1729 ῦμοίων
1272 1644 1404 1712 σύνθεσις
1426 1640 1507 1725 ἔργον

259 1746 320 1830 ἤδη
342 1751 403 1810 νοῦ.
445 1747 545 1830 ῶσπερ
567 1747 599 1809 δὲ
619 1748 640 1829 ir,
663 1744 799 1829 αἴσθησις
819 1747 839 1829 ἡ
862 1744 926 1809 κατ’
954 1746 1098 1831 ἐνέργειαν
1120 1746 1168 1810 διὰ
1188 1751 1241 1831 τῆς
1263 1751 1320 1809 τῶν
1343 1747 1428 1809 εἰδῶν
1450 1749 1508 1806 τῶν

257 1849 409 1933 αἰσθητῶν
435 1850 554 1934 λήψεως
579 1847 647 1912 ἄνευ
674 1854 725 1932 τῆς
753 1849 823 1931 ῦλης
848 1849 968 1931 γίνεται,
999 1849 1092 1918 οῦεως
1119 1849 1151 1913 δὲ
1179 1851 1228 1913 καί
1254 1852 1273 1933 ἡ
1301 1848 1398 1932 νόησις
1423 1851 1509 1932 λῆψις
1522 1861 1550 1905 41

212 1968 243 2013 15
256 1957 317 2014 τῶν
338 1953 424 2015 εἰδῶν
447 1952 508 2015 ἐστι
531 1951 622 2036 χωρίς
646 1951 726 2035 ῦλης,
746 1950 837 2034 ταῦτη
860 1957 912 2036 τῆς
927 1952 1099 2037 αἰσθητικής
1121 1952 1301 2036 ἀντιλήψεως
1323 1952 1508 2037 διαφέρουσα,

257 2053 280 2138 ᾖ
304 2056 323 2138 ή
346 2055 399 2138 μὲν
421 2053 568 2138 αἴσθησις,
590 2054 617 2116 εἰ
639 2055 687 2117 καὶ
710 2054 751 2137 μὴ
775 2057 816 2122 ῶς
838 2054 893 2137 ῦλη
915 2053 951 2117 τά
977 2055 1104 2138 αἰσθητὰ
1126 2053 1189 2137 εἰῦη
1215 2053 1219 2142 Ι
1243 2056 1397 2139 λαμβάνει,
1427 2053 1486 2117 ἀλλ’
1509 2068 1563 2113 138v

258 2160 353 2239 οῦτως
379 2181 412 2240 γε
434 2155 530 2220 αῦτῶν
557 2160 679 2220 ποιεῖται
705 2157 758 2240 τὴν
786 2155 934 2241 ἀντίληψιν
961 2160 1003 2225 ῶς
1029 2155 1119 2220 ὄντων
1145 2159 1175 2221 ἐν
1199 2159 1254 2242 ῦλη
1281 2158 1332 2242 (τὰ
1353 2157 1406 2241 γάρ
1429 2156 1511 2220 κοινά

257 2261 388 2345 αἰσθητὰ
415 2258 656 2344 συμπεπλεγμένα
682 2264 719 2342 πή
748 2264 807 2322 τῶν
834 2259 911 2322 ἰδίων
937 2259 1087 2344 αἰσθητῶν
1114 2261 1262 2347 ἀντιλήψει
1294 2259 1433 2345 μαρτῦρια
1459 2263 1509 2322 τοῦ

257 2368 301 2433 ῶς
325 2364 435 2427 ἐνῦλων
461 2362 558 2445 αὐτῶν
585 2360 675 2426 ὄντων
705 2363 759 2445 τὴν
787 2360 923 2444 αἴσθησιν
955 2363 1230 2448 ἀντιλαμβάνεσθαι·
1265 2362 1326 2446 ἅμα
1351 2361 1406 2446 γὰρ
1432 2385 1509 2447 χρω-

212 2482 244 2527 ευ
258 2468 360 2549 μάτων
383 2464 448 2551 ὄψις
470 2464 669 2548 αἰσθανομένη
691 2465 743 2528 σῦν
767 2462 850 2549 αῦτιγῖ
878 2466 925 2527 καί
950 2464 1092 2548 μεγέθους
1119 2467 1168 2529 καὶ
1190 2467 1343 2550 σχήματος
1365 2465 1412 2527 καί
1434 2465 1510 2548 κινή-

258 2591 335 2640 σεως
357 2594 376 2653 η
399 2569 521 2653 ἠρεμίας
548 2566 685 2651 αἴσθησιν
707 2568 863 2652 λαμβάνει,
894 2567 913 2630 ἀ
941 2568 1081 2652 μαρτύρια
1110 2573 1160 2631 τοῦ
1184 2569 1250 2651 περί
1274 2591 1300 2631 τι
1323 2567 1510 2649 ὑποκείμενον

259 2672 389 2736 εἶναιτὸ
412 2671 549 2756 χρῶμα),
576 2670 592 2733 δ
616 2671 648 2733 δὲ
670 2675 736 2739 νοῦς
763 2669 831 2732 οῦτε
853 2673 893 2739 ῶς
915 2671 969 2754 ῦλη
996 2671 1032 2734 τὰ
1054 2671 1117 2755 εἴδη
1140 2672 1296 2756 λαμβάνει,
1325 2669 1392 2734 οῦτε
1420 2673 1459 2739 ῶς
1481 2672 1510 2733 ἐν
1538 2686 1552 2728 ο

260 2777 317 2858 ῦλη
336 2773 412 2850 ,ὄντα
433 2775 482 2838 καὶ
504 2772 572 2856 μεθ’
600 2773 679 2857 ῦλης.
724 2770 786 2836 ἔστι
809 2773 842 2835 δέ
864 2774 896 2836 τὸ
921 2774 972 2856 μὲν
995 2776 1036 2843 ὡς
1063 2775 1132 2858 ῦλην
1155 2773 1231 2844 εἶδός
1254 2797 1281 2836 τι
1301 2773 1456 2858 λαμβάνειν
1477 2774 1509 2836 τδ

201 2949 221 3002 3
244 2945 377 3016 ίκάστοτε]
397 2962 424 2999 er
441 2946 500 2998 hert
516 2945 589 2996 nieht
607 2944 654 2996 eui
670 2960 702 2996 zu
808 2944 824 2996 5
849 2942 1024 3014 μνημονεύειν]
1043 2945 1085 2998 die
1105 2946 1319 3014 hufbewnhrung
1424 2944 1492 2997 ‘l—8
1516 2946 1564 2999 ἀπδ

203 3032 379 3105 -ἐμπιιρίας]
398 3036 441 3087 ein
454 3033 609 3100 Aulsleigen
627 3047 678 3084 ven
688 3031 774 3100 jenem
789 3033 963 3099 paniculhren
976 3034 1062 3101 Dinge
1079 3033 1111 3100 (B
1132 3033 1216 3085 addit:
1229 3031 1407 3097 bestimmten)
1420 3049 1452 3084 zu
1465 3032 1562 3086 diesem

202 3123 380 3192 allgemeinen
398 3122 483 3189 Dinge
505 3119 585 3172 durch
608 3119 650 3171 die
669 3118 787 3188 Priliung
805 3119 941 3186 (Versueh)
968 3120 1030 3172 und
1054 3120 1104 3173 die
1124 3120 1215 3172 Wehl
1288 3138 1292 3146 ·
1321 3120 1337 3171 8
1364 3118 1436 3172 τοῦδε
1452 3121 1499 3190 γὰρ
1517 3124 1563 3173 τοῦ

203 3210 297 3263 λευκοῦ
315 3194 360 3261 rel
378 3207 462 3276 τοῦδε]
481 3207 567 3260 dieses
584 3207 687 3260 Weiese
705 3206 760 3258 und
779 3206 863 3260 dieses
880 3208 984 3260 Weieee
1091 3208 1106 3259 9
1125 3205 1370 3277 ἐκ-ἀντιλήψεων]
1389 3207 1482 3259 danaus

207 3297 309 3351 11-12
333 3293 513 3366 ἥτις-ἐστιν]
532 3294 602 3347 diese
620 3293 822 3360 Allgemeinheit
839 3294 894 3346 und
913 3295 984 3348 dieee
1002 3295 1217 3362 thrnehmung
1236 3296 1306 3347 eines
1325 3294 1497 3363 allgemeinen
1515 3296 1563 3348 Be·

203 3385 302 3455 griffes,
322 3385 416 3437 welche
429 3380 584 3444 eialtfindet,
601 3395 677 3432 wenn
690 3381 732 3433 die
745 3382 883 3448 pertiellen
896 3381 1094 3451 Sinuesebjehte
1107 3382 1254 3449 rerglichen
1268 3380 1440 3450 (vorgeelellt)
1454 3382 1563 3448 werden,

204 3475 239 3526 iet
257 3475 317 3526 eine
336 3469 520 3524 intellectuelle
539 3467 707 3537 Vorstellung
725 3468 899 3536 (Abbildung)
994 3469 1024 3522 13
1043 3468 1092 3540 ήδη
1109 3468 1160 3521 hm.
1249 3468 1287 3538 δί]
1306 3470 1360 3522 und
1451 3469 1482 3521 16
1501 3469 1564 3538 λαμ-

204 3558 286 3629 βάνει]
305 3558 429 3612 eninehm
518 3555 550 3607 17
569 3555 615 3625 γάρ
634 3569 684 3607 em.
774 3554 804 3607 18
823 3555 1208 3626 συμπεπλεγμένα-ἀντιλήψει]
1227 3557 1260 3609 de
1278 3558 1333 3610 ihre
1351 3557 1564 3625 Wahrnehrnung

203 3648 246 3701 die
267 3647 482 3713 Wehrnehmung
499 3643 543 3696 der
561 3642 697 3695 einzelnen
716 3642 828 3696 sinnlieh
847 3644 1116 3712 Wahrgenemmenen
1135 3644 1350 3697 zusammeniasst
1448 3644 1478 3695 19
1497 3645 1563 3697 ἀντι-

203 3731 390 3804 λαμβάνεσθαι]
408 3732 631 3800 wehrgenemmen
650 3730 696 3781 het
809 3730 966 3803 χρωμάτων]
986 3732 1031 3784 der
1049 3732 1132 3785 Farbe
1245 3731 1348 3784 ‘ll—22
1366 3731 1562 3805 τοῦ-χρῶμα]

203 3823 266 3875 dees
285 3824 328 3874 die
347 3821 431 3873 Ferbe
450 3819 591 3872 hefindlich
610 3819 644 3870 ist
663 3835 697 3870 an
715 3819 799 3871 einern
818 3819 911 3887 [linge.
940 3817 1088 3886 [adnotatio
1106 3821 1155 3872 int.
1174 3799 1370 3889 eran.'1>.mg.:
1390 3835 1418 3873 so
1442 3821 1477 3873 im
1496 3821 1563 3888 grie·

203 3911 328 3963 chischen
342 3910 418 3973 Text,
436 3924 464 3960 ee
482 3922 553 3959 muse
573 3907 634 3959 eber
652 3907 762 3971 heissen,
781 3906 840 3959 dese
859 3907 951 3960 seine
964 3907 1219 3976 Wahrnehmnng
1237 3907 1281 3960 der
1293 3907 1377 3961 Ferbe
1396 3905 1494 3974 [dererh
1505 3908 1562 3960 seii

202 3999 284 4051 daher
301 3998 413 4061 kenne,
432 3994 509 4047 dese?
526 3992 673 4061 inselernl]
692 3995 731 4046 sie
749 3993 887 4047 befindlieh
906 3994 941 4047 ist
959 4010 993 4046 en
1011 3996 1095 4048 einem
1113 3995 1197 4063 Dinge
1315 3994 1443 4059 93-84,1
1473 3994 1562 4046 ἐστι-

201 4083 404 4155 λαμβανομίνῳ]
429 4098 503 4137 πευα
523 4082 568 4134 wir
586 4097 666 4148 engen
694 4080 755 4144 ,dee
774 4082 937 4135 Entnehmen
961 4081 1005 4134 der
1024 4082 1134 4134 Formen
1157 4080 1204 4134 eui
1224 4082 1281 4136 dem
1301 4083 1384 4151 Wege
1407 4081 1452 4134 der
1471 4080 1563 4148 Hyle“,

202 4189 232 4225 so
252 4174 359 4225 melnen
376 4172 431 4236 wir,
450 4171 511 4222 dass
529 4169 574 4221 der
593 4169 788 4221 Entnehmende
806 4169 872 4236 Hyle
890 4168 936 4222 des
954 4168 1161 4222 linlnonrrnenen
1178 4169 1242 4222 wird

204 4314 217 4364 l
237 4311 283 4363 τὸν
296 4310 324 4362 δί
335 4307 495 4382 θεωρητικὸν
507 4306 576 4377 κτλ]
596 4309 670 4376 plura
687 4312 749 4363 ente
767 4310 831 4363 haec
848 4312 928 4364 verbe
945 4309 1074 4364 exeidiese
1091 4315 1174 4378 patet,
1192 4325 1259 4378 quae
1277 4325 1311 4361 ex
1328 4309 1448 4377 vestigiis
1466 4309 1496 4361 in
1514 4309 1563 4362 int.

200 4399 275 4452 hebr.
295 4399 406 4450 serratis
423 4396 559 4449 restituere
578 4397 642 4449 mihi
660 4412 714 4449 nen
733 4397 853 4465 contigit.
885 4397 1053 4450 hortantum
1072 4413 1165 4451 moneo
1183 4397 1266 4451 videri
1284 4396 1379 4465 legisse
1396 4397 1509 4449 Arehem
1528 4395 1563 4448 δι-

201 4484 343 4542 δασκαλίας
360 4485 415 4548 (καὶ
426 4482 569 4553 ἀσκήσεως)
587 4488 613 4536 et
631 4485 717 4537 verbis
734 4483 777 4535 τὸν
790 4483 816 4536 δὲ
829 4482 1160 4558 θεωρητικὸν-θεωρητῶν
1178 4484 1343 4554 respondisse
1362 4483 1422 4536 elim
1441 4483 1493 4536 tele
1511 4482 1563 4536 lere

201 4574 383 4627 enuntiatum:
402 4571 446 4623 τὸν
459 4573 504 4639 μίν
522 4570 661 4641 πρακτικὸν
680 4571 710 4622 ἐκ
722 4575 768 4641 τῆς
786 4576 839 4623 τῶν
851 4578 973 4633 πρακτῶν
992 4571 1036 4640 [an
1055 4579 1108 4626 τῶν
1122 4570 1267 4626 καθέκαστα
1284 4572 1349 4640 legit
1362 4568 1476 4639 Arabs?]
1495 4587 1563 4623 συνε-

201 4665 266 4732 χοῦς
278 4660 395 4729 κρίσεως,
413 4658 482 4728 qnod
500 4657 628 4726 quomode
642 4673 700 4710 eum
719 4659 804 4712 verbis
822 4657 852 4730 ής
864 4658 1111 4731 γίνεται-ἐνεργείας
1129 4660 1341 4729 coniungendum
1354 4661 1398 4725 sit,
1415 4673 1470 4711 nen
1487 4659 1562 4711 video

201 4746 367 4818 (αἰσθήσεις
385 4748 409 4800 V
514 4742 714 4815 ῦμνημονιῦειν
732 4742 850 4815 ἐθίζεται]
870 4747 902 4800 ef.
922 4749 981 4812 68,9
1082 4746 1173 4799 ’ἰτόδε
1190 4766 1218 4800 τε
1237 4748 1271 4800 V:
1290 4746 1348 4800 τάδε
1366 4763 1390 4799 ο.
1426 4746 1465 4799 Cf.
1483 4744 1562 4810 87‚15
1636 4753 1641 4767 '

201 4836 242 4889 ῦιῦ
260 4837 290 4889 οῦ
308 4835 390 4901 τοῦδε,
408 4833 473 4887 ἀλλά
490 4832 595 4897 τοιοῦδε,
614 4835 657 4885 καὶ
675 4830 705 4884 οῦ
722 4836 768 4885 τοῦ
786 4831 941 4900 καθέκαστα,
959 4833 1022 4887 ἀλλά
1040 4840 1085 4887 τοῦ
1104 4833 1216 4889 καθόλου
1307 4833 1364 4886 τάδε
1383 4833 1448 4900 (non
1465 4831 1561 4900 τυῦδι)]

204 4924 239 4979 τί.
260 4924 337 4987 16,13
434 4922 464 4974 19
483 4921 564 4975 ὄντων
581 4918 666 4973 αὐτῶν
684 4919 725 4972 lle
818 4921 926 4976 fortasse
945 4921 1081 4994 χρώματος
1098 4924 1130 4975 el.
1148 4921 1178 4975 τὸ
1196 4926 1288 4994 χρῶμα
1307 4920 1364 4988 (92)
1382 4925 1408 4975 et
1426 4922 1473 4973 int.
1490 4920 1562 4973 hebr.

1313 5008 1361 5072 sse·
