3540 5610
202 303 263 367 166
644 302 873 363 ΑΛΕΞΑΝΔΡΟΥ
892 301 1117 360 ΑΦΡΟΔΙΣΙΕΩΣ

255 474 307 556 τὴν
331 476 396 558 περὶ
418 480 470 558 τῆς
492 476 668 560 εἱμαρμένης
690 475 774 554 δόξαν
798 477 1019 561 μεταφέρουσιν.
1065 477 1129 541 ὅσοι
1152 477 1274 561 μὲνγὰρ
1297 477 1395 540 αὐτῶν
1419 478 1515 540 πάντα
1527 496 1555 539 ιε

255 576 324 639 καθ’
352 578 527 661 εἱμαρμένην
550 579 680 660 γίνεσθαι
702 578 844 659 λέγουσιν,
866 581 919 663 τὴν
935 579 1112 663 εἱμαρμένην
1129 580 1382 663 ὑπολαμβάνουσιν
1397 580 1512 663 ἀπαρά-

256 679 341 763 βατόν
364 704 425 742 τινα
448 681 539 743 αἰτίαν
563 680 635 743 εἶναι
662 681 710 743 καὶ
734 680 960 765 ἀναπόδραστυν,
994 683 1050 745 εἰσί
1073 681 1099 745 δ’
1132 682 1176 751 οἱς
1205 681 1239 744 οῦ
1262 683 1355 744 πάντα
1378 682 1414 745 τὰ
1437 682 1511 765 γινό·

256 805 328 862 μενοι
349 782 479 863 γίνεσὶλαι
501 785 583 844 δοκεῖ
603 779 669 845 καθ’
691 783 879 867 εἱμαρμένην,
904 781 968 845 ἀλλ’
997 782 1071 846 εἰναὶ
1089 807 1167 853 τινας
1183 784 1436 868 ὑπολαμβάνουσιν
1452 791 1511 847 τῶν
1524 802 1552 844 su

218 903 233 951 5
252 883 410 964 γινομένων
427 885 474 945 καὶ
490 882 580 952 ἀλλας
595 885 700 952 αίτίας·
726 883 790 946 ἀλλ’
818 883 886 946 οὐδὲ
909 885 960 968 τὴν
984 885 1161 969 εἱμαρμένην
1184 885 1275 968 αὐτὴν
1297 887 1330 948 τδ
1353 885 1457 968 πάγιόν
1480 910 1512 950 τε

255 986 302 1048 καί
326 986 512 1070 ἀπαράβατον
536 983 614 1069 ἔχειν
637 986 774 1062 τίθενται,
797 985 873 1048 ἀλλά
894 987 1027 1068 γίνεσθαί
1046 1010 1109 1049 τινα
1131 989 1179 1050 καί
1201 986 1343 1052 τῶνκαθ’
1371 988 1511 1072 εἱμαρμέ-

257 1110 308 1170 νην
331 1087 460 1168 γὶνεσὺαι
483 1086 656 1171 πεφυκότων
680 1087 714 1150 οδ
738 1085 800 1151 κατ’
828 1087 928 1171 αὑτήν,
952 1088 1027 1151 ἀλλὰ
1050 1087 1128 1172 παρὰ
1152 1093 1263 1173 μοῖραν,
1286 1093 1327 1159 ὡς
1349 1091 1377 1152 οἱ
1394 1091 1515 1174 ποιηταί

255 1212 352 1273 φασιν,
375 1192 422 1252 καὶ
446 1191 524 1273 παρὰ
547 1191 598 1272 τὴν
619 1190 806 1275 εἱμαρμένην.
851 1188 912 1254 ἔστι
934 1189 960 1253 δ’
984 1191 1027 1260 οἷς
1049 1192 1119 1254 ποτὲ
1134 1193 1227 1254 πάντα
1242 1192 1372 1274 γίνεσθαι
1386 1191 1423 1254 τά
1437 1193 1512 1274 γινό-
1525 1210 1553 1253 ss

257 1315 329 1374 μενα
351 1294 432 1354 δοκεῖ
459 1291 525 1355 καθ’
557 1293 735 1376 εἱμαρμένην
763 1293 810 1354 καὶ
839 1291 952 1372 μάλιστ’
987 1291 1021 1355 ἀν
1048 1292 1147 1362 αὑτοῖς
1173 1293 1209 1356 τά
1240 1298 1293 1378 τῆς
1318 1295 1411 1379 τύχης
1437 1295 1511 1358 ἀντι-

205 1415 235 1461 ιο
254 1395 355 1477 πίπτη,
377 1397 585 1478 κατορθοῦντες
608 1395 640 1457 δὲ
657 1395 687 1456 ἐν
708 1398 766 1462 τοῖς
788 1394 988 1477 προκειμένοις
1003 1394 1108 1463 αὑτοὺς
1123 1396 1233 1464 αἰτίους
1247 1395 1320 1459 εἰναι
1335 1401 1393 1459 τιῖιν
1409 1420 1510 1480 κατορ-

256 1499 403 1579 ἱὶωμάτων
438 1496 702 1579 ὑπολαμβάνουσιν,
737 1499 778 1565 ιὺς
808 1497 861 1560 οὑκ
890 1495 924 1559 ἀν
953 1497 1179 1580 ἀπαντησάντων
1201 1503 1260 1561 τῶν
1288 1498 1510 1581 ἀπηντηκότων,
1524 1518 1554 1561 ευ

253 1600 279 1661 εἰ
304 1601 343 1682 μὴ
367 1599 447 1661 αὐτοὶ
471 1601 540 1661 τάδε
562 1601 670 1681 μᾶλλον
692 1597 816 1683 ἔπραξαν
833 1599 894 1661 ἀντὶ
910 1601 1012 1673 τῶνδε,
1036 1603 1076 1670 ὡς
1092 1597 1210 1685 ἔχοντες
1225 1600 1273 1663 καί
1288 1604 1339 1663 τοῦ
1357 1601 1398 1683 μὴ
1422 1602 1510 1682 πράτ-

242 1725 311 1764 τειν
335 1701 407 1764 αῦτά
431 1702 482 1783 τἠν
506 1701 644 1769 ἐξουσίαν.
694 1698 729 1763 δι’
758 1701 793 1784 ἣν
816 1701 975 1785 διαφωνίαν
999 1703 1141 1784 ἀναγκαία
1167 1707 1227 1771 τοῖς
1253 1705 1463 1786 φιλοσοφοῦσιν
1491 1726 1510 1785 η

257 1806 377 1887 ζήτησις
399 1805 417 1886 ἡ
441 1805 506 1886 περί
529 1809 580 1886 της
602 1803 791 1887 εἱμαρμένης,
814 1802 866 1866 οὑκ
888 1805 915 1866 εί
937 1802 1024 1877 ἔστιν,
1047 1804 1122 1868 ἀλλά
1145 1805 1174 1867 τί
1199 1802 1264 1867 ποτ’
1296 1804 1373 1868 ἐστὶν
1402 1805 1451 1866 καί
1478 1803 1509 1865 ἐν

204 1927 234 1974 15
253 1907 323 1969 τίσιν
348 1913 404 1968 τῶν
432 1905 587 1988 γινομένων
614 1929 645 1967 τε
672 1907 719 1969 καὶ
748 1904 838 1968 ὄντων
866 1907 942 1969 ἐστίν
970 1931 988 1989 η
1016 1908 1136 1990 τοιαὺτη
1164 1907 1258 1992 φὺσις.
1303 1906 1348 1969 ότι
1375 1908 1428 1989 μὲν
1455 1904 1544 1969 οὑν8
1571 1914 1608 1965 lii

258 2010 350 2072 αἰτίαν
373 2007 435 2070 τινά
457 2009 509 2090 τὴν
533 2007 709 2090 εἱμαρμένην
737 2013 798 2076 τοῖς
823 2008 981 2092 γινομένοις
1010 2006 1074 2094 [ὧν]
1101 2008 1174 2071 εἰναι
1200 2009 1332 2090 λέγουσιν
1349 2010 1454 2077 πάντες
1482 2011 1509 2071 οἱ

256 2114 320 2196 περὶ
337 2111 512 2194 εἱμαρμένης
528 2110 658 2192 λέγοντές
680 2134 716 2177 τι,
739 2113 881 2193 γνώριμον
904 2110 1023 2192 (ταὺτην
1038 2111 1093 2194 γὰρ
1109 2110 1298 2174 ἀποδιδόασίν
1313 2134 1345 2173 τε
1360 2112 1409 2173 καί
1422 2131 1509 2194 φασιν

254 2216 347 2278 αἰτίαν
362 2213 434 2275 εἶναι
450 2218 501 2275 τοῦ
516 2213 645 2294 γίνεσθαι
668 2212 704 2274 τά
726 2214 860 2294 γινόμενα
885 2211 916 2274 δν
932 2212 1037 2295 τρόπον
1053 2213 1186 2296 γίνεται),
1208 2215 1274 2276 ’ἐπεὶ
1290 2213 1322 2276 δὲ
1337 2216 1509 2297 πλεοναχῶς
1537 2230 1552 2272 ⁵

256 2317 371 2398 λέγεται
394 2316 430 2378 τά
453 2315 541 2387 αἱτια,
565 2315 719 2397 ἀναγκαῖον
750 2319 809 2382 τοῖς
832 2315 862 2377 ἐν
885 2315 962 2383 τάξει
986 2317 1018 2377 τὸ
1040 2315 1197 2400 πρόβλημα
1221 2320 1366 2398 μετιοῦσιν
1394 2321 1510 2400 πρῶτον

200 2439 233 2485 νο
252 2420 360 2500 λαβεῖν,
393 2418 448 2479 ὑπὸ
472 2417 533 2479 τίνα
561 2417 666 2500 τρόπον
694 2422 752 2479 τῶν
779 2418 877 2479 αἰτίων
901 2419 960 2501 χρὴ
990 2416 1099 2480 ειδέναι
1126 2418 1178 2500 τὴν
1207 2417 1397 2501 εἱμαρμένην·
1428 2417 1512 2481 οὐδὲν

252 2521 307 2605 γάρ
330 2525 387 2582 τῶν
411 2522 570 2603 πολλαχῶς
592 2519 756 2601 λεγομένων
779 2521 922 2602 γνώριμον
946 2520 1039 2603 χωρὶς
1060 2524 1112 2603 τῆς
1127 2520 1233 2589 αἰκείας
1249 2519 1418 2603 διαιρέσεως
1432 2521 1511 2602 λεγό-

254 2647 348 2706 μενον.
395 2623 543 2706 διαιρεῖται
564 2623 599 2704 δὴ
616 2622 652 2684 τὰ
673 2626 731 2684 τῶν
747 2622 904 2705 γινομένων
929 2621 1006 2684 αίτια
1027 2622 1068 2689 είς
1091 2622 1215 2705 τρόπους
1236 2622 1335 2685 αἰτίων
1357 2622 1511 2705 τέσσαρας,
1527 2641 1554 2682 ιο

254 2724 354 2792 καὶἰὼς
378 2720 492 2808 [αἰτίας]
506 2722 713 2808 Ἀριστοτέλης
735 2724 874 2808 δέδειχεν.
913 2724 1040 2807 τῶνγὰρ
1056 2724 1154 2786 αἰτίων
1169 2723 1205 2786 τὰ
1221 2723 1273 2805 μέν
1289 2723 1350 2788 ἐστι
1365 2729 1512 2808 ποιητικά,

253 2827 288 2889 τά
312 2828 344 2888 δὲ
367 2827 437 2909 ὑλης
459 2826 561 2910 ἐπέχει
583 2825 678 2907 λόγον,
701 2825 762 2890 ἔστι
785 2826 817 2889 δέ
832 2849 873 2896 τις
896 2826 926 2888 ἐν
943 2825 1103 2893 αὐτοῖςκαὶ
1126 2848 1145 2908 η
1168 2827 1242 2889 κατά
1264 2827 1297 2889 τδ
1320 2824 1397 2895 εἰδος
1419 2827 1511 2889 αἰτία·

204 2951 236 2998 25
257 2929 334 3012 παρὰ
358 2930 390 2992 δὲ
413 2928 463 2997 τάς
487 2933 561 3011 τρεῖς
585 2928 690 2997 ταὺτας
711 2929 804 2997 αἰτίας
826 2928 903 2991 ἐστὶν
927 2927 1016 2990 αἴτιον
1040 2927 1069 2989 ἐν
1093 2928 1191 2995 αὑτοῖς
1220 2929 1268 2990 καί
1293 2929 1326 2991 τδ
1355 2928 1448 3002 τέλος,
1479 2928 1513 2993 οὑ
1529 2948 1554 2989 ιε

258 3035 343 3117 χάριν
366 3032 414 3093 καὶ
437 3031 469 3092 τδ
492 3030 639 3112 γινόμενον
662 3031 777 3111 γίνεται.
821 3032 869 3093 καί
891 3035 1027 3093 τοσαῦται
1051 3031 1102 3112 μὲν
1125 3030 1154 3093 αἱ
1177 3034 1236 3122 τῶν
1251 3030 1350 3092 αἰτίων
1366 3032 1512 3114 διαφοραί.

259 3134 303 3196 δτι
334 3133 389 3216 γὰρ
425 3130 458 3194 ἀν
491 3130 580 3194 αἴτιον
607 3130 627 3214 ᾗ
656 3155 744 3209 τινος,
775 3133 830 3195 ὑπὸ
854 3132 962 3195 ταὺτων
986 3157 1011 3195 τι
1039 3138 1097 3194 τῶν
1125 3133 1223 3195 αἰτίων
1251 3131 1282 3196 δν
1309 3132 1512 3217 εὑρεθήσεται.

261 3237 308 3299 καί
335 3235 389 3317 γὰρ
417 3236 442 3296 εἰ
469 3235 511 3317 μὴ
537 3235 631 3296 πάντα
658 3235 693 3297 τά
720 3234 854 3316 γινόμενα
881 3234 1026 3298 τοσούτων
1055 3235 1154 3298 αἰτίων
1183 3236 1283 3310 δεῖται,
1317 3235 1392 3298 ἀλλὰ
1419 3237 1457 3298 τά
1481 3259 1515 3318 γε

260 3339 400 3401 πλείστων
424 3335 549 3420 δεόμενα
571 3336 627 3421 οἰιχ
650 3337 815 3421 ὑπερβαίνει
830 3338 879 3399 τδν
896 3338 1020 3420 ἀριὺμδν
1037 3338 1085 3400 τδν
1101 3337 1262 3423 εἰρημένον.
1307 3337 1515 3422 γνωριμωτέρα
1528 3357 1556 3399 su

206 3526 608 3539 ———-—-—·————·-

206 3662 313 3714 4δυκεῖ
335 3659 443 3728 γίνεσθαι
462 3660 489 3711 υ1
612 3657 704 3710 :issue
724 3659 788 3711 s¹Oz
817 3659 847 3710 οὑ
866 3657 900 3710 8²:
925 3647 981 3712 υὺδί
1000 3660 1038 3712 sie
1057 3663 1081 3708 V
1205 3656 1296 3712 7sst'
1316 3660 1396 3728 αὑτὴν
1414 3663 1475 3713 Vs¹2
1504 3662 1569 3713 κατὰ

207 3748 304 3816 ταὺτην
323 3746 350 3797 s‘·'
470 3745 666 3816 ὑείμαρμίνην]
689 3764 721 3816 ην
741 3746 768 3797 in
788 3745 826 3797 lit.
846 3750 869 3797 V
988 3746 1068 3816 τὺχης
1086 3750 1175 3814 (supra
1192 3764 1224 3798 τυ
1242 3749 1291 3811 lii.)
1310 3753 1342 3799 V:
1361 3750 1449 3819 ψυχῆς
1467 3748 1503 3800 αδ
1522 3749 1569 3817 ψυ·

208 3843 263 3904 χοῖς
281 3838 305 3886 K
416 3832 445 3883 12
473 3832 580 3903 ἔπραξαν
599 3848 649 3884 em.
668 3835 694 3884 s¹
805 3834 835 3884 11
864 3834 950 3903 bem.
969 3833 997 3884 εἰ
1106 3834 1136 3886 15
1165 3851 1192 3885 τε
1211 3832 1353 3887 καὶδντων
1373 3839 1466 3889 om.0

207 3921 289 3974 τοιάδε
309 3923 335 3972 e¹
443 3918 486 3971 οὑν
506 3924 597 3973 om.O
709 3921 738 3972 16
758 3920 794 3972 ὧν
814 3920 862 3971 del.
882 3920 919 3972 V*
1028 3920 1058 3972 17
1077 3919 1116 3987 τε]
1135 3939 1159 3972 τι
1177 3922 1212 3971 V¹
1233 3925 1306 3984 (corr.
1327 3921 1373 3986 V')
1485 3922 1569 3991 1811-

207 4027 274 4061 νεται
292 4007 365 4059 V²e¹z
384 4005 493 4074 γίνεσθαι
511 4006 577 4057 V¹u²
686 4009 716 4058 19
744 4008 775 4059 τά
797 4008 863 4059 αἱτια
888 4023 938 4059 em.
962 4008 988 4059 αἱ
1096 4012 1198 4078 πρῶτον
1218 4007 1289 4060 V²u¹t
1308 4010 1412 4079 πρώτην
1434 4008 1499 4061 V¹s’

208 4096 241 4147 22
269 4095 313 4163 δὴ]
337 4094 363 4146 δὲ
386 4094 492 4145 Eusebii
516 4094 585 4160 vulg.
605 4098 628 4147 Ο
718 4094 987 4164 διαιρεῖται-τιθέναι
1006 4095 1052 4164 την
1070 4095 1222 4164 εἱμαρμένην
1235 4093 1346 4164 (169,3)]
1365 4094 1461 4148 Euseb.
1481 4111 1568 4164 praep.

208 4199 248 4233 ev.
267 4182 311 4243 Vi,
329 4179 353 4231 9.
372 4180 455 4231 1-ἱὺ
484 4179 660 4233 essu-270²>
771 4181 862 4238 τόπους
881 4182 938 4235 Ces.
958 4181 1040 4233 Lond.
1153 4183 1241 4234 αἰτιῶν
1261 4182 1390 4236 Eusebius
1408 4181 1493 4234 Lond.
1512 4185 1535 4237 0

208 4267 242 4318 ‘23
262 4264 350 4322 καθὼς
361 4266 432 4317 V²u¹2
452 4265 543 4317 καδὼτ
561 4267 642 4319 αἰτὶασ
654 4269 694 4318 V¹=
714 4263 772 4319 καθ’
787 4268 816 4325 ἃς
833 4267 914 4325 αἰτίας
926 4269 961 4319 ⁸²:
981 4265 1071 4325 καδὼτ
1083 4267 1096 4320 δ
1110 4266 1176 4326 θεῖος
1189 4269 1318 4322 Eusebius
1328 4268 1410 4321 Lond.
1423 4272 1445 4322 0
1460 4269 1572 4322 fortasse

209 4362 288 4406 recte:
311 4351 399 4410 καθὼς
422 4351 488 4410 ὑεῖος
512 4352 570 4404 Ces.
712 4354 833 4427 δέδειχεν]
856 4354 888 4407 ci.
914 4357 993 4406 Arist.
1012 4356 1125 4423 iieieph.
1145 4356 1163 4418 1,
1177 4355 1203 4406 3.
1222 4353 1330 4408 983123
1345 4371 1402 4422 sqq.

208 4440 300 4508 ποιητὰ
325 4439 429 4491 Eusebii
459 4455 517 4505 pers
541 4438 663 4491 librorum
800 4442 833 4492 24
863 4441 985 4513 ἐπέχοντα
1007 4440 1112 4494 Eusebii
1137 4442 1206 4510 vulg.
1331 4441 1360 4493 τὸ
1386 4458 1436 4493 om.
1461 4443 1570 4497 Eusebii

209 4542 235 4593 ρ.
249 4526 265 4577 1.
396 4525 429 4577 25
457 4527 501 4582 τὰς
520 4541 569 4576 om.
590 4526 647 4578 Ces.
778 4528 803 4579 ἰν
828 4527 912 4584 αὑτοῖς
935 4527 1012 4579 αἱτιον
1036 4528 1165 4580 Eusebius
1308 4527 1340 4581 25
1360 4536 1387 4581 st
1405 4528 1439 4582 26
1466 4530 1497 4582 τὸ
1520 4546 1571 4582 em.

210 4613 338 4664 Eusebius
481 4612 514 4663 ‘26
543 4614 568 4664 αἱ
592 4619 644 4664 τῶν
670 4629 718 4666 um.
740 4615 844 4667 Eusebii
871 4632 895 4682 p.
910 4615 926 4666 l.
1069 4614 1102 4666 27
1131 4633 1154 4666 τι
1178 4613 1276 4667 ταὺτων
1300 4614 1430 4668 Eusebius

211 4698 239 4750 δν
257 4701 285 4750 αἱ
391 4699 423 4750 28
443 4700 490 4768 μὴ]
510 4701 553 4750 καὶ
572 4701 606 4750 3²
630 4710 633 4716 '
713 4701 830 4770 γινόμενά
849 4718 885 4758 τις
904 4701 1032 4770 σκέψαιτο,
1052 4701 1150 4772 εὑρήσει
1168 4702 1216 4774 οὑχ
1227 4702 1263 4754 B'
1368 4703 1411 4756 ⁸28.
1431 4702 1464 4754 29
1483 4703 1571 4755 τυσοὺ·

210 4805 261 4838 των
269 4816 298 4823 -·
307 4785 412 4853 δεόμενα
432 4786 560 4839 Eusebius
580 4788 620 4850 (τὰ
639 4786 665 4838 δὲ
684 4789 758 4854 ρ,1.);
778 4803 826 4839 um.
840 4789 928 4856 (signu
946 4789 974 4840 iu
995 4805 1043 4857 ing.
1066 4789 1185 4857 adposito
1198 4790 1231 4857 V)
1251 4789 1325 4842 codd.
1338 4788 1378 4842 ⁸¹²
1474 4789 1508 4841 29
1527 4789 1572 4842 τὸν

211 4873 256 4942 εἰρ.
276 4871 314 4942 ἀρ.
334 4872 464 4925 Eusebius
