3540 5610
660 315 739 372 ΠΕΡΙ
759 313 994 372 θΙλῙλΡΜΕΝΗΣ
1013 318 1113 370 '29-31
1505 317 1566 381 201

257 489 361 556 αύτούς
396 493 423 553 οῖ
459 492 523 555 θεοὶ
555 494 776 575 πρυγινώσκυιεν
793 492 845 554 ’τά
880 493 1029 574 μέλλοντα.
1075 492 1152 554 ὥστε
1175 492 1222 552 καὶ
1244 490 1325 553 αὐτοὶ
1348 492 1399 573 τὴν
1422 490 1513 573 αὐτὴν

258 593 417 676 ἀδυναμίαν
440 597 500 661 τοῖς
534 595 612 663 θεοῖς
634 595 839 677 φυλάσσουσιν,
873 593 905 657 εί
922 617 954 676 γε
984 593 1047 657 κατ’
1076 594 1234 676 ἀδυναμίαν
1268 595 1327 676 χρὴ
1355 595 1402 655 καὶ
1427 591 1514 656 ἀσθέ·
1529 610 1555 651 ιυ

260 718 336 759 νειαν
371 696 462 777 λέγειν
497 696 626 777 γίνεσθαι
654 698 687 758 τδ
715 696 751 758 τὰ
784 697 911 759 ἀδύνατα
945 698 984 779 μὴ
1020 697 1170 759 δύνασθαι.
1226 697 1260 759 ού
1295 697 1330 778 δὴ
1365 701 1407 779 τῷ
1442 695 1513 756 θείω

261 798 349 861 πλέον
371 822 398 860 τι
430 798 572 861 δύνασθαι
595 799 642 862 διά
664 803 718 881 τῆς
751 800 938 883 προρρήσεως
965 799 1150 870 ἀνάπτουσιν,
1184 797 1258 860 ἀλλά
1281 798 1328 859 διὰ
1356 802 1406 860 τοῦ
1429 817 1514 879 προσ·

224 902 415 984 υλαμβάνειν
437 905 522 964 τοῦτο
555 902 607 984 τὴν
638 902 723 984 φύσιν
746 903 798 984 τὴν
820 908 879 965 τῶν
910 904 1086 986 πραγμάτων
1120 900 1253 983 τοιαύτην
1280 902 1443 982 εἰσάγουσιν
1466 897 1514 960 ού-

259 1005 360 1086 δαμῶς
394 1003 545 1067 ἀκόλουθα
579 1005 627 1067 καὶ
654 1005 772 1088 συνῳδὰ
800 1009 857 1073 τοῖς
889 1005 1047 1088 γινομένοις
1069 1027 1100 1065 τε
1133 1004 1180 1066 καὶ
1203 1003 1350 1086 ἐναργέσιν
1373 1002 1512 1083 λέγοντες.
1530 1019 1555 1061 ιτ

260 1106 354 1189 τούτῳ
376 1105 430 1190 γάρ
453 1106 701 1191 προσχρωμένους
723 1106 835 1170 ἐνέσται
868 1109 962 1169 πάντα
992 1107 1026 1169 τὰ
1056 1106 1183 1169 ἀδύνατα
1209 1103 1345 1188 <δυνατά>
1373 1105 1514 1167 δεικνύναι

261 1213 304 1291 τῷ
332 1206 450 1291 εὔλογον
479 1208 551 1273 εἶναι
580 1210 620 1292 μὴ
653 1209 766 1291 ἀγνοεῖν
789 1208 864 1272 αῦτά
896 1210 963 1278 τοὺς
993 1209 1089 1277 θεούς.
1134 1209 1250 1271 δύναται
1276 1210 1330 1291 γάρ
1353 1231 1393 1275 τις
1416 1209 1513 1291 λαβὼν

261 1311 295 1371 τὸ
331 1309 438 1373 ἀτοπυν
473 1310 547 1374 εἶναι
583 1312 650 1379 τοὺς
688 1311 774 1380 θεοὺς
808 1311 849 1393 μὴ
882 1309 987 1374 εἰδέναι
1020 1313 1052 1374 τό
1086 1311 1204 1392 ἄπειρον
1237 1312 1336 1372 πόσων
1369 1309 1430 1372 ἐστὶ
1464 1309 1514 1391 με’-

209 1431 241 1477 10
259 1434 345 1494 τρων,
379 1411 503 1494 θέμενος
536 1417 619 1476 τοῦτο
651 1413 881 1496 προσλαμβάνειν
914 1414 946 1476 τὸ
981 1415 1100 1476 δυνατὸν
1135 1413 1207 1475 εῖναι
1239 1414 1454 1493 γιγνώσκεσθαι
1480 1413 1513 1474 τδ
1527 1429 1555 1470 ευ

260 1513 378 1597 ἄπειρον
400 1512 500 1576 πόσων
523 1513 583 1578 ἐστὶ
608 1516 730 1600 μέτρων.
768 1516 795 1577 εί
817 1517 849 1578 δὲ
865 1519 959 1591 τοῦτο,
982 1516 1101 1578 δυνατὸν
1117 1514 1236 1578 εἶναιτὸ
1253 1515 1371 1597 ἀπειρον
1391 1511 1513 1597 ώρισμέ-

127 1661 149 1723 η
259 1639 317 1679 νων
338 1621 422 1679 τινῶν
447 1616 570 1700 μέτρων.
614 1618 641 1680 εἰ
663 1616 718 1700 γάρ
752 1619 793 1699 μὴ
816 1616 862 1700 ἦν,
885 1617 946 1681 οὐδ’
976 1619 1010 1681 ἀν
1039 1620 1066 1680 οἱ
1099 1618 1163 1680 θεοὶ
1186 1616 1294 1700 ᾔδεσαν
1318 1616 1389 1679 αύτδ
1412 1614 1513 1676 πόσων

260 1718 322 1782 ἐστλ
346 1718 468 1803 μέτρων.
506 1719 571 1781 ἐπεὶ
593 1719 636 1794 δέ,
659 1721 739 1782 εἰτὸ
763 1723 968 1804 προγινώσκειν
993 1721 1027 1783 τά
1052 1721 1194 1803 μέλλοντά
1210 1720 1270 1782 ἐστι
1292 1721 1325 1781 τὸ
1341 1719 1429 1782 όποῖά
1452 1717 1512 1778 ἐστι
1526 1733 1553 1774 ευ

259 1825 377 1885 τοιαῦτα
398 1820 473 1884 αὐτὰ
494 1822 640 1904 γνωρίζειν
664 1819 734 1883 ὄντα
756 1822 843 1904 (ἀλλο
867 1823 921 1907 γάρ
944 1825 976 1886 τὸ
999 1826 1205 1907 προγινώσκειν
1229 1826 1279 1884 τοῦ
1295 1820 1403 1902 ποιεῖν)
1424 1821 1512 1901 δῆλον

208 1943 239 1990 15
259 1922 303 1985 ότι
334 1922 376 2007 <ό>
405 1923 441 1986 τό
470 1922 648 2008 ἐνδεχόμενα
676 1928 883 2006 προγινώσκων
911 1929 952 1993 ὡς
984 1931 1101 1988 τοιαῦτα
1135 1928 1342 2008 προγνώσετοιι.
1395 1921 1429 1984 οὐ
1458 1920 1512 2002 γάρ

259 2025 419 2108 πρόγνωσις
434 2025 467 2087 τό
482 2025 516 2087 τό
531 2024 722 2110 ἐνδεχόμενον
740 2030 781 2094 ὡς
792 2026 930 2110 ἐσόμενον
944 2028 1106 2108 ἀναγκαίως
1118 2026 1238 2090 ἔσεσθαι
1249 2027 1351 2107 λέγειν.
1375 2023 1513 2087 ὥστεκαὶ

256 2129 284 2189 οἱ
302 2128 364 2190 θεολ
388 2128 424 2190 τά
446 2127 623 2211 ἐνδεχόμενα
646 2127 682 2191 ἀν
698 2131 738 2196 ὡς
754 2128 932 2212 ἐνδεχόμενα
949 2132 1199 2212 προγιγνώσκοιεν,
1223 2124 1248 2214 ιβ
1267 2129 1301 2191 οῦ
1317 2130 1432 2194 πάντως
1448 2126 1513 2187 ἀκο·
1525 2141 1554 2182 νυ

258 2231 399 2312 λυυθήσει
422 2230 455 2292 τὸ
479 2230 633 2311 ἀναγκαῖον
668 2231 716 2294 διά
738 2233 790 2314 τὴν
824 2232 959 2313 τοιαύτην
983 2232 1154 2316 πρόγνωσιν.
1199 2233 1292 2299 οὕτως
1318 2230 1419 2293 δὲκαὶ
1443 2250 1512 2311 προ-

256 2333 401 2413 λεγόντων
424 2333 578 2415 ἀκυύυμεν.
623 2335 650 2395 οἱ
673 2334 727 2418 γάρ
751 2332 824 2415 μετὰ
846 2337 897 2395 τοῦ
921 2335 1128 2418 συμβουλεύειν
1158 2335 1220 2397 τινά
1243 2334 1391 2417 αἱρεῖσθαί
1411 2354 1441 2394 τε
1464 2329 1513 2392 καὶ

202 2455 237 2501 20
257 2438 390 2519 πράττειν
414 2435 434 2498 ἃ
456 2436 516 2520 χρὴ
539 2434 727 2519 προλέγοντες
749 2434 807 2518 οῦχ
830 2439 871 2503 ιὐς
892 2435 923 2504 ἐξ
945 2436 1093 2521 ἀνάγκηςξ
1118 2436 1266 2519 ἐσομένων
1290 2436 1354 2519 περλ
1377 2435 1418 2495 ὧν
1441 2454 1510 2514 προ·
1530 2436 1564 2491 θθ

257 2538 387 2618 λέγουσιν
403 2535 569 2620 (λέγουσιν).
607 2537 736 2601 καθόλου
752 2539 785 2599 δὲ
800 2539 827 2599 εἰ
843 2538 895 2618 μὲν
911 2540 1004 2601 πάντα
1020 2545 1080 2607 τοῖς
1096 2544 1174 2608 θεοῖς
1190 2541 1296 2602 δυνατά
1318 2559 1405 2622 φασιν
1428 2534 1511 2608 εἶναι,

259 2637 339 2703 ἔσται
356 2640 388 2703 δὲ
411 2641 459 2703 καὶ
475 2639 511 2702 τά
526 2640 653 2702 ἀδύνατα
669 2639 789 2708 ἐκείνοις
804 2642 920 2714 δυνατά,
938 2641 971 2703 ού
989 2642 1046 2724 μὴν
1062 2641 1250 2726 δειχθήσεται
1266 2643 1312 2705 διά
1329 2647 1379 2724 τῆς
1395 2638 1511 2702 ἐκείνων

259 2743 405 2825 περὶτῶν
429 2741 594 2825 μελλόντων
616 2745 811 2825 προγνώσεως
843 2744 876 2805 τὸ
910 2745 1003 2806 πάντα
1025 2743 1056 2813 ἐξ
1078 2746 1205 2826 ἀνάγκης
1226 2746 1262 2807 τά
1284 2745 1419 2826 γινόμενα
1441 2742 1512 2822 γίνε-
1541 2761 1554 2802 ο

259 2847 338 2908 σθαι.
382 2846 409 2907 εἰ
432 2846 464 2906 δὲ
487 2849 687 2929 συγχωροῦσιν
710 2845 747 2906 τὰ
770 2845 896 2908 ἀδύνατα
918 2847 966 2908 καὶ
991 2851 1050 2914 τοῖς
1074 2848 1153 2914 θεοῖς
1175 2846 1248 2909 εἶναι
1271 2849 1398 2919 τοιαῦτα,
1434 2848 1512 2927 πρώ-

204 2967 238 3015 25
260 2972 307 3010 τον
331 2949 384 3030 μὲν
407 2946 512 3016 αὐτοὺς
533 2949 594 3032 χρὴ
618 2948 759 3011 δεικνύναι
781 2949 905 3032 δυνατὴν
929 2948 1073 3032 εἶναιτὴν
1107 2952 1220 3013 τοιάνδε
1243 2949 1414 3031 πρόγνωσιν,
1447 2944 1505 3008 εἷθ’

256 3051 349 3118 υῦτως
372 3049 462 3132 αὐτὴν
486 3048 653 3112 ἀνατιθέναι
675 3054 733 3118 τοῖς
756 3051 845 3118 θεοῖς.
886 3049 1028 3134 οὔτεγὰρ
1052 3052 1167 3135 ἐναργὲς
1189 3051 1257 3115 οὔτε
1279 3052 1335 3113 ύπδ
1359 3056 1416 3113 τῶν
1438 3072 1512 3130 γινο-

257 3152 351 3233 μένων
374 3151 604 3234 όμολυγούμενυν
627 3152 660 3213 τό
683 3152 818 3236 τοιαύτην
840 3153 892 3235 τὴν
915 3155 981 3236 περὶ
1003 3159 1061 3215 τῶν
1078 3153 1241 3235 μελλόντων
1265 3152 1423 3234 πρόγνωσιν
1447 3175 1508 3213 ποι·
1525 3169 1550 3209 ιο

256 3255 352 3317 εῖσθαι
375 3253 441 3322 τοὺς
464 3254 559 3322 θεούς.
605 3255 690 3337 ἡμεῖς
724 3255 775 3337 μὲν
809 3253 859 3318 οῦν
893 3254 960 3318 οὔτε
994 3257 1167 3339 ἀναιροῦμεν
1202 3257 1339 3338 μαντικὴν
1366 3253 1433 3317 οὔτε
1456 3256 1507 3336 τὴν

256 3356 418 3440 πρόγνωσιν
445 3361 503 3418 τών
531 3357 620 3429 θεῶν,
655 3359 696 3424 ώς
719 3353 784 3441 ἔχει
805 3357 922 3440 φύσεως
944 3359 980 3420 τά
1003 3360 1157 3441 πράγματα
1189 3359 1282 3426 ούτως
1315 3358 1420 3426 αὐτοὺς
1442 3358 1509 3440 περὶ

201 3479 237 3526 30
256 3459 351 3523 αὐτῶν
378 3458 527 3542 προλέγειν
549 3457 690 3540 λέγοντες,
720 3458 781 3521 ἀλλ’
808 3459 877 3522 οῦδὲ
900 3460 1104 3544 ἀφαιρούμεθα
1127 3467 1184 3523 τῶν
1207 3462 1371 3543 ἀνθρώπων
1394 3461 1426 3522 τό
1450 3461 1508 3521 ἀπὸ
1525 3475 1549 3516 ιο
1571 3465 1663 3517 XXXI

258 3566 396 3645 μαντικῆς
430 3563 585 3646 χρήσιμον,
620 3562 764 3643 ὃγίνεται
796 3569 838 3646 τῷ
863 3562 1005 3626 δύνασθαί
1032 3588 1093 3626 τινα
1123 3565 1169 3626 καλ
1192 3564 1376 3647 φυλάξασθαί
1396 3586 1432 3638 τι,
1467 3564 1507 3645 μὴ

257 3664 454 3748 φυλαξάμενον
478 3663 511 3726 ἂν
536 3665 576 3746 μὴ
600 3665 872 3749 συμβουλεύσαντος
894 3671 944 3728 τοῦ
967 3668 1051 3730 θεοῦ·
1091 3668 1118 3728 οἱ
1141 3667 1173 3729 δὲ
1189 3667 1342 3748 ὑμνοῦντες
1364 3666 1415 3749 τἠν
1440 3689 1508 3747 μαν-

201 3923 217 3973 2
237 3923 277 3991 γε]
294 3923 342 3991 γὰρ
360 3926 397 3976 0:
417 3922 526 3975 fortasse
545 3926 619 3990 γοῦν
721 3926 737 3978 3
756 3923 886 3994 δύνασθαι]
905 3925 1015 3995 γίνεσθαι
1034 3929 1066 3978 B¹
1165 3927 1220 3978 45
1239 3925 1438 3995 προσλαμβάνειν
1457 3926 1562 3991 scripsi:

201 4009 387 4081 προλαμβάνειν
407 4011 467 4063 libri
557 4010 679 4079 Ἰτούτῳ
699 4012 762 4063 Va¹z
791 4010 888 4064 τούτων
912 4013 940 4064 a²
1034 4015 1280 4085 προσχρωμένοιςΟ
1383 4015 1477 4066 ἔνεσται
1497 4018 1519 4063 V

201 4095 295 4148 δυνατὰ
318 4097 377 4149 add.
400 4097 525 4165 Cup-O
615 4098 700 4169 ὃγάρ
720 4098 759 4150 3²:
789 4098 810 4150 τί
832 4101 878 4168 γάρ
898 4101 947 4152 Va¹
1039 4100 1163 4153 θείδεναι
1183 4106 1206 4152 V
1296 4102 1320 4152 θ.
1344 4103 1374 4153 10
1395 4102 1503 4171 μέτρων,
1523 4099 1563 4151 θέ-

201 4201 277 4251 μενος
298 4185 374 4251 Casp.
391 4187 427 4238 0:
455 4182 560 4252 θέμενος
579 4185 679 4257 μέτρων
702 4186 774 4238 libri:
804 4186 903 4255 μέτρων
921 4192 943 4240 0
963 4188 1093 4240 Schwartz
1196 4190 1229 4240 10
1251 4189 1333 4256 τούτῳ
1354 4189 1381 4240 a²
1399 4190 1528 4241 Schwartz

201 4270 326 4322 ἀδύνατον
339 4270 365 4323 ε’
452 4272 491 4323 10.
507 4273 535 4323 ll
557 4270 837 4341 γιγνώσκεσθαι-εἷναι
856 4276 946 4326 om.a¹
1034 4277 1059 4327 ll
1082 4275 1205 4328 ἀδύνατον
1219 4277 1246 4327 ιι2
1339 4276 1369 4326 12
1388 4279 1478 4346 μέτρον
1491 4277 1529 4325 ³¹²

203 4357 236 4427 ἠν
258 4357 340 4415 οὕτως
359 4354 415 4410 οὔδ’
438 4357 464 4408 12²
557 4359 587 4411 13
606 4361 627 4411 εί
646 4361 677 4411 τὰ
696 4375 761 4412 corr.
774 4361 802 4411 in
822 4361 843 4412 εἰ
861 4360 890 4412 τὸ
904 4366 935 4412 V:
954 4361 1053 4427 ββτδΒ
1144 4362 1267 4431 μέλλοντα
1288 4365 1319 4413 τά
1339 4363 1389 4414 ἐστι
1408 4363 1436 4415 a‘·'
1519 4363 1563 4415 alt.

201 4461 232 4513 τό
256 4462 429 4513 θοῐικαλυέ
516 4466 618 4514 ποῑαΚ
723 4463 753 4515 15
781 4460 902 4515 &addidi
1008 4467 1054 4519 τάδ
1074 4469 1111 4519 sie
1131 4471 1152 4516 V
1255 4468 1285 4518 16
1313 4467 1342 4519 τδ
1364 4468 1405 4532 τό]
1428 4467 1456 4519 τό
1476 4474 1499 4518 ι)

204 4548 236 4600 Π
255 4547 285 4599 δν
304 4557 364 4615 post
383 4549 418 4606 ίυς
437 4548 590 4618 ἐνδεχόμενα
609 4550 666 4602 coll.
686 4552 726 4600 κθ
815 4550 848 4601 20
867 4551 915 4619 ὧν]
935 4552 965 4604 ού
985 4555 1054 4607 θυαε
1075 4553 1159 4604 αὐτῶν
1182 4556 1249 4606 coni,
1269 4558 1291 4606 0
1382 4555 1423 4607 20.
1443 4555 1472 4605 21
1504 4574 1563 4624 προ-

200 4635 312 4704 λέγουσιν
331 4634 465 4705 <λέγουσιν>
483 4637 589 4703 scripsi:
614 4637 772 4707 προλέγουσιν
790 4638 841 4689 8¹²:
864 4638 977 4709 λέγουσιν
996 4645 1027 4690 V:
1054 4639 1172 4708 (λέγουσι)
1191 4659 1231 4710 πρ.
1251 4642 1369 4709 θουρί)
1460 4642 1490 4692 θλ
1511 4650 1564 4699 τοῖς

201 4725 245 4776 Es
264 4723 323 4776 Cas.
343 4726 378 4776 0:
406 4725 438 4775 τὰ
456 4728 553 4780 τοῑςθε
580 4726 612 4776 τὰ
631 4723 723 4775 δυνατὰ
741 4731 792 4781 τοῖς
811 4725 850 4777 ³¹²
957 4727 989 4778 22
1008 4732 1053 4797 τῆς
1073 4745 1093 4778 s.
1109 4745 1131 4779 ν.
1147 4733 1177 4780 V:
1198 4733 1305 4781 om.ES
1396 4728 1562 4795 θδτηςτιῑνν

201 4809 344 4863 Ε8ε’θτιυ.
433 4809 466 4862 θλ
485 4809 616 4879 τοιαύτην]
636 4808 772 4881 ταύτηνί)
862 4811 1043 4880 318]δτια’2
1133 4834 1168 4883 μη
1185 4821 1207 4866 V
1298 4816 1330 4869 32
1354 4816 1377 4869 oi
1395 4815 1420 4867 δὲ
1440 4819 1457 4867 S
1480 4814 1561 4867 Lond.

201 4893 1020 4968 Οτδ’θΗτοιιι.Β;δι’υόθευαείδΗιυραόἘοΙ
