<?xml version="1.0" encoding="UTF-8"?>
<!DOCTYPE html PUBLIC "-//W3C//DTD XHTML 1.0 Transitional//EN"
    "http://www.w3.org/TR/xhtml1/DTD/xhtml1-transitional.dtd">
<html xmlns="http://www.w3.org/1999/xhtml" xml:lang="en" lang="en">
 <head>
  <title>
</title>
<meta http-equiv="Content-Type" content="text/html;charset=utf-8" />
  <meta name='ocr-system' content='tesseract 3.04.00' />
  <meta name='ocr-capabilities' content='ocr_page ocr_carea ocr_par ocr_line ocrx_word'/>
</head>
<body>
  <div class='ocr_page' id='page_1' title='image "./supplementumari02arisgoog/supplementumari02arisgoog_0029.png"; bbox 0 0 3540 5610; ppageno 0'>
   <div class='ocr_carea' id='block_1_1' title="bbox 315 314 1188 381">
    <p class='ocr_par' dir='ltr' id='par_1_1' title="bbox 315 314 1188 381">
     <span class='ocr_line' id='line_1_1' title="bbox 315 314 1188 381; baseline -0.002 -9"><span class='ocrx_word' id='word_1_1' title='bbox 315 318 336 381; x_wconf 90' lang='grc'><strong>4</strong></span> <span class='ocrx_word' id='word_1_2' title='bbox 792 314 994 371; x_wconf 75' lang='lat' dir='ltr'>ALEXANDRI</span> <span class='ocrx_word' id='word_1_3' title='bbox 1013 315 1057 370; x_wconf 80' lang='lat' dir='ltr'>DE</span> <span class='ocrx_word' id='word_1_4' title='bbox 1076 315 1188 371; x_wconf 75' lang='lat' dir='ltr'>ANfflA</span> 
     </span>
    </p>
   </div>
   <div class='ocr_carea' id='block_1_2' title="bbox 328 486 1655 3350">
    <p class='ocr_par' dir='ltr' id='par_1_2' title="bbox 328 486 1655 3350">
     <span class='ocr_line' id='line_1_2' title="bbox 369 486 1614 576; baseline 0 -24"><span class='ocrx_word' id='word_1_5' title='bbox 369 489 453 573; x_wconf 80' lang='grc' dir='ltr'>φὺσις</span> <span class='ocrx_word' id='word_1_6' title='bbox 475 490 523 553; x_wconf 82' lang='grc' dir='ltr'>καλ</span> <span class='ocrx_word' id='word_1_7' title='bbox 545 492 636 575; x_wconf 82' lang='grc' dir='ltr'>χωρὶς</span> <span class='ocrx_word' id='word_1_8' title='bbox 659 487 768 564; x_wconf 81' lang='grc' dir='ltr'>ε’ίόυυς,</span> <span class='ocrx_word' id='word_1_9' title='bbox 795 489 927 576; x_wconf 85' lang='grc' dir='ltr'>ἀμυρφὺς</span> <span class='ocrx_word' id='word_1_10' title='bbox 951 513 982 553; x_wconf 93' lang='grc' dir='ltr'>τε</span> <span class='ocrx_word' id='word_1_11' title='bbox 1004 491 1052 554; x_wconf 82' lang='grc' dir='ltr'>καὶ</span> <span class='ocrx_word' id='word_1_12' title='bbox 1074 488 1200 558; x_wconf 79' lang='grc' dir='ltr'>ἀνείδεος</span> <span class='ocrx_word' id='word_1_13' title='bbox 1227 486 1300 554; x_wconf 81' lang='grc' dir='ltr'>οὖσα</span> <span class='ocrx_word' id='word_1_14' title='bbox 1326 491 1373 553; x_wconf 83' lang='grc' dir='ltr'>καὶ</span> <span class='ocrx_word' id='word_1_15' title='bbox 1396 490 1614 575; x_wconf 81' lang='grc' dir='ltr'>ἀσχημάτιστος</span> 
     </span>
     <span class='ocr_line' id='line_1_3' title="bbox 369 591 1614 677; baseline 0 -23"><span class='ocrx_word' id='word_1_16' title='bbox 369 592 443 654; x_wconf 86' lang='grc' dir='ltr'>κατὰ</span> <span class='ocrx_word' id='word_1_17' title='bbox 465 594 512 655; x_wconf 80' lang='grc' dir='ltr'>τὸν</span> <span class='ocrx_word' id='word_1_18' title='bbox 535 595 626 677; x_wconf 77' lang='grc' dir='ltr'>αὑτῆς</span> <span class='ocrx_word' id='word_1_19' title='bbox 646 593 741 676; x_wconf 76' lang='grc' dir='ltr'>λόγον,</span> <span class='ocrx_word' id='word_1_20' title='bbox 764 591 801 655; x_wconf 84' lang='grc' dir='ltr'>δι’</span> <span class='ocrx_word' id='word_1_21' title='bbox 829 594 864 676; x_wconf 81' lang='grc' dir='ltr'>ἣν</span> <span class='ocrx_word' id='word_1_22' title='bbox 885 594 1010 657; x_wconf 84' lang='grc' dir='ltr'>ἀνείδεον</span> <span class='ocrx_word' id='word_1_23' title='bbox 1033 591 1121 656; x_wconf 83' lang='grc' dir='ltr'>οὑσάν</span> <span class='ocrx_word' id='word_1_24' title='bbox 1145 616 1176 655; x_wconf 86' lang='grc' dir='ltr'>τε</span> <span class='ocrx_word' id='word_1_25' title='bbox 1197 594 1244 655; x_wconf 89' lang='grc' dir='ltr'>καὶ</span> <span class='ocrx_word' id='word_1_26' title='bbox 1267 593 1422 677; x_wconf 88' lang='grc' dir='ltr'>λεγομένην</span> <span class='ocrx_word' id='word_1_27' title='bbox 1445 592 1521 662; x_wconf 80' lang='grc' dir='ltr'>εἶδος</span> <span class='ocrx_word' id='word_1_28' title='bbox 1545 591 1614 655; x_wconf 86' lang='grc' dir='ltr'>ῶνὺ·</span> 
     </span>
     <span class='ocr_line' id='line_1_4' title="bbox 370 694 1613 781; baseline -0.001 -23"><span class='ocrx_word' id='word_1_29' title='bbox 370 716 490 777; x_wconf 84' lang='grc' dir='ltr'>μασται,</span> <span class='ocrx_word' id='word_1_30' title='bbox 522 694 710 779; x_wconf 85' lang='grc' dir='ltr'>ὃγενόμενον</span> <span class='ocrx_word' id='word_1_31' title='bbox 738 696 768 759; x_wconf 86' lang='grc' dir='ltr'>ἐν</span> <span class='ocrx_word' id='word_1_32' title='bbox 790 694 868 778; x_wconf 69' lang='grc' dir='ltr'>αὐτῇ</span> <span class='ocrx_word' id='word_1_33' title='bbox 894 695 979 759; x_wconf 81' lang='grc' dir='ltr'>παύει</span> <span class='ocrx_word' id='word_1_34' title='bbox 1006 700 1058 779; x_wconf 80' lang='grc' dir='ltr'>τῆς</span> <span class='ocrx_word' id='word_1_35' title='bbox 1084 695 1294 779; x_wconf 75' lang='grc' dir='ltr'>προειρημένης</span> <span class='ocrx_word' id='word_1_36' title='bbox 1323 694 1413 779; x_wconf 78' lang='grc' dir='ltr'>αὐτὴν</span> <span class='ocrx_word' id='word_1_37' title='bbox 1441 698 1613 781; x_wconf 81' lang='grc' dir='ltr'>στερήσεως,</span> 
     </span>
     <span class='ocr_line' id='line_1_5' title="bbox 370 796 1614 883; baseline -0.001 -23"><span class='ocrx_word' id='word_1_38' title='bbox 370 799 417 861; x_wconf 79' lang='grc' dir='ltr'>καί</span> <span class='ocrx_word' id='word_1_39' title='bbox 444 799 496 882; x_wconf 76' lang='grc' dir='ltr'>τὴν</span> <span class='ocrx_word' id='word_1_40' title='bbox 524 798 658 882; x_wconf 81' lang='grc' dir='ltr'>τοιαύτην</span> <span class='ocrx_word' id='word_1_41' title='bbox 685 797 771 883; x_wconf 89' lang='grc' dir='ltr'>φὺσιν</span> <span class='ocrx_word' id='word_1_42' title='bbox 798 798 902 882; x_wconf 78' lang='grc' dir='ltr'>κυρίως</span> <span class='ocrx_word' id='word_1_43' title='bbox 929 797 964 861; x_wconf 87' lang='grc' dir='ltr'>ἄν</span> <span class='ocrx_word' id='word_1_44' title='bbox 992 822 1032 867; x_wconf 82' lang='grc' dir='ltr'>τις</span> <span class='ocrx_word' id='word_1_45' title='bbox 1059 798 1129 880; x_wconf 80' lang='grc' dir='ltr'>ὕλην</span> <span class='ocrx_word' id='word_1_46' title='bbox 1156 796 1244 879; x_wconf 90' lang='grc' dir='ltr'>λέγοι.</span> <span class='ocrx_word' id='word_1_47' title='bbox 1289 799 1321 861; x_wconf 80' lang='grc' dir='ltr'>τὸ</span> <span class='ocrx_word' id='word_1_48' title='bbox 1346 799 1397 882; x_wconf 83' lang='grc' dir='ltr'>μὲν</span> <span class='ocrx_word' id='word_1_49' title='bbox 1425 799 1479 883; x_wconf 83' lang='grc' dir='ltr'>γὰρ</span> <span class='ocrx_word' id='word_1_50' title='bbox 1503 799 1533 861; x_wconf 83' lang='grc' dir='ltr'>ἐν</span> <span class='ocrx_word' id='word_1_51' title='bbox 1554 802 1614 866; x_wconf 81' lang='grc' dir='ltr'>τοῖς</span> 
     </span>
     <span class='ocr_line' id='line_1_6' title="bbox 342 898 1654 985; baseline 0.001 -28"><span class='ocrx_word' id='word_1_52' title='bbox 342 900 519 971; x_wconf 80' lang='grc' dir='ltr'>σσυνθέτοις</span> <span class='ocrx_word' id='word_1_53' title='bbox 542 903 673 984; x_wconf 86' lang='grc' dir='ltr'>σώμασιν</span> <span class='ocrx_word' id='word_1_54' title='bbox 690 900 888 985; x_wconf 82' lang='grc' dir='ltr'>ὑποκείμενον,</span> <span class='ocrx_word' id='word_1_55' title='bbox 911 900 1029 963; x_wconf 82' lang='grc' dir='ltr'>ἐκείνων</span> <span class='ocrx_word' id='word_1_56' title='bbox 1052 900 1107 984; x_wconf 86' lang='grc' dir='ltr'>ὑλη</span> <span class='ocrx_word' id='word_1_57' title='bbox 1130 898 1187 984; x_wconf 79' lang='grc' dir='ltr'>οὐχ</span> <span class='ocrx_word' id='word_1_58' title='bbox 1210 900 1310 969; x_wconf 79' lang='grc' dir='ltr'>ἁπλῶς</span> <span class='ocrx_word' id='word_1_59' title='bbox 1332 900 1408 964; x_wconf 82' lang='grc' dir='ltr'>ἐστιν</span> <span class='ocrx_word' id='word_1_60' title='bbox 1429 902 1493 983; x_wconf 81' lang='grc' dir='ltr'>ὑλη,</span> <span class='ocrx_word' id='word_1_61' title='bbox 1516 898 1560 962; x_wconf 89' lang='grc' dir='ltr'>ὑτι</span> <span class='ocrx_word' id='word_1_62' title='bbox 1582 899 1613 961; x_wconf 87' lang='grc' dir='ltr'>τέ</span> <span class='ocrx_word' id='word_1_63' title='bbox 1628 917 1654 957; x_wconf 87' lang='grc' dir='ltr'>ιο</span> 
     </span>
     <span class='ocr_line' id='line_1_7' title="bbox 370 1000 1613 1087; baseline -0.002 -21"><span class='ocrx_word' id='word_1_64' title='bbox 370 1003 430 1066; x_wconf 83' lang='grc' dir='ltr'>ἐστι</span> <span class='ocrx_word' id='word_1_65' title='bbox 454 1003 527 1087; x_wconf 83' lang='grc' dir='ltr'>μετὰ</span> <span class='ocrx_word' id='word_1_66' title='bbox 548 1003 645 1073; x_wconf 80' lang='grc' dir='ltr'>εἴδους</span> <span class='ocrx_word' id='word_1_67' title='bbox 666 1004 742 1072; x_wconf 84' lang='grc' dir='ltr'>τινὸς</span> <span class='ocrx_word' id='word_1_68' title='bbox 764 1004 811 1067; x_wconf 89' lang='grc' dir='ltr'>καὶ</span> <span class='ocrx_word' id='word_1_69' title='bbox 839 1000 901 1067; x_wconf 86' lang='grc' dir='ltr'>ἔστι</span> <span class='ocrx_word' id='word_1_70' title='bbox 924 1004 971 1065; x_wconf 85' lang='grc' dir='ltr'>καὶ</span> <span class='ocrx_word' id='word_1_71' title='bbox 994 1002 1097 1065; x_wconf 82' lang='grc' dir='ltr'>τούτου</span> <span class='ocrx_word' id='word_1_72' title='bbox 1120 1002 1195 1086; x_wconf 77' lang='grc' dir='ltr'>ἄλλη</span> <span class='ocrx_word' id='word_1_73' title='bbox 1217 1005 1300 1066; x_wconf 76' lang='grc' dir='ltr'>πάλιν</span> <span class='ocrx_word' id='word_1_74' title='bbox 1325 1003 1389 1087; x_wconf 85' lang='grc' dir='ltr'>ὑλη,</span> <span class='ocrx_word' id='word_1_75' title='bbox 1412 1002 1442 1064; x_wconf 87' lang='grc' dir='ltr'>ἐν</span> <span class='ocrx_word' id='word_1_76' title='bbox 1462 1003 1504 1070; x_wconf 78' lang='grc' dir='ltr'>οἷς</span> <span class='ocrx_word' id='word_1_77' title='bbox 1528 1003 1613 1065; x_wconf 80' lang='grc' dir='ltr'>δὲτὸ</span> 
     </span>
     <span class='ocr_line' id='line_1_8' title="bbox 370 1104 1613 1191; baseline -0.003 -23"><span class='ocrx_word' id='word_1_78' title='bbox 370 1106 555 1190; x_wconf 89' lang='grc' dir='ltr'>ὑποκείμενον</span> <span class='ocrx_word' id='word_1_79' title='bbox 572 1108 691 1184; x_wconf 80' lang='grc' dir='ltr'>ἁπλοῦν,</span> <span class='ocrx_word' id='word_1_80' title='bbox 714 1131 733 1191; x_wconf 93' lang='grc' dir='ltr'>η</span> <span class='ocrx_word' id='word_1_81' title='bbox 756 1107 865 1170; x_wconf 91' lang='grc' dir='ltr'>τοὺτων</span> <span class='ocrx_word' id='word_1_82' title='bbox 888 1107 943 1190; x_wconf 85' lang='grc' dir='ltr'>ὑλη</span> <span class='ocrx_word' id='word_1_83' title='bbox 968 1106 1072 1189; x_wconf 85' lang='grc' dir='ltr'>κυρίως</span> <span class='ocrx_word' id='word_1_84' title='bbox 1093 1108 1141 1170; x_wconf 81' lang='grc' dir='ltr'>καὶ</span> <span class='ocrx_word' id='word_1_85' title='bbox 1164 1107 1265 1174; x_wconf 80' lang='grc' dir='ltr'>ἁπλῶς</span> <span class='ocrx_word' id='word_1_86' title='bbox 1287 1106 1361 1168; x_wconf 87' lang='grc' dir='ltr'>ἐστιν</span> <span class='ocrx_word' id='word_1_87' title='bbox 1378 1104 1443 1188; x_wconf 82' lang='grc' dir='ltr'>ὑλη,</span> <span class='ocrx_word' id='word_1_88' title='bbox 1466 1105 1501 1188; x_wconf 76' lang='grc' dir='ltr'>ἢν</span> <span class='ocrx_word' id='word_1_89' title='bbox 1524 1104 1613 1187; x_wconf 84' lang='grc' dir='ltr'>αὐτὴν</span> 
     </span>
     <span class='ocr_line' id='line_1_9' title="bbox 371 1206 1614 1295; baseline -0.002 -24"><span class='ocrx_word' id='word_1_90' title='bbox 371 1209 423 1291; x_wconf 83' lang='grc' dir='ltr'>μὲν</span> <span class='ocrx_word' id='word_1_91' title='bbox 447 1210 602 1295; x_wconf 76' lang='grc' dir='ltr'>ὑφεστάναι</span> <span class='ocrx_word' id='word_1_92' title='bbox 624 1208 692 1273; x_wconf 85' lang='grc' dir='ltr'>καθ’</span> <span class='ocrx_word' id='word_1_93' title='bbox 720 1209 810 1292; x_wconf 80' lang='grc' dir='ltr'>αὑτὴν</span> <span class='ocrx_word' id='word_1_94' title='bbox 837 1207 977 1271; x_wconf 83' lang='grc' dir='ltr'>ἀὺὑνατον</span> <span class='ocrx_word' id='word_1_95' title='bbox 1004 1213 1047 1292; x_wconf 79' lang='grc' dir='ltr'>τῷ</span> <span class='ocrx_word' id='word_1_96' title='bbox 1072 1213 1126 1271; x_wconf 78' lang='grc' dir='ltr'>πᾶν</span> <span class='ocrx_word' id='word_1_97' title='bbox 1156 1209 1187 1271; x_wconf 82' lang='grc' dir='ltr'>εὑ</span> <span class='ocrx_word' id='word_1_98' title='bbox 1212 1208 1303 1277; x_wconf 81' lang='grc' dir='ltr'>οὑτως</span> <span class='ocrx_word' id='word_1_99' title='bbox 1331 1206 1362 1269; x_wconf 77' lang='grc' dir='ltr'>ὃν</span> <span class='ocrx_word' id='word_1_100' title='bbox 1386 1208 1474 1291; x_wconf 81' lang='grc' dir='ltr'>σῶμα</span> <span class='ocrx_word' id='word_1_101' title='bbox 1496 1231 1520 1269; x_wconf 87' lang='grc' dir='ltr'>τι</span> <span class='ocrx_word' id='word_1_102' title='bbox 1543 1206 1614 1270; x_wconf 83' lang='grc' dir='ltr'>εἶναι</span> 
     </span>
     <span class='ocr_line' id='line_1_10' title="bbox 368 1309 1613 1396; baseline -0.002 -22"><span class='ocrx_word' id='word_1_103' title='bbox 368 1312 417 1374; x_wconf 82' lang='grc' dir='ltr'>καὶ</span> <span class='ocrx_word' id='word_1_104' title='bbox 439 1311 586 1391; x_wconf 81' lang='grc' dir='ltr'>σύνθετον,</span> <span class='ocrx_word' id='word_1_105' title='bbox 610 1315 650 1381; x_wconf 82' lang='grc' dir='ltr'>ῶς</span> <span class='ocrx_word' id='word_1_106' title='bbox 673 1312 849 1396; x_wconf 87' lang='grc' dir='ltr'>προείρηται.</span> <span class='ocrx_word' id='word_1_107' title='bbox 888 1310 961 1376; x_wconf 89' lang='grc' dir='ltr'>υὺσα</span> <span class='ocrx_word' id='word_1_108' title='bbox 983 1314 1015 1374; x_wconf 81' lang='grc' dir='ltr'>δὲ</span> <span class='ocrx_word' id='word_1_109' title='bbox 1039 1313 1084 1374; x_wconf 82' lang='grc' dir='ltr'>ἀεὶ</span> <span class='ocrx_word' id='word_1_110' title='bbox 1107 1311 1157 1374; x_wconf 90' lang='grc' dir='ltr'>σὺν</span> <span class='ocrx_word' id='word_1_111' title='bbox 1180 1309 1251 1373; x_wconf 83' lang='grc' dir='ltr'>είόει</span> <span class='ocrx_word' id='word_1_112' title='bbox 1273 1311 1325 1371; x_wconf 83' lang='grc' dir='ltr'>τινὶ</span> <span class='ocrx_word' id='word_1_113' title='bbox 1348 1311 1503 1394; x_wconf 75' lang='grc' dir='ltr'>χωρίζεται</span> <span class='ocrx_word' id='word_1_114' title='bbox 1525 1309 1613 1373; x_wconf 83' lang='grc' dir='ltr'>αὑτοῦ</span> 
     </span>
     <span class='ocr_line' id='line_1_11' title="bbox 331 1411 1613 1499; baseline 0.002 -27"><span class='ocrx_word' id='word_1_115' title='bbox 331 1417 407 1496; x_wconf 69' lang='grc' dir='ltr'>νυτῇ</span> <span class='ocrx_word' id='word_1_116' title='bbox 430 1416 528 1498; x_wconf 82' lang='grc' dir='ltr'>νοήσει</span> <span class='ocrx_word' id='word_1_117' title='bbox 551 1414 637 1498; x_wconf 85' lang='grc' dir='ltr'>μόνη,</span> <span class='ocrx_word' id='word_1_118' title='bbox 660 1413 751 1483; x_wconf 82' lang='grc' dir='ltr'>οὑτως</span> <span class='ocrx_word' id='word_1_119' title='bbox 774 1412 886 1499; x_wconf 85' lang='grc' dir='ltr'>ἔχουσα</span> <span class='ocrx_word' id='word_1_120' title='bbox 908 1416 980 1498; x_wconf 81' lang='grc' dir='ltr'>πρὸς</span> <span class='ocrx_word' id='word_1_121' title='bbox 1006 1415 1041 1477; x_wconf 85' lang='grc' dir='ltr'>τὰ</span> <span class='ocrx_word' id='word_1_122' title='bbox 1063 1419 1119 1476; x_wconf 89' lang='grc' dir='ltr'>τῶν</span> <span class='ocrx_word' id='word_1_123' title='bbox 1144 1414 1244 1475; x_wconf 85' lang='grc' dir='ltr'>ἁπλῶν</span> <span class='ocrx_word' id='word_1_124' title='bbox 1267 1414 1411 1496; x_wconf 82' lang='grc' dir='ltr'>σωμοίτων</span> <span class='ocrx_word' id='word_1_125' title='bbox 1434 1411 1512 1494; x_wconf 69' lang='grc' dir='ltr'>εἴδη,</span> <span class='ocrx_word' id='word_1_126' title='bbox 1536 1417 1575 1480; x_wconf 82' lang='grc' dir='ltr'>ῶς</span> <span class='ocrx_word' id='word_1_127' title='bbox 1598 1413 1613 1474; x_wconf 82' lang='grc' dir='ltr'>ὑ</span> 
     </span>
     <span class='ocr_line' id='line_1_12' title="bbox 369 1515 1615 1602; baseline -0.002 -22"><span class='ocrx_word' id='word_1_128' title='bbox 369 1518 457 1602; x_wconf 79' lang='grc' dir='ltr'>κηρὸς</span> <span class='ocrx_word' id='word_1_129' title='bbox 484 1515 547 1602; x_wconf 82' lang='grc' dir='ltr'>ἔχει</span> <span class='ocrx_word' id='word_1_130' title='bbox 570 1518 642 1601; x_wconf 80' lang='grc' dir='ltr'>πρὸς</span> <span class='ocrx_word' id='word_1_131' title='bbox 670 1517 706 1580; x_wconf 82' lang='grc' dir='ltr'>τὰ</span> <span class='ocrx_word' id='word_1_132' title='bbox 727 1519 877 1601; x_wconf 77' lang='grc' dir='ltr'>σχήματα.</span> <span class='ocrx_word' id='word_1_133' title='bbox 923 1521 963 1586; x_wconf 85' lang='grc' dir='ltr'>ῶς</span> <span class='ocrx_word' id='word_1_134' title='bbox 985 1517 1039 1601; x_wconf 84' lang='grc' dir='ltr'>γὰρ</span> <span class='ocrx_word' id='word_1_135' title='bbox 1062 1519 1214 1595; x_wconf 82' lang='grc' dir='ltr'>ἀναγκαῖον</span> <span class='ocrx_word' id='word_1_136' title='bbox 1242 1516 1294 1596; x_wconf 86' lang='grc' dir='ltr'>μὲν</span> <span class='ocrx_word' id='word_1_137' title='bbox 1317 1517 1410 1578; x_wconf 89' lang='grc' dir='ltr'>παίντα</span> <span class='ocrx_word' id='word_1_138' title='bbox 1436 1516 1484 1578; x_wconf 83' lang='grc' dir='ltr'>τὺν</span> <span class='ocrx_word' id='word_1_139' title='bbox 1507 1517 1615 1598; x_wconf 69' lang='grc' dir='ltr'>λαμβα·</span> 
     </span>
     <span class='ocr_line' id='line_1_13' title="bbox 369 1616 1655 1705; baseline -0.008 -22"><span class='ocrx_word' id='word_1_140' title='bbox 369 1620 488 1703; x_wconf 77' lang='grc' dir='ltr'>νόμενον</span> <span class='ocrx_word' id='word_1_141' title='bbox 504 1620 592 1705; x_wconf 81' lang='grc' dir='ltr'>κηρθν</span> <span class='ocrx_word' id='word_1_142' title='bbox 616 1618 687 1682; x_wconf 79' lang='grc' dir='ltr'>εἶναι</span> <span class='ocrx_word' id='word_1_143' title='bbox 703 1618 775 1702; x_wconf 81' lang='grc' dir='ltr'>μετὰ</span> <span class='ocrx_word' id='word_1_144' title='bbox 791 1620 943 1703; x_wconf 73' lang='grc' dir='ltr'>σχήματος</span> <span class='ocrx_word' id='word_1_145' title='bbox 964 1618 1118 1701; x_wconf 77' lang='grc' dir='ltr'>(ἀδύνατον</span> <span class='ocrx_word' id='word_1_146' title='bbox 1141 1618 1193 1701; x_wconf 80' lang='grc' dir='ltr'>γὰρ</span> <span class='ocrx_word' id='word_1_147' title='bbox 1214 1616 1432 1702; x_wconf 79' lang='grc' dir='ltr'>ἀσχημάτιστὺν</span> <span class='ocrx_word' id='word_1_148' title='bbox 1447 1641 1508 1680; x_wconf 90' lang='grc' dir='ltr'>τινα</span> <span class='ocrx_word' id='word_1_149' title='bbox 1525 1618 1614 1699; x_wconf 80' lang='grc' dir='ltr'>κηρὸν</span> <span class='ocrx_word' id='word_1_150' title='bbox 1631 1633 1655 1674; x_wconf 70' lang='grc' dir='ltr'>ιτ,</span> 
     </span>
     <span class='ocr_line' id='line_1_14' title="bbox 369 1720 1614 1808; baseline -0.004 -22"><span class='ocrx_word' id='word_1_151' title='bbox 369 1722 545 1808; x_wconf 82' lang='grc' dir='ltr'>λαβεῖν·ὀθ</span> <span class='ocrx_word' id='word_1_152' title='bbox 570 1722 626 1806; x_wconf 81' lang='grc' dir='ltr'>μὴν</span> <span class='ocrx_word' id='word_1_153' title='bbox 649 1723 682 1784; x_wconf 87' lang='grc' dir='ltr'>τὸ</span> <span class='ocrx_word' id='word_1_154' title='bbox 704 1726 788 1806; x_wconf 79' lang='grc' dir='ltr'>κηρῷ</span> <span class='ocrx_word' id='word_1_155' title='bbox 810 1721 883 1785; x_wconf 80' lang='grc' dir='ltr'>εἶναι</span> <span class='ocrx_word' id='word_1_156' title='bbox 908 1723 941 1785; x_wconf 86' lang='grc' dir='ltr'>τὸ</span> <span class='ocrx_word' id='word_1_157' title='bbox 964 1721 1036 1784; x_wconf 81' lang='grc' dir='ltr'>εἶναι</span> <span class='ocrx_word' id='word_1_158' title='bbox 1059 1721 1131 1804; x_wconf 84' lang='grc' dir='ltr'>μετὰ</span> <span class='ocrx_word' id='word_1_159' title='bbox 1158 1720 1270 1784; x_wconf 80' lang='grc' dir='ltr'>τοιοῦδέ</span> <span class='ocrx_word' id='word_1_160' title='bbox 1292 1743 1366 1789; x_wconf 83' lang='grc' dir='ltr'>τινος</span> <span class='ocrx_word' id='word_1_161' title='bbox 1388 1722 1553 1805; x_wconf 78' lang='grc' dir='ltr'>σχήματος·</span> <span class='ocrx_word' id='word_1_162' title='bbox 1588 1722 1614 1784; x_wconf 86' lang='grc' dir='ltr'>εί</span> 
     </span>
     <span class='ocr_line' id='line_1_15' title="bbox 368 1822 1615 1909; baseline -0.001 -21"><span class='ocrx_word' id='word_1_163' title='bbox 368 1826 422 1909; x_wconf 81' lang='grc' dir='ltr'>γὰρ</span> <span class='ocrx_word' id='word_1_164' title='bbox 445 1825 481 1909; x_wconf 78' lang='grc' dir='ltr'>ἦν</span> <span class='ocrx_word' id='word_1_165' title='bbox 505 1826 535 1888; x_wconf 85' lang='grc' dir='ltr'>ἐν</span> <span class='ocrx_word' id='word_1_166' title='bbox 558 1824 698 1909; x_wconf 68' lang='grc' dir='ltr'>τῇοὺσίᾳ</span> <span class='ocrx_word' id='word_1_167' title='bbox 719 1827 771 1887; x_wconf 84' lang='grc' dir='ltr'>τοὺ</span> <span class='ocrx_word' id='word_1_168' title='bbox 792 1829 883 1908; x_wconf 82' lang='grc' dir='ltr'>κηροῦ</span> <span class='ocrx_word' id='word_1_169' title='bbox 898 1824 1099 1909; x_wconf 78' lang='grc' dir='ltr'>ἀφωρισμένον</span> <span class='ocrx_word' id='word_1_170' title='bbox 1123 1823 1227 1907; x_wconf 78' lang='grc' dir='ltr'>σχῆμά</span> <span class='ocrx_word' id='word_1_171' title='bbox 1241 1847 1277 1895; x_wconf 91' lang='grc' dir='ltr'>τι,</span> <span class='ocrx_word' id='word_1_172' title='bbox 1300 1822 1396 1886; x_wconf 82' lang='grc' dir='ltr'>οὐκέτ’</span> <span class='ocrx_word' id='word_1_173' title='bbox 1418 1823 1452 1886; x_wconf 81' lang='grc' dir='ltr'>ἀν</span> <span class='ocrx_word' id='word_1_174' title='bbox 1475 1824 1510 1908; x_wconf 74' lang='grc' dir='ltr'>ἦν</span> <span class='ocrx_word' id='word_1_175' title='bbox 1526 1825 1615 1908; x_wconf 81' lang='grc' dir='ltr'>κηρὸς</span> 
     </span>
     <span class='ocr_line' id='line_1_16' title="bbox 329 1925 1613 2013; baseline 0.002 -26"><span class='ocrx_word' id='word_1_176' title='bbox 329 1930 384 1991; x_wconf 81' lang='grc' dir='ltr'>1σὺ</span> <span class='ocrx_word' id='word_1_177' title='bbox 408 1931 448 2013; x_wconf 82' lang='grc' dir='ltr'>μὴ</span> <span class='ocrx_word' id='word_1_178' title='bbox 473 1929 546 2010; x_wconf 83' lang='grc' dir='ltr'>μετὰ</span> <span class='ocrx_word' id='word_1_179' title='bbox 567 1928 684 2001; x_wconf 81' lang='grc' dir='ltr'>τούτου,</span> <span class='ocrx_word' id='word_1_180' title='bbox 716 1926 777 2010; x_wconf 81' lang='grc' dir='ltr'>μετ’</span> <span class='ocrx_word' id='word_1_181' title='bbox 805 1927 896 1990; x_wconf 88' lang='grc' dir='ltr'>ἀλλου</span> <span class='ocrx_word' id='word_1_182' title='bbox 925 1927 956 1991; x_wconf 82' lang='grc' dir='ltr'>δέ</span> <span class='ocrx_word' id='word_1_183' title='bbox 978 1951 1052 1996; x_wconf 86' lang='grc' dir='ltr'>τινος</span> <span class='ocrx_word' id='word_1_184' title='bbox 1075 1929 1115 1989; x_wconf 87' lang='grc' dir='ltr'>ῶν</span> <span class='ocrx_word' id='word_1_185' title='bbox 1139 1925 1323 2010; x_wconf 76' lang='grc' dir='ltr'>σχήματος),</span> <span class='ocrx_word' id='word_1_186' title='bbox 1345 1927 1442 1995; x_wconf 85' lang='grc' dir='ltr'>οὑτως</span> <span class='ocrx_word' id='word_1_187' title='bbox 1470 1929 1502 1990; x_wconf 81' lang='grc' dir='ltr'>ὑὲ</span> <span class='ocrx_word' id='word_1_188' title='bbox 1524 1929 1572 1990; x_wconf 87' lang='grc' dir='ltr'>καὶ</span> <span class='ocrx_word' id='word_1_189' title='bbox 1594 1952 1613 2010; x_wconf 89' lang='grc' dir='ltr'>η</span> 
     </span>
     <span class='ocr_line' id='line_1_17' title="bbox 368 2026 1613 2116; baseline -0.004 -20"><span class='ocrx_word' id='word_1_190' title='bbox 368 2033 474 2116; x_wconf 80' lang='grc' dir='ltr'>κυρίως</span> <span class='ocrx_word' id='word_1_191' title='bbox 497 2032 551 2114; x_wconf 80' lang='grc' dir='ltr'>ὕλη</span> <span class='ocrx_word' id='word_1_192' title='bbox 571 2033 643 2114; x_wconf 77' lang='grc' dir='ltr'>πρὸς</span> <span class='ocrx_word' id='word_1_193' title='bbox 665 2030 700 2093; x_wconf 90' lang='grc' dir='ltr'>τά</span> <span class='ocrx_word' id='word_1_194' title='bbox 716 2029 779 2112; x_wconf 73' lang='grc' dir='ltr'>είὺη</span> <span class='ocrx_word' id='word_1_195' title='bbox 802 2035 859 2092; x_wconf 90' lang='grc' dir='ltr'>τῶν</span> <span class='ocrx_word' id='word_1_196' title='bbox 876 2036 1007 2114; x_wconf 77' lang='grc' dir='ltr'>φυσικῶν</span> <span class='ocrx_word' id='word_1_197' title='bbox 1030 2053 1061 2091; x_wconf 87' lang='grc' dir='ltr'>τε</span> <span class='ocrx_word' id='word_1_198' title='bbox 1084 2030 1131 2092; x_wconf 75' lang='grc' dir='ltr'>καί</span> <span class='ocrx_word' id='word_1_199' title='bbox 1155 2030 1255 2091; x_wconf 83' lang='grc' dir='ltr'>ἁπλῶν</span> <span class='ocrx_word' id='word_1_200' title='bbox 1278 2026 1342 2113; x_wconf 81' lang='grc' dir='ltr'>ἔχει</span> <span class='ocrx_word' id='word_1_201' title='bbox 1357 2029 1510 2111; x_wconf 85' lang='grc' dir='ltr'>σωμάτων.</span> <span class='ocrx_word' id='word_1_202' title='bbox 1547 2029 1613 2091; x_wconf 69' lang='grc' dir='ltr'>οὔτε</span> 
     </span>
     <span class='ocr_line' id='line_1_18' title="bbox 369 2130 1612 2220; baseline -0.002 -22"><span class='ocrx_word' id='word_1_203' title='bbox 369 2134 422 2220; x_wconf 83' lang='grc' dir='ltr'>γὰρ</span> <span class='ocrx_word' id='word_1_204' title='bbox 444 2137 535 2220; x_wconf 82' lang='grc' dir='ltr'>χωρὶς</span> <span class='ocrx_word' id='word_1_205' title='bbox 558 2135 653 2197; x_wconf 83' lang='grc' dir='ltr'>αὐτῶν</span> <span class='ocrx_word' id='word_1_206' title='bbox 676 2155 750 2201; x_wconf 80' lang='grc' dir='ltr'>τινος</span> <span class='ocrx_word' id='word_1_207' title='bbox 772 2132 819 2195; x_wconf 87' lang='grc' dir='ltr'>υία</span> <span class='ocrx_word' id='word_1_208' title='bbox 841 2156 872 2195; x_wconf 84' lang='grc' dir='ltr'>τε</span> <span class='ocrx_word' id='word_1_209' title='bbox 899 2133 1059 2216; x_wconf 77' lang='grc' dir='ltr'>ὑποστῆναι</span> <span class='ocrx_word' id='word_1_210' title='bbox 1081 2130 1148 2194; x_wconf 76' lang='grc' dir='ltr'>οὔτε</span> <span class='ocrx_word' id='word_1_211' title='bbox 1172 2133 1244 2212; x_wconf 85' lang='grc' dir='ltr'>μετά</span> <span class='ocrx_word' id='word_1_212' title='bbox 1266 2154 1340 2199; x_wconf 83' lang='grc' dir='ltr'>τινος</span> <span class='ocrx_word' id='word_1_213' title='bbox 1367 2130 1463 2193; x_wconf 78' lang='grc' dir='ltr'>αὐτῶν</span> <span class='ocrx_word' id='word_1_214' title='bbox 1486 2133 1518 2194; x_wconf 73' lang='grc' dir='ltr'>τὸ</span> <span class='ocrx_word' id='word_1_215' title='bbox 1540 2131 1612 2195; x_wconf 85' lang='grc' dir='ltr'>εἶναι</span> 
     </span>
     <span class='ocr_line' id='line_1_19' title="bbox 368 2231 1614 2322; baseline -0.001 -24"><span class='ocrx_word' id='word_1_216' title='bbox 368 2239 455 2321; x_wconf 66' lang='grc' dir='ltr'>αὑτῇ.</span> <span class='ocrx_word' id='word_1_217' title='bbox 500 2237 536 2322; x_wconf 77' lang='grc' dir='ltr'>ἦν</span> <span class='ocrx_word' id='word_1_218' title='bbox 559 2236 613 2319; x_wconf 80' lang='grc' dir='ltr'>γὰρ</span> <span class='ocrx_word' id='word_1_219' title='bbox 635 2234 669 2298; x_wconf 80' lang='grc' dir='ltr'>ἂν</span> <span class='ocrx_word' id='word_1_220' title='bbox 692 2235 785 2303; x_wconf 84' lang='grc' dir='ltr'>οὑτως</span> <span class='ocrx_word' id='word_1_221' title='bbox 811 2233 878 2297; x_wconf 84' lang='grc' dir='ltr'>οὔτε</span> <span class='ocrx_word' id='word_1_222' title='bbox 901 2235 980 2316; x_wconf 77' lang='grc' dir='ltr'>ἁπλῆ</span> <span class='ocrx_word' id='word_1_223' title='bbox 1010 2236 1059 2297; x_wconf 82' lang='grc' dir='ltr'>καὶ</span> <span class='ocrx_word' id='word_1_224' title='bbox 1081 2236 1237 2315; x_wconf 83' lang='grc' dir='ltr'>ἀσώματος</span> <span class='ocrx_word' id='word_1_225' title='bbox 1265 2231 1331 2297; x_wconf 81' lang='grc' dir='ltr'>οὔτε</span> <span class='ocrx_word' id='word_1_226' title='bbox 1354 2233 1445 2297; x_wconf 83' lang='grc' dir='ltr'>ἄλλου</span> <span class='ocrx_word' id='word_1_227' title='bbox 1475 2236 1550 2304; x_wconf 81' lang='grc' dir='ltr'>τινὸς</span> <span class='ocrx_word' id='word_1_228' title='bbox 1572 2233 1614 2298; x_wconf 85' lang='grc' dir='ltr'>ἔτι</span> 
     </span>
     <span class='ocr_line' id='line_1_20' title="bbox 369 2336 1655 2421; baseline -0.005 -17"><span class='ocrx_word' id='word_1_229' title='bbox 369 2346 426 2404; x_wconf 87' lang='grc' dir='ltr'>τῶν</span> <span class='ocrx_word' id='word_1_230' title='bbox 450 2342 550 2404; x_wconf 87' lang='grc' dir='ltr'>ἁπλῶν</span> <span class='ocrx_word' id='word_1_231' title='bbox 574 2339 719 2421; x_wconf 86' lang='grc' dir='ltr'>σωμοίτων</span> <span class='ocrx_word' id='word_1_232' title='bbox 743 2337 797 2421; x_wconf 85' lang='grc' dir='ltr'>ὑλη</span> <span class='ocrx_word' id='word_1_233' title='bbox 821 2341 862 2421; x_wconf 80' lang='grc' dir='ltr'>τῷ</span> <span class='ocrx_word' id='word_1_234' title='bbox 886 2336 1060 2420; x_wconf 71' lang='grc' dir='ltr'>φθείρεσθαι</span> <span class='ocrx_word' id='word_1_235' title='bbox 1086 2337 1176 2421; x_wconf 79' lang='grc' dir='ltr'>αὐτὴν</span> <span class='ocrx_word' id='word_1_236' title='bbox 1200 2338 1229 2401; x_wconf 84' lang='grc' dir='ltr'>ἐν</span> <span class='ocrx_word' id='word_1_237' title='bbox 1252 2361 1288 2421; x_wconf 88' lang='grc' dir='ltr'>τγγ</span> <span class='ocrx_word' id='word_1_238' title='bbox 1315 2341 1365 2399; x_wconf 81' lang='grc' dir='ltr'>τοῦ</span> <span class='ocrx_word' id='word_1_239' title='bbox 1389 2338 1494 2400; x_wconf 88' lang='grc' dir='ltr'>οἰκείου</span> <span class='ocrx_word' id='word_1_240' title='bbox 1517 2336 1655 2407; x_wconf 79' lang='grc' dir='ltr'>είόουςκυ</span> 
     </span>
     <span class='ocr_line' id='line_1_21' title="bbox 328 2438 1614 2529; baseline -0.002 -24"><span class='ocrx_word' id='word_1_241' title='bbox 328 2444 513 2529; x_wconf 75' lang='grc' dir='ltr'>νοάποβολῇ.</span> <span class='ocrx_word' id='word_1_242' title='bbox 563 2440 597 2504; x_wconf 87' lang='grc' dir='ltr'>οὑ</span> <span class='ocrx_word' id='word_1_243' title='bbox 626 2439 711 2523; x_wconf 83' lang='grc' dir='ltr'>μόνον</span> <span class='ocrx_word' id='word_1_244' title='bbox 739 2439 771 2502; x_wconf 76' lang='grc' dir='ltr'>δὲ</span> <span class='ocrx_word' id='word_1_245' title='bbox 797 2439 849 2522; x_wconf 78' lang='grc' dir='ltr'>τὴν</span> <span class='ocrx_word' id='word_1_246' title='bbox 876 2439 1009 2522; x_wconf 76' lang='grc' dir='ltr'>τοιαύτην</span> <span class='ocrx_word' id='word_1_247' title='bbox 1044 2439 1115 2523; x_wconf 84' lang='grc' dir='ltr'>ὑλην</span> <span class='ocrx_word' id='word_1_248' title='bbox 1143 2439 1281 2503; x_wconf 80' lang='grc' dir='ltr'>ἀδύνατον</span> <span class='ocrx_word' id='word_1_249' title='bbox 1309 2439 1401 2521; x_wconf 80' lang='grc' dir='ltr'>αὑτὴν</span> <span class='ocrx_word' id='word_1_250' title='bbox 1428 2438 1496 2503; x_wconf 84' lang='grc' dir='ltr'>καθ’</span> <span class='ocrx_word' id='word_1_251' title='bbox 1524 2442 1614 2524; x_wconf 81' lang='grc' dir='ltr'>αὑτὴν</span> 
     </span>
     <span class='ocr_line' id='line_1_22' title="bbox 368 2539 1614 2630; baseline -0.003 -19"><span class='ocrx_word' id='word_1_252' title='bbox 368 2549 537 2630; x_wconf 79' lang='grc' dir='ltr'>ὑποστῆναι,</span> <span class='ocrx_word' id='word_1_253' title='bbox 560 2540 620 2606; x_wconf 86' lang='grc' dir='ltr'>ἀλλ’</span> <span class='ocrx_word' id='word_1_254' title='bbox 642 2542 710 2606; x_wconf 79' lang='grc' dir='ltr'>οὑδὲ</span> <span class='ocrx_word' id='word_1_255' title='bbox 731 2542 764 2605; x_wconf 81' lang='grc' dir='ltr'>τὺ</span> <span class='ocrx_word' id='word_1_256' title='bbox 787 2541 817 2603; x_wconf 84' lang='grc' dir='ltr'>ἐν</span> <span class='ocrx_word' id='word_1_257' title='bbox 832 2539 909 2623; x_wconf 68' lang='grc' dir='ltr'>αὐτῇ</span> <span class='ocrx_word' id='word_1_258' title='bbox 932 2542 1079 2623; x_wconf 83' lang='grc' dir='ltr'>γινόμενον</span> <span class='ocrx_word' id='word_1_259' title='bbox 1103 2542 1186 2611; x_wconf 82' lang='grc' dir='ltr'>εἶδος.</span> <span class='ocrx_word' id='word_1_260' title='bbox 1225 2545 1273 2606; x_wconf 88' lang='grc' dir='ltr'>καὶ</span> <span class='ocrx_word' id='word_1_261' title='bbox 1297 2542 1406 2626; x_wconf 81' lang='grc' dir='ltr'>μάλλὺν</span> <span class='ocrx_word' id='word_1_262' title='bbox 1429 2565 1461 2624; x_wconf 87' lang='grc' dir='ltr'>γε</span> <span class='ocrx_word' id='word_1_263' title='bbox 1483 2544 1515 2605; x_wconf 80' lang='grc' dir='ltr'>τὸ</span> <span class='ocrx_word' id='word_1_264' title='bbox 1537 2543 1614 2613; x_wconf 76' lang='grc' dir='ltr'>εἶδος</span> 
     </span>
     <span class='ocr_line' id='line_1_23' title="bbox 367 2643 1613 2732; baseline -0.005 -19"><span class='ocrx_word' id='word_1_265' title='bbox 367 2654 452 2714; x_wconf 83' lang='grc' dir='ltr'>τοῦτο</span> <span class='ocrx_word' id='word_1_266' title='bbox 474 2654 526 2732; x_wconf 78' lang='grc' dir='ltr'>τῆς</span> <span class='ocrx_word' id='word_1_267' title='bbox 549 2647 619 2731; x_wconf 81' lang='grc' dir='ltr'>ὑληε</span> <span class='ocrx_word' id='word_1_268' title='bbox 638 2646 790 2710; x_wconf 84' lang='grc' dir='ltr'>πέπονθεν.</span> <span class='ocrx_word' id='word_1_269' title='bbox 825 2643 873 2705; x_wconf 82' lang='grc' dir='ltr'>ἐπὶ</span> <span class='ocrx_word' id='word_1_270' title='bbox 896 2644 948 2727; x_wconf 82' lang='grc' dir='ltr'>μέν</span> <span class='ocrx_word' id='word_1_271' title='bbox 971 2645 1025 2728; x_wconf 83' lang='grc' dir='ltr'>γὰρ</span> <span class='ocrx_word' id='word_1_272' title='bbox 1048 2650 1099 2728; x_wconf 78' lang='grc' dir='ltr'>τῆς</span> <span class='ocrx_word' id='word_1_273' title='bbox 1115 2646 1195 2731; x_wconf 74' lang='grc' dir='ltr'>ὑλητ,</span> <span class='ocrx_word' id='word_1_274' title='bbox 1218 2648 1244 2710; x_wconf 84' lang='grc' dir='ltr'>εἰ</span> <span class='ocrx_word' id='word_1_275' title='bbox 1259 2649 1306 2710; x_wconf 89' lang='grc' dir='ltr'>καὶ</span> <span class='ocrx_word' id='word_1_276' title='bbox 1330 2647 1370 2729; x_wconf 78' lang='grc' dir='ltr'>μὴ</span> <span class='ocrx_word' id='word_1_277' title='bbox 1394 2647 1535 2729; x_wconf 77' lang='grc' dir='ltr'>ηκυρίως</span> <span class='ocrx_word' id='word_1_278' title='bbox 1559 2646 1613 2730; x_wconf 85' lang='grc' dir='ltr'>ὑλη</span> 
     </span>
     <span class='ocr_line' id='line_1_24' title="bbox 369 2743 1613 2833; baseline -0.005 -16"><span class='ocrx_word' id='word_1_279' title='bbox 369 2754 416 2817; x_wconf 82' lang='grc' dir='ltr'>οία</span> <span class='ocrx_word' id='word_1_280' title='bbox 438 2777 470 2815; x_wconf 88' lang='grc' dir='ltr'>τε</span> <span class='ocrx_word' id='word_1_281' title='bbox 492 2747 559 2816; x_wconf 82' lang='grc' dir='ltr'>καθ’</span> <span class='ocrx_word' id='word_1_282' title='bbox 587 2750 676 2833; x_wconf 82' lang='grc' dir='ltr'>αὑτὴν</span> <span class='ocrx_word' id='word_1_283' title='bbox 699 2747 784 2822; x_wconf 80' lang='grc' dir='ltr'>εἶναι,</span> <span class='ocrx_word' id='word_1_284' title='bbox 815 2743 874 2809; x_wconf 82' lang='grc' dir='ltr'>ἀλλ’</span> <span class='ocrx_word' id='word_1_285' title='bbox 902 2749 922 2830; x_wconf 77' lang='grc' dir='ltr'>ἢ</span> <span class='ocrx_word' id='word_1_286' title='bbox 945 2772 977 2831; x_wconf 91' lang='grc' dir='ltr'>γε</span> <span class='ocrx_word' id='word_1_287' title='bbox 1004 2749 1034 2811; x_wconf 83' lang='grc' dir='ltr'>ἐν</span> <span class='ocrx_word' id='word_1_288' title='bbox 1058 2754 1117 2817; x_wconf 79' lang='grc' dir='ltr'>τοῖς</span> <span class='ocrx_word' id='word_1_289' title='bbox 1140 2749 1288 2819; x_wconf 80' lang='grc' dir='ltr'>συνθέτοις</span> <span class='ocrx_word' id='word_1_290' title='bbox 1316 2753 1446 2831; x_wconf 83' lang='grc' dir='ltr'>σώμασιν</span> <span class='ocrx_word' id='word_1_291' title='bbox 1470 2749 1524 2831; x_wconf 88' lang='grc' dir='ltr'>ὑλη</span> <span class='ocrx_word' id='word_1_292' title='bbox 1548 2773 1613 2832; x_wconf 86' lang='grc' dir='ltr'>προ-</span> 
     </span>
     <span class='ocr_line' id='line_1_25' title="bbox 369 2849 1608 2942; baseline -0.006 -22"><span class='ocrx_word' id='word_1_293' title='bbox 369 2857 460 2942; x_wconf 80' lang='grc' dir='ltr'>σεχὴς</span> <span class='ocrx_word' id='word_1_294' title='bbox 475 2852 679 2939; x_wconf 84' lang='grc' dir='ltr'>λαμβανομένη</span> <span class='ocrx_word' id='word_1_295' title='bbox 703 2850 755 2914; x_wconf 90' lang='grc' dir='ltr'>οὑκ</span> <span class='ocrx_word' id='word_1_296' title='bbox 771 2849 846 2914; x_wconf 89' lang='grc' dir='ltr'>υὺσα</span> <span class='ocrx_word' id='word_1_297' title='bbox 869 2851 920 2934; x_wconf 75' lang='grc' dir='ltr'>μὲν</span> <span class='ocrx_word' id='word_1_298' title='bbox 938 2851 1038 2921; x_wconf 83' lang='grc' dir='ltr'>ἁπλῶς</span> <span class='ocrx_word' id='word_1_299' title='bbox 1055 2852 1120 2935; x_wconf 82' lang='grc' dir='ltr'>ὕλη.</span> <span class='ocrx_word' id='word_1_300' title='bbox 1143 2854 1227 2915; x_wconf 80' lang='grc' dir='ltr'>τοῦδε</span> <span class='ocrx_word' id='word_1_301' title='bbox 1249 2852 1281 2915; x_wconf 88' lang='grc' dir='ltr'>ὑέ</span> <span class='ocrx_word' id='word_1_302' title='bbox 1298 2876 1371 2921; x_wconf 82' lang='grc' dir='ltr'>τινος</span> <span class='ocrx_word' id='word_1_303' title='bbox 1388 2852 1453 2935; x_wconf 82' lang='grc' dir='ltr'>ὕλη,</span> <span class='ocrx_word' id='word_1_304' title='bbox 1476 2853 1524 2915; x_wconf 85' lang='grc' dir='ltr'>καὶ</span> <span class='ocrx_word' id='word_1_305' title='bbox 1540 2849 1608 2915; x_wconf 86' lang='grc' dir='ltr'>καθ’</span> 
     </span>
     <span class='ocr_line' id='line_1_26' title="bbox 328 2953 1614 3042; baseline -0.003 -22"><span class='ocrx_word' id='word_1_306' title='bbox 328 2959 458 3042; x_wconf 70' lang='grc' dir='ltr'>κναὺτὴν</span> <span class='ocrx_word' id='word_1_307' title='bbox 487 2956 648 3042; x_wconf 84' lang='grc' dir='ltr'>ὑφέστηκεν</span> <span class='ocrx_word' id='word_1_308' title='bbox 675 2953 709 3037; x_wconf 77' lang='grc' dir='ltr'>(ἡ</span> <span class='ocrx_word' id='word_1_309' title='bbox 732 2958 800 3036; x_wconf 84' lang='grc' dir='ltr'>γοῦν</span> <span class='ocrx_word' id='word_1_310' title='bbox 827 2953 857 3016; x_wconf 86' lang='grc' dir='ltr'>ἐν</span> <span class='ocrx_word' id='word_1_311' title='bbox 885 2959 944 3023; x_wconf 83' lang='grc' dir='ltr'>τοῖς</span> <span class='ocrx_word' id='word_1_312' title='bbox 970 2954 1045 3018; x_wconf 81' lang='grc' dir='ltr'>κατὰ</span> <span class='ocrx_word' id='word_1_313' title='bbox 1072 2954 1177 3039; x_wconf 82' lang='grc' dir='ltr'>τέχνην</span> <span class='ocrx_word' id='word_1_314' title='bbox 1206 2955 1364 3039; x_wconf 84' lang='grc' dir='ltr'>γινομένοις</span> <span class='ocrx_word' id='word_1_315' title='bbox 1392 2956 1446 3037; x_wconf 83' lang='grc' dir='ltr'>ὑλη</span> <span class='ocrx_word' id='word_1_316' title='bbox 1470 2955 1614 3038; x_wconf 82' lang='grc' dir='ltr'>τοιαύτη),</span> 
     </span>
     <span class='ocr_line' id='line_1_27' title="bbox 368 3055 1655 3144; baseline -0.007 -18"><span class='ocrx_word' id='word_1_317' title='bbox 368 3068 425 3126; x_wconf 90' lang='grc' dir='ltr'>τῶν</span> <span class='ocrx_word' id='word_1_318' title='bbox 449 3061 481 3124; x_wconf 83' lang='grc' dir='ltr'>δὲ</span> <span class='ocrx_word' id='word_1_319' title='bbox 502 3060 586 3122; x_wconf 84' lang='grc' dir='ltr'>εἰδῶν</span> <span class='ocrx_word' id='word_1_320' title='bbox 618 3062 676 3121; x_wconf 90' lang='grc' dir='ltr'>τῶν</span> <span class='ocrx_word' id='word_1_321' title='bbox 699 3056 729 3118; x_wconf 84' lang='grc' dir='ltr'>ἐν</span> <span class='ocrx_word' id='word_1_322' title='bbox 753 3056 808 3140; x_wconf 85' lang='grc' dir='ltr'>ὑλη</span> <span class='ocrx_word' id='word_1_323' title='bbox 831 3056 988 3140; x_wconf 71' lang='grc' dir='ltr'>γινομένων</span> <span class='ocrx_word' id='word_1_324' title='bbox 1011 3056 1094 3120; x_wconf 81' lang='grc' dir='ltr'>οὐδὲν</span> <span class='ocrx_word' id='word_1_325' title='bbox 1122 3057 1182 3120; x_wconf 82' lang='grc' dir='ltr'>οίὺν</span> <span class='ocrx_word' id='word_1_326' title='bbox 1210 3081 1240 3120; x_wconf 90' lang='grc' dir='ltr'>τε</span> <span class='ocrx_word' id='word_1_327' title='bbox 1264 3055 1332 3121; x_wconf 84' lang='grc' dir='ltr'>καθ’</span> <span class='ocrx_word' id='word_1_328' title='bbox 1361 3058 1431 3121; x_wconf 75' lang='grc' dir='ltr'>αὑτὸ</span> <span class='ocrx_word' id='word_1_329' title='bbox 1455 3058 1655 3144; x_wconf 73' lang='grc' dir='ltr'>ὑποστηναίεν</span> 
     </span>
     <span class='ocr_line' id='line_1_28' title="bbox 369 3150 1614 3245; baseline 0.008 -30"><span class='ocrx_word' id='word_1_330' title='bbox 369 3187 450 3237; x_wconf 55' lang='lat' dir='ltr'>rme,</span> <span class='ocrx_word' id='word_1_331' title='bbox 473 3162 533 3226; x_wconf 76' lang='grc' dir='ltr'>οὔτ’</span> <span class='ocrx_word' id='word_1_332' title='bbox 559 3161 593 3225; x_wconf 78' lang='grc' dir='ltr'>ἂν</span> <span class='ocrx_word' id='word_1_333' title='bbox 616 3157 637 3245; x_wconf 70' lang='grc' dir='ltr'><strong>ᾗ</strong></span> <span class='ocrx_word' id='word_1_334' title='bbox 661 3162 796 3241; x_wconf 84' lang='grc' dir='ltr'>σώματος</span> <span class='ocrx_word' id='word_1_335' title='bbox 811 3150 905 3222; x_wconf 83' lang='grc' dir='ltr'>ἀπλοὺ</span> <span class='ocrx_word' id='word_1_336' title='bbox 928 3156 988 3221; x_wconf 80' lang='grc' dir='ltr'>οὔτ’</span> <span class='ocrx_word' id='word_1_337' title='bbox 1011 3158 1044 3222; x_wconf 78' lang='grc' dir='ltr'>ἂν</span> <span class='ocrx_word' id='word_1_338' title='bbox 1068 3160 1217 3224; x_wconf 88' lang='grc' dir='ltr'>συνθέτου.</span> <span class='ocrx_word' id='word_1_339' title='bbox 1252 3160 1287 3223; x_wconf 88' lang='grc' dir='ltr'>τά</span> <span class='ocrx_word' id='word_1_340' title='bbox 1308 3165 1376 3243; x_wconf 77' lang='grc' dir='ltr'>γοῦν</span> <span class='ocrx_word' id='word_1_341' title='bbox 1399 3160 1463 3243; x_wconf 74' lang='grc' dir='ltr'>εἴδη</span> <span class='ocrx_word' id='word_1_342' title='bbox 1485 3161 1521 3224; x_wconf 83' lang='grc' dir='ltr'>τὰ</span> <span class='ocrx_word' id='word_1_343' title='bbox 1543 3162 1614 3244; x_wconf 78' lang='grc' dir='ltr'>γινί-</span> 
     </span>
     <span class='ocr_line' id='line_1_29' title="bbox 370 3262 1612 3350; baseline 0.001 -23"><span class='ocrx_word' id='word_1_344' title='bbox 370 3289 441 3350; x_wconf 85' lang='grc' dir='ltr'>μενα</span> <span class='ocrx_word' id='word_1_345' title='bbox 463 3266 536 3330; x_wconf 77' lang='grc' dir='ltr'>κατὰ</span> <span class='ocrx_word' id='word_1_346' title='bbox 558 3264 608 3333; x_wconf 79' lang='grc' dir='ltr'>τὰς</span> <span class='ocrx_word' id='word_1_347' title='bbox 631 3262 736 3347; x_wconf 82' lang='grc' dir='ltr'>τέχνας</span> <span class='ocrx_word' id='word_1_348' title='bbox 758 3262 788 3324; x_wconf 85' lang='grc' dir='ltr'>ἐν</span> <span class='ocrx_word' id='word_1_349' title='bbox 809 3268 871 3330; x_wconf 84' lang='grc' dir='ltr'>ταῖς</span> <span class='ocrx_word' id='word_1_350' title='bbox 894 3262 1094 3344; x_wconf 88' lang='grc' dir='ltr'>ὑποκειμέναις</span> <span class='ocrx_word' id='word_1_351' title='bbox 1117 3263 1195 3332; x_wconf 85' lang='grc' dir='ltr'>ὑλαις</span> <span class='ocrx_word' id='word_1_352' title='bbox 1218 3263 1369 3348; x_wconf 82' lang='grc' dir='ltr'>ἀχώριστα</span> <span class='ocrx_word' id='word_1_353' title='bbox 1391 3263 1497 3336; x_wconf 84' lang='grc' dir='ltr'>αὑτῶν,</span> <span class='ocrx_word' id='word_1_354' title='bbox 1520 3268 1612 3328; x_wconf 87' lang='grc' dir='ltr'>καίτοι</span> 
     </span>
    </p>
   </div>
   <div class='ocr_carea' id='block_1_3' title="bbox 314 3536 1669 4221">
    <p class='ocr_par' dir='ltr' id='par_1_3' title="bbox 314 3536 1669 4221">
     <span class='ocr_line' id='line_1_30' title="bbox 315 3536 1668 3608; baseline 0 -16"><span class='ocrx_word' id='word_1_355' title='bbox 315 3542 401 3593; x_wconf 79' lang='lat' dir='ltr'>macht</span> <span class='ocrx_word' id='word_1_356' title='bbox 419 3540 491 3603; x_wconf 84' lang='lat' dir='ltr'><strong>wird‚</strong></span> <span class='ocrx_word' id='word_1_357' title='bbox 511 3539 600 3600; x_wconf 77' lang='lat' dir='ltr'>Form,</span> <span class='ocrx_word' id='word_1_358' title='bbox 619 3539 644 3590; x_wconf 89' lang='lat' dir='ltr'>d.</span> <span class='ocrx_word' id='word_1_359' title='bbox 657 3539 675 3589; x_wconf 84' lang='lat' dir='ltr'>i.</span> <span class='ocrx_word' id='word_1_360' title='bbox 694 3536 828 3606; x_wconf 74' lang='lat' dir='ltr'>dasjenige</span> <span class='ocrx_word' id='word_1_361' title='bbox 847 3538 976 3600; x_wconf 79' lang='lat' dir='ltr'><strong>wodureh‚</strong></span> <span class='ocrx_word' id='word_1_362' title='bbox 995 3552 1069 3589; x_wconf 78' lang='lat' dir='ltr'>wonn</span> <span class='ocrx_word' id='word_1_363' title='bbox 1088 3552 1115 3588; x_wconf 81' lang='lat' dir='ltr'>es</span> <span class='ocrx_word' id='word_1_364' title='bbox 1133 3553 1167 3589; x_wconf 85' lang='lat' dir='ltr'>an</span> <span class='ocrx_word' id='word_1_365' title='bbox 1186 3538 1226 3589; x_wconf 82' lang='lat' dir='ltr'>ihr</span> <span class='ocrx_word' id='word_1_366' title='bbox 1245 3537 1302 3605; x_wconf 82' lang='lat' dir='ltr'>[der</span> <span class='ocrx_word' id='word_1_367' title='bbox 1319 3539 1397 3608; x_wconf 78' lang='lat' dir='ltr'>Hyle]</span> <span class='ocrx_word' id='word_1_368' title='bbox 1417 3540 1544 3601; x_wconf 69' lang='lat' dir='ltr'>entsteht,</span> <span class='ocrx_word' id='word_1_369' title='bbox 1565 3542 1602 3592; x_wconf 81' lang='lat' dir='ltr'>sie</span> <span class='ocrx_word' id='word_1_370' title='bbox 1621 3557 1668 3593; x_wconf 71' lang='lat' dir='ltr'>aus</span> 
     </span>
     <span class='ocr_line' id='line_1_31' title="bbox 314 3624 1669 3692; baseline 0 -12"><span class='ocrx_word' id='word_1_371' title='bbox 314 3630 372 3680; x_wconf 84' lang='lat' dir='ltr'>dem</span> <span class='ocrx_word' id='word_1_372' title='bbox 393 3627 509 3680; x_wconf 78' lang='lat' dir='ltr'><strong>Zustand</strong></span> <span class='ocrx_word' id='word_1_373' title='bbox 533 3627 577 3678; x_wconf 86' lang='lat' dir='ltr'>des</span> <span class='ocrx_word' id='word_1_374' title='bbox 596 3625 727 3692; x_wconf 69' lang='lat' dir='ltr'>Mangels,</span> <span class='ocrx_word' id='word_1_375' title='bbox 750 3624 794 3676; x_wconf 82' lang='lat' dir='ltr'>der</span> <span class='ocrx_word' id='word_1_376' title='bbox 813 3624 960 3686; x_wconf 76' lang='lat' dir='ltr'>Privati0n‚</span> <span class='ocrx_word' id='word_1_377' title='bbox 984 3624 1028 3675; x_wconf 77' lang='lat' dir='ltr'>des</span> <span class='ocrx_word' id='word_1_378' title='bbox 1048 3625 1288 3679; x_wconf 77' lang='lat' dir='ltr'>Vermisstwerdens</span> <span class='ocrx_word' id='word_1_379' title='bbox 1312 3628 1339 3678; x_wconf 90' lang='lat' dir='ltr'>in</span> <span class='ocrx_word' id='word_1_380' title='bbox 1364 3628 1405 3678; x_wconf 81' lang='lat' dir='ltr'>die</span> <span class='ocrx_word' id='word_1_381' title='bbox 1425 3627 1526 3680; x_wconf 71' lang='lat' dir='ltr'><strong>Gestalt</strong></span> <span class='ocrx_word' id='word_1_382' title='bbox 1548 3627 1603 3679; x_wconf 85' lang='lat' dir='ltr'>und</span> <span class='ocrx_word' id='word_1_383' title='bbox 1626 3629 1669 3680; x_wconf 72' lang='lat' dir='ltr'>die</span> 
     </span>
     <span class='ocr_line' id='line_1_32' title="bbox 316 3709 1668 3782; baseline -0.002 -13"><span class='ocrx_word' id='word_1_384' title='bbox 316 3716 397 3769; x_wconf 78' lang='lat' dir='ltr'>Natur</span> <span class='ocrx_word' id='word_1_385' title='bbox 416 3715 541 3782; x_wconf 71' lang='lat' dir='ltr'><strong>fibergeht</strong></span> <span class='ocrx_word' id='word_1_386' title='bbox 654 3713 681 3763; x_wconf 95' lang='lat' dir='ltr'>ll</span> <span class='ocrx_word' id='word_1_387' title='bbox 712 3710 747 3769; x_wconf 82' lang='grc' dir='ltr'>ιὺς</span> <span class='ocrx_word' id='word_1_388' title='bbox 766 3709 825 3782; x_wconf 81' lang='grc' dir='ltr'>γὰρ]</span> <span class='ocrx_word' id='word_1_389' title='bbox 844 3710 897 3761; x_wconf 86' lang='lat' dir='ltr'>und</span> <span class='ocrx_word' id='word_1_390' title='bbox 917 3712 965 3762; x_wconf 76' lang='lat' dir='ltr'>wie</span> <span class='ocrx_word' id='word_1_391' title='bbox 1075 3712 1103 3764; x_wconf 88' lang='grc'>14</span> <span class='ocrx_word' id='word_1_392' title='bbox 1132 3712 1315 3782; x_wconf 80' lang='grc' dir='ltr'>ἀφωρισμένον]</span> <span class='ocrx_word' id='word_1_393' title='bbox 1335 3714 1478 3767; x_wconf 77' lang='grc' dir='ltr'>ὑοιιῑίνιεοιί</span> <span class='ocrx_word' id='word_1_394' title='bbox 1498 3715 1559 3767; x_wconf 80' lang='grc' dir='ltr'>σθεν·</span> <span class='ocrx_word' id='word_1_395' title='bbox 1577 3715 1668 3766; x_wconf 78' lang='lat' dir='ltr'><strong>aulan-</strong></span> 
     </span>
     <span class='ocr_line' id='line_1_33' title="bbox 314 3796 1669 3872; baseline -0.001 -17"><span class='ocrx_word' id='word_1_396' title='bbox 314 3803 383 3872; x_wconf 78' lang='lat' dir='ltr'>gend</span> <span class='ocrx_word' id='word_1_397' title='bbox 492 3803 521 3853; x_wconf 74' lang='grc'>17</span> <span class='ocrx_word' id='word_1_398' title='bbox 547 3797 603 3852; x_wconf 84' lang='grc' dir='ltr'>οὑτε</span> <span class='ocrx_word' id='word_1_399' title='bbox 622 3799 782 3867; x_wconf 77' lang='grc' dir='ltr'>μετὰ-εἷναι</span> <span class='ocrx_word' id='word_1_400' title='bbox 800 3796 877 3871; x_wconf 67' lang='grc' dir='ltr'>αὕτη]</span> <span class='ocrx_word' id='word_1_401' title='bbox 898 3799 952 3848; x_wconf 78' lang='lat' dir='ltr'><strong>ihre</strong></span> <span class='ocrx_word' id='word_1_402' title='bbox 971 3797 1094 3861; x_wconf 59' lang='lat' dir='ltr'>Quam,</span> <span class='ocrx_word' id='word_1_403' title='bbox 1117 3800 1211 3853; x_wconf 86' lang='lat' dir='ltr'>Wesen</span> <span class='ocrx_word' id='word_1_404' title='bbox 1231 3799 1356 3869; x_wconf 83' lang='lat' dir='ltr'><strong>[besteht]</strong></span> <span class='ocrx_word' id='word_1_405' title='bbox 1376 3803 1449 3854; x_wconf 75' lang='lat' dir='ltr'>nicht</span> <span class='ocrx_word' id='word_1_406' title='bbox 1467 3800 1575 3870; x_wconf 77' lang='lat' dir='ltr'>[da1·in]‚</span> <span class='ocrx_word' id='word_1_407' title='bbox 1596 3800 1669 3869; x_wconf 78' lang='lat' dir='ltr'>[dass</span> 
     </span>
     <span class='ocr_line' id='line_1_34' title="bbox 315 3883 1668 3962; baseline -0.001 -19"><span class='ocrx_word' id='word_1_408' title='bbox 315 3889 365 3959; x_wconf 77' lang='lat' dir='ltr'>sie]</span> <span class='ocrx_word' id='word_1_409' title='bbox 385 3892 413 3942; x_wconf 84' lang='lat' dir='ltr'>in</span> <span class='ocrx_word' id='word_1_410' title='bbox 431 3891 502 3942; x_wconf 76' lang='lat' dir='ltr'>einer</span> <span class='ocrx_word' id='word_1_411' title='bbox 515 3888 591 3940; x_wconf 84' lang='lat' dir='ltr'>Form</span> <span class='ocrx_word' id='word_1_412' title='bbox 611 3889 658 3939; x_wconf 77' lang='lat' dir='ltr'>mit</span> <span class='ocrx_word' id='word_1_413' title='bbox 671 3886 828 3938; x_wconf 78' lang='lat' dir='ltr'>Ausschluss</span> <span class='ocrx_word' id='word_1_414' title='bbox 847 3886 918 3936; x_wconf 83' lang='lat' dir='ltr'>einer</span> <span class='ocrx_word' id='word_1_415' title='bbox 937 3883 1046 3953; x_wconf 81' lang='lat' dir='ltr'><strong>[andern</strong></span> <span class='ocrx_word' id='word_1_416' title='bbox 1059 3886 1147 3955; x_wconf 81' lang='lat' dir='ltr'>Form]</span> <span class='ocrx_word' id='word_1_417' title='bbox 1167 3886 1328 3955; x_wconf 76' lang='lat' dir='ltr'>[vorhanden</span> <span class='ocrx_word' id='word_1_418' title='bbox 1348 3888 1398 3958; x_wconf 84' lang='lat' dir='ltr'>sei]</span> <span class='ocrx_word' id='word_1_419' title='bbox 1485 3889 1589 3942; x_wconf 70' lang='grc' dir='ltr'>’λθ-24</span> <span class='ocrx_word' id='word_1_420' title='bbox 1608 3908 1668 3962; x_wconf 89' lang='grc' dir='ltr'>προ-</span> 
     </span>
     <span class='ocr_line' id='line_1_35' title="bbox 316 3973 1668 4050; baseline 0 -20"><span class='ocrx_word' id='word_1_421' title='bbox 316 3979 392 4050; x_wconf 82' lang='grc' dir='ltr'>σεγὴε</span> <span class='ocrx_word' id='word_1_422' title='bbox 409 3973 599 4045; x_wconf 66' lang='grc' dir='ltr'>λαμβανομένη]</span> <span class='ocrx_word' id='word_1_423' title='bbox 623 3975 665 4027; x_wconf 79' lang='grc' dir='ltr'>ιλίε</span> <span class='ocrx_word' id='word_1_424' title='bbox 683 3990 733 4026; x_wconf 84' lang='lat' dir='ltr'>mn·</span> <span class='ocrx_word' id='word_1_425' title='bbox 751 3974 957 4040; x_wconf 77' lang='lat' dir='ltr'>approximative</span> <span class='ocrx_word' id='word_1_426' title='bbox 981 3988 1133 4039; x_wconf 77' lang='lat' dir='ltr'>genommen</span> <span class='ocrx_word' id='word_1_427' title='bbox 1153 3974 1215 4027; x_wconf 87' lang='lat' dir='ltr'>wird</span> <span class='ocrx_word' id='word_1_428' title='bbox 1321 3976 1353 4027; x_wconf 67' lang='lat'>2?</span> <span class='ocrx_word' id='word_1_429' title='bbox 1382 3973 1437 4029; x_wconf 71' lang='grc' dir='ltr'>οὔτ’</span> <span class='ocrx_word' id='word_1_430' title='bbox 1459 3976 1668 4046; x_wconf 61' lang='grc' dir='ltr'>»ἲν-συνθέτου]</span> 
     </span>
     <span class='ocr_line' id='line_1_36' title="bbox 315 4060 1668 4135; baseline 0 -19"><span class='ocrx_word' id='word_1_431' title='bbox 315 4066 388 4117; x_wconf 76' lang='lat' dir='ltr'><strong>nieht</strong></span> <span class='ocrx_word' id='word_1_432' title='bbox 405 4081 480 4116; x_wconf 84' lang='lat' dir='ltr'><strong>wenn</strong></span> <span class='ocrx_word' id='word_1_433' title='bbox 499 4066 537 4116; x_wconf 84' lang='lat' dir='ltr'>sie</span> <span class='ocrx_word' id='word_1_434' title='bbox 550 4065 621 4115; x_wconf 79' lang='lat' dir='ltr'>eines</span> <span class='ocrx_word' id='word_1_435' title='bbox 640 4060 777 4114; x_wconf 80' lang='lat' dir='ltr'>einfachen</span> <span class='ocrx_word' id='word_1_436' title='bbox 789 4060 902 4127; x_wconf 74' lang='lat' dir='ltr'>Kfirpers</span> <span class='ocrx_word' id='word_1_437' title='bbox 921 4061 1049 4112; x_wconf 65' lang='lat' dir='ltr'><strong>enthlfisst</strong></span> <span class='ocrx_word' id='word_1_438' title='bbox 1062 4063 1105 4126; x_wconf 74' lang='lat' dir='ltr'>ist,</span> <span class='ocrx_word' id='word_1_439' title='bbox 1123 4062 1175 4113; x_wconf 79' lang='lat' dir='ltr'>und</span> <span class='ocrx_word' id='word_1_440' title='bbox 1190 4063 1264 4114; x_wconf 83' lang='lat' dir='ltr'>nicht</span> <span class='ocrx_word' id='word_1_441' title='bbox 1282 4079 1356 4115; x_wconf 82' lang='lat' dir='ltr'>wenn</span> <span class='ocrx_word' id='word_1_442' title='bbox 1370 4065 1408 4115; x_wconf 87' lang='lat' dir='ltr'>sie</span> <span class='ocrx_word' id='word_1_443' title='bbox 1422 4065 1493 4135; x_wconf 56' lang='lat' dir='ltr'>eines</span> <span class='ocrx_word' id='word_1_444' title='bbox 1506 4081 1668 4118; x_wconf 75' lang='lat' dir='ltr'><strong>zusammen·</strong></span> 
     </span>
     <span class='ocr_line' id='line_1_37' title="bbox 315 4145 976 4221; baseline -0.009 -16"><span class='ocrx_word' id='word_1_445' title='bbox 315 4157 446 4221; x_wconf 79' lang='lat' dir='ltr'>gesetzten</span> <span class='ocrx_word' id='word_1_446' title='bbox 465 4152 576 4218; x_wconf 71' lang='lat' dir='ltr'>Kfirpers</span> <span class='ocrx_word' id='word_1_447' title='bbox 595 4150 722 4203; x_wconf 70' lang='lat' dir='ltr'><strong>entblbsst</strong></span> <span class='ocrx_word' id='word_1_448' title='bbox 740 4145 922 4214; x_wconf 61' lang='lat' dir='ltr'><strong>(abstrahirff)</strong></span> <span class='ocrx_word' id='word_1_449' title='bbox 941 4149 976 4199; x_wconf 80' lang='lat' dir='ltr'>ist</span> 
     </span>
    </p>
   </div>
   <div class='ocr_carea' id='block_1_4' title="bbox 315 4388 1670 4989">
    <p class='ocr_par' dir='ltr' id='par_1_4' title="bbox 315 4388 1670 4989">
     <span class='ocr_line' id='line_1_38' title="bbox 315 4388 1669 4464; baseline 0.001 -19"><span class='ocrx_word' id='word_1_450' title='bbox 315 4393 331 4445; x_wconf 73' lang='lat'>‘2</span> <span class='ocrx_word' id='word_1_451' title='bbox 350 4391 427 4463; x_wconf 77' lang='grc' dir='ltr'>αὑτῆς</span> <span class='ocrx_word' id='word_1_452' title='bbox 446 4393 551 4460; x_wconf 79' lang='lat' dir='ltr'>scripsi:</span> <span class='ocrx_word' id='word_1_453' title='bbox 569 4389 648 4460; x_wconf 77' lang='grc' dir='ltr'>αὐτῆς</span> <span class='ocrx_word' id='word_1_454' title='bbox 667 4391 705 4443; x_wconf 72' lang='lat' dir='ltr'>Va</span> <span class='ocrx_word' id='word_1_455' title='bbox 816 4392 926 4445; x_wconf 80' lang='lat' dir='ltr'>fortasse</span> <span class='ocrx_word' id='word_1_456' title='bbox 944 4390 1079 4461; x_wconf 79' lang='grc' dir='ltr'>λεγομένην</span> <span class='ocrx_word' id='word_1_457' title='bbox 1096 4388 1194 4462; x_wconf 81' lang='grc' dir='ltr'>(ὕλην)</span> <span class='ocrx_word' id='word_1_458' title='bbox 1212 4392 1244 4444; x_wconf 84' lang='lat' dir='ltr'>cf.</span> <span class='ocrx_word' id='word_1_459' title='bbox 1263 4392 1311 4444; x_wconf 80' lang='lat' dir='ltr'><strong>inl.</strong></span> <span class='ocrx_word' id='word_1_460' title='bbox 1330 4394 1401 4447; x_wconf 82' lang='lat' dir='ltr'>hebr.</span> <span class='ocrx_word' id='word_1_461' title='bbox 1512 4395 1528 4446; x_wconf 81' lang='lat'><strong>3</strong></span> <span class='ocrx_word' id='word_1_462' title='bbox 1547 4413 1669 4464; x_wconf 83' lang='grc' dir='ltr'>προηγου·</span> 
     </span>
     <span class='ocr_line' id='line_1_39' title="bbox 315 4478 1669 4551; baseline 0.001 -20"><span class='ocrx_word' id='word_1_463' title='bbox 315 4483 392 4551; x_wconf 75' lang='grc' dir='ltr'>μένης</span> <span class='ocrx_word' id='word_1_464' title='bbox 409 4497 425 4533; x_wconf 80' lang='lat' dir='ltr'>a</span> <span class='ocrx_word' id='word_1_465' title='bbox 510 4482 526 4531; x_wconf 80' lang='grc'>4</span> <span class='ocrx_word' id='word_1_466' title='bbox 544 4479 573 4530; x_wconf 78' lang='grc' dir='ltr'>τὸ</span> <span class='ocrx_word' id='word_1_467' title='bbox 592 4479 636 4547; x_wconf 76' lang='grc' dir='ltr'>μὲν</span> <span class='ocrx_word' id='word_1_468' title='bbox 655 4481 700 4550; x_wconf 83' lang='grc' dir='ltr'>γάρ</span> <span class='ocrx_word' id='word_1_469' title='bbox 720 4478 787 4548; x_wconf 75' lang='grc' dir='ltr'>κτλ]</span> <span class='ocrx_word' id='word_1_470' title='bbox 807 4480 872 4545; x_wconf 78' lang='lat' dir='ltr'><em>quod</em></span> <span class='ocrx_word' id='word_1_471' title='bbox 889 4483 975 4530; x_wconf 72' lang='lat' dir='ltr'>attinet</span> <span class='ocrx_word' id='word_1_472' title='bbox 992 4480 1028 4529; x_wconf 82' lang='lat' dir='ltr'>ad</span> <span class='ocrx_word' id='word_1_473' title='bbox 1045 4480 1072 4530; x_wconf 83' lang='grc' dir='ltr'>ιἰί</span> <span class='ocrx_word' id='word_1_474' title='bbox 1088 4480 1225 4542; x_wconf 62' lang='lat' dir='ltr'>subitam,</span> <span class='ocrx_word' id='word_1_475' title='bbox 1243 4480 1310 4545; x_wconf 80' lang='lat' dir='ltr'><em>quod</em></span> <span class='ocrx_word' id='word_1_476' title='bbox 1327 4481 1352 4530; x_wconf 81' lang='grc' dir='ltr'>ιἰι</span> <span class='ocrx_word' id='word_1_477' title='bbox 1371 4482 1508 4545; x_wconf 76' lang='lat' dir='ltr'><em>compositis</em></span> <span class='ocrx_word' id='word_1_478' title='bbox 1527 4486 1669 4551; x_wconf 73' lang='lat' dir='ltr'><em>corporibus</em></span> 
     </span>
     <span class='ocr_line' id='line_1_40' title="bbox 315 4564 1669 4638; baseline 0.003 -20"><span class='ocrx_word' id='word_1_479' title='bbox 315 4571 390 4629; x_wconf 74' lang='lat' dir='ltr'><em>ineu,</em></span> <span class='ocrx_word' id='word_1_480' title='bbox 413 4586 492 4618; x_wconf 76' lang='grc' dir='ltr'>εοιιιιιι</span> <span class='ocrx_word' id='word_1_481' title='bbox 512 4570 615 4618; x_wconf 76' lang='lat' dir='ltr'><strong><em>materia</em></strong></span> <span class='ocrx_word' id='word_1_482' title='bbox 633 4572 659 4620; x_wconf 78' lang='lat' dir='ltr'>et</span> <span class='ocrx_word' id='word_1_483' title='bbox 678 4585 702 4636; x_wconf 86' lang='grc' dir='ltr'>ιγ.</span> <span class='ocrx_word' id='word_1_484' title='bbox 713 4584 733 4619; x_wconf 91' lang='lat' dir='ltr'>s.</span> <span class='ocrx_word' id='word_1_485' title='bbox 753 4568 784 4620; x_wconf 82' lang='grc' dir='ltr'>εί.</span> <span class='ocrx_word' id='word_1_486' title='bbox 807 4567 912 4619; x_wconf 72' lang='lat' dir='ltr'>128v43</span> <span class='ocrx_word' id='word_1_487' title='bbox 948 4573 997 4618; x_wconf 80' lang='grc' dir='ltr'>πᾶν</span> <span class='ocrx_word' id='word_1_488' title='bbox 1016 4568 1062 4637; x_wconf 87' lang='grc' dir='ltr'>γάρ</span> <span class='ocrx_word' id='word_1_489' title='bbox 1081 4564 1197 4618; x_wconf 87' lang='grc' dir='ltr'>σὺνθιτυν</span> <span class='ocrx_word' id='word_1_490' title='bbox 1220 4566 1281 4618; x_wconf 79' lang='grc' dir='ltr'>εἶναί</span> <span class='ocrx_word' id='word_1_491' title='bbox 1299 4586 1324 4619; x_wconf 84' lang='grc' dir='ltr'>τε</span> <span class='ocrx_word' id='word_1_492' title='bbox 1348 4569 1399 4618; x_wconf 85' lang='grc' dir='ltr'>καὶ·</span> <span class='ocrx_word' id='word_1_493' title='bbox 1414 4569 1518 4638; x_wconf 83' lang='grc' dir='ltr'>ἐνεργεῖν</span> <span class='ocrx_word' id='word_1_494' title='bbox 1536 4568 1669 4638; x_wconf 81' lang='grc' dir='ltr'>λεγόμενον</span> 
     </span>
     <span class='ocr_line' id='line_1_41' title="bbox 315 4651 1670 4725; baseline 0.002 -19"><span class='ocrx_word' id='word_1_495' title='bbox 315 4653 376 4707; x_wconf 88' lang='grc' dir='ltr'>καθ’</span> <span class='ocrx_word' id='word_1_496' title='bbox 398 4655 514 4724; x_wconf 79' lang='grc' dir='ltr'>ἑκάτερον</span> <span class='ocrx_word' id='word_1_497' title='bbox 532 4661 584 4706; x_wconf 88' lang='grc' dir='ltr'>τῶν</span> <span class='ocrx_word' id='word_1_498' title='bbox 601 4655 627 4706; x_wconf 81' lang='grc' dir='ltr'>ἐν</span> <span class='ocrx_word' id='word_1_499' title='bbox 646 4658 679 4725; x_wconf 71' lang='grc' dir='ltr'>τη</span> <span class='ocrx_word' id='word_1_500' title='bbox 698 4652 821 4717; x_wconf 68' lang='grc' dir='ltr'>συνθέσκ,</span> <span class='ocrx_word' id='word_1_501' title='bbox 845 4652 909 4706; x_wconf 87' lang='grc' dir='ltr'>καθὸ</span> <span class='ocrx_word' id='word_1_502' title='bbox 932 4655 977 4722; x_wconf 88' lang='grc' dir='ltr'>μέν</span> <span class='ocrx_word' id='word_1_503' title='bbox 996 4653 1096 4723; x_wconf 84' lang='grc' dir='ltr'>πρῶτόν</span> <span class='ocrx_word' id='word_1_504' title='bbox 1120 4653 1172 4705; x_wconf 85' lang='grc' dir='ltr'>ἐστί</span> <span class='ocrx_word' id='word_1_505' title='bbox 1190 4672 1216 4705; x_wconf 89' lang='grc' dir='ltr'>τε</span> <span class='ocrx_word' id='word_1_506' title='bbox 1234 4651 1249 4705; x_wconf 84' lang='grc' dir='ltr'>ὑ</span> <span class='ocrx_word' id='word_1_507' title='bbox 1267 4655 1318 4707; x_wconf 89' lang='grc' dir='ltr'>ἐστι</span> <span class='ocrx_word' id='word_1_508' title='bbox 1340 4656 1383 4706; x_wconf 87' lang='grc' dir='ltr'>καὶ</span> <span class='ocrx_word' id='word_1_509' title='bbox 1402 4655 1493 4725; x_wconf 84' lang='grc' dir='ltr'>ἐνεργεῖ</span> <span class='ocrx_word' id='word_1_510' title='bbox 1514 4658 1558 4715; x_wconf 81' lang='grc' dir='ltr'>τὰς</span> <span class='ocrx_word' id='word_1_511' title='bbox 1577 4658 1670 4717; x_wconf 77' lang='grc' dir='ltr'>οἰκείας</span> 
     </span>
     <span class='ocr_line' id='line_1_42' title="bbox 315 4726 1670 4813; baseline 0.003 -20"><span class='ocrx_word' id='word_1_512' title='bbox 315 4742 443 4812; x_wconf 76' lang='grc' dir='ltr'>ἐνεργείας,</span> <span class='ocrx_word' id='word_1_513' title='bbox 461 4746 536 4794; x_wconf 80' lang='grc' dir='ltr'>τοῦτο</span> <span class='ocrx_word' id='word_1_514' title='bbox 556 4740 603 4801; x_wconf 75' lang='grc' dir='ltr'>ἕξις</span> <span class='ocrx_word' id='word_1_515' title='bbox 622 4761 649 4794; x_wconf 89' lang='grc' dir='ltr'>τε</span> <span class='ocrx_word' id='word_1_516' title='bbox 668 4743 711 4793; x_wconf 85' lang='grc' dir='ltr'>καὶ</span> <span class='ocrx_word' id='word_1_517' title='bbox 729 4740 792 4799; x_wconf 61' lang='lat' dir='ltr'>abac</span> <span class='ocrx_word' id='word_1_518' title='bbox 810 4741 874 4793; x_wconf 87' lang='grc' dir='ltr'>ἐστιν</span> <span class='ocrx_word' id='word_1_519' title='bbox 893 4741 987 4793; x_wconf 77' lang='grc' dir='ltr'>αὑτοῦ</span> <span class='ocrx_word' id='word_1_520' title='bbox 1007 4740 1038 4793; x_wconf 84' lang='lat' dir='ltr'>cf.</span> <span class='ocrx_word' id='word_1_521' title='bbox 1051 4726 1108 4792; x_wconf 73' lang='lat' dir='ltr'>sud.</span> <span class='ocrx_word' id='word_1_522' title='bbox 1123 4757 1143 4792; x_wconf 84' lang='lat' dir='ltr'>s.</span> <span class='ocrx_word' id='word_1_523' title='bbox 1154 4757 1177 4791; x_wconf 86' lang='lat' dir='ltr'>v.</span> <span class='ocrx_word' id='word_1_524' title='bbox 1191 4741 1364 4793; x_wconf 77' lang='lat' dir='ltr'><strong>anacoluthon</strong></span> <span class='ocrx_word' id='word_1_525' title='bbox 1467 4745 1483 4793; x_wconf 84' lang='lat'>8</span> <span class='ocrx_word' id='word_1_526' title='bbox 1501 4743 1635 4813; x_wconf 82' lang='grc' dir='ltr'>ὑφεστᾶναι</span> <span class='ocrx_word' id='word_1_527' title='bbox 1654 4762 1670 4797; x_wconf 87' lang='lat' dir='ltr'>a</span> 
     </span>
     <span class='ocr_line' id='line_1_43' title="bbox 315 4827 1668 4898; baseline 0.004 -19"><span class='ocrx_word' id='word_1_528' title='bbox 315 4834 330 4879; x_wconf 78' lang='grc'><strong>9</strong></span> <span class='ocrx_word' id='word_1_529' title='bbox 349 4829 387 4880; x_wconf 78' lang='grc' dir='ltr'>ἀεὶ</span> <span class='ocrx_word' id='word_1_530' title='bbox 406 4833 431 4880; x_wconf 81' lang='lat' dir='ltr'>et</span> <span class='ocrx_word' id='word_1_531' title='bbox 450 4829 497 4880; x_wconf 73' lang='grc' dir='ltr'>αἰεί</span> <span class='ocrx_word' id='word_1_532' title='bbox 516 4830 613 4882; x_wconf 81' lang='lat' dir='ltr'>variare</span> <span class='ocrx_word' id='word_1_533' title='bbox 632 4830 696 4883; x_wconf 81' lang='lat' dir='ltr'><strong>solet</strong></span> <span class='ocrx_word' id='word_1_534' title='bbox 717 4829 737 4879; x_wconf 88' lang='lat' dir='ltr'>V</span> <span class='ocrx_word' id='word_1_535' title='bbox 813 4827 903 4893; x_wconf 73' lang='grc' dir='ltr'>αὑτοῦ]</span> <span class='ocrx_word' id='word_1_536' title='bbox 922 4833 951 4880; x_wconf 76' lang='grc' dir='ltr'>οῦ</span> <span class='ocrx_word' id='word_1_537' title='bbox 971 4829 996 4879; x_wconf 83' lang='lat' dir='ltr'>in</span> <span class='ocrx_word' id='word_1_538' title='bbox 1016 4830 1053 4881; x_wconf 79' lang='lat' dir='ltr'>lit.</span> <span class='ocrx_word' id='word_1_539' title='bbox 1072 4828 1095 4879; x_wconf 88' lang='lat' dir='ltr'>V</span> <span class='ocrx_word' id='word_1_540' title='bbox 1175 4829 1204 4879; x_wconf 79' lang='lat'>14</span> <span class='ocrx_word' id='word_1_541' title='bbox 1223 4829 1420 4898; x_wconf 80' lang='grc' dir='ltr'>ἀφορισμένουυ</span> <span class='ocrx_word' id='word_1_542' title='bbox 1495 4831 1524 4881; x_wconf 73' lang='lat'>17</span> <span class='ocrx_word' id='word_1_543' title='bbox 1544 4831 1611 4884; x_wconf 82' lang='grc' dir='ltr'>οἷοίτε</span> <span class='ocrx_word' id='word_1_544' title='bbox 1632 4834 1668 4884; x_wconf 69' lang='lat' dir='ltr'>Va</span> 
     </span>
     <span class='ocr_line' id='line_1_44' title="bbox 318 4914 1650 4989; baseline 0.003 -22"><span class='ocrx_word' id='word_1_545' title='bbox 318 4917 348 4967; x_wconf 78' lang='grc'>18</span> <span class='ocrx_word' id='word_1_546' title='bbox 367 4916 430 4988; x_wconf 70' lang='grc' dir='ltr'>αὕτη]</span> <span class='ocrx_word' id='word_1_547' title='bbox 450 4934 476 4967; x_wconf 86' lang='lat' dir='ltr'>a:</span> <span class='ocrx_word' id='word_1_548' title='bbox 496 4935 560 4986; x_wconf 82' lang='grc' dir='ltr'>αντη</span> <span class='ocrx_word' id='word_1_549' title='bbox 579 4918 602 4970; x_wconf 82' lang='lat' dir='ltr'>V</span> <span class='ocrx_word' id='word_1_550' title='bbox 710 4917 741 4968; x_wconf 81' lang='grc'>19</span> <span class='ocrx_word' id='word_1_551' title='bbox 759 4920 798 4986; x_wconf 74' lang='grc' dir='ltr'>τῷ</span> <span class='ocrx_word' id='word_1_552' title='bbox 819 4918 852 4967; x_wconf 70' lang='lat' dir='ltr'>V:</span> <span class='ocrx_word' id='word_1_553' title='bbox 871 4917 935 4968; x_wconf 80' lang='grc' dir='ltr'>του</span> <span class='ocrx_word' id='word_1_554' title='bbox 1041 4914 1194 4968; x_wconf 68' lang='grc' dir='ltr'>ι’θοίοίτευ</span> <span class='ocrx_word' id='word_1_555' title='bbox 1301 4914 1650 4989; x_wconf 67' lang='grc' dir='ltr'>θῖηνετίρείιηυιηθ</span> 
     </span>
    </p>
   </div>
   <div class='ocr_carea' id='block_1_5' title="bbox 0 0 1779 5610">
    <p class='ocr_par' dir='ltr' id='par_1_5' title="bbox 0 0 1779 5610">
     <span class='ocr_line' id='line_1_45' title="bbox 0 0 1779 5610; baseline 0 0"><span class='ocrx_word' id='word_1_556' title='bbox 0 0 1779 5610; x_wconf 95' lang='lat' dir='ltr'> </span> 
     </span>
    </p>
   </div>
  </div>
 </body>
</html>
