3540 5610
633 311 773 369 ΒΙΒΛΙΟΝ
792 309 971 369 ΛΕΠΕΡΟΝ
992 312 1095 365 22-23
1502 308 1543 372 73

238 491 352 574 σιθηρον
375 491 517 575 φέρεσθαι
538 490 625 574 (πρὸς
647 488 702 573 γὰρ
724 487 760 550 τά
783 487 870 570 ὅμοια
892 487 1028 571 ἡφορά),
1054 488 1100 550 καὶ
1115 485 1272 568 ἐνδυόμενα
1293 485 1334 553 είς
1350 483 1416 550 τοὺς
1438 477 1488 541 πό-

234 616 304 675 ρους
326 597 378 655 τοῦ
401 595 521 676 σιδήρου
548 597 633 655 κινεῖν
659 592 696 654 τά
723 592 754 655 ἐν
777 591 878 674 ἐκείνῳ
907 593 1029 672 σώματα
1056 589 1230 671 διαδυόμενα
1257 586 1293 650 δι’
1321 588 1417 650 αὐτῶν
1441 581 1488 646 διὰ
1503 596 1529 639 1⁵

223 696 408 779 λεπτότητα,
430 696 466 759 τά
488 697 521 759 δὲ
541 695 696 778 κινηθέντα
718 692 774 764 ἔξω
795 717 827 757 τε
842 694 984 778 φέρεσθαι
1006 694 1185 778 ἀπορρέοντα
1208 694 1256 755 καὶ
1279 693 1351 774 πρὸς
1372 690 1425 771 τἠν
1448 685 1486 748 λί·

224 798 286 860 θον
310 800 359 862 διά
381 822 412 862 τε
435 798 593 882 ὁμοιότητα
620 800 667 861 καὶ
691 797 792 861 διὰτὸ
816 797 885 860 κενά
912 795 991 882 ἔχειν
1014 798 1120 870 πλείω,
1151 797 1194 865 οἷς
1216 794 1356 876 ἐπέμενον
1379 793 1427 855 τὸν
1451 788 1489 852 σί·

174 918 188 966 5
218 903 324 985 ὃηρον
346 902 393 965 ἀιά
416 903 469 985 τὴν
492 901 603 986 ἀθρόαν
620 899 744 984 ἔκκρισίν
768 923 799 964 τε
821 901 870 963 καὶ
892 900 984 984 φοράν
1005 900 1147 984 φέρεσθαι
1169 900 1217 962 καὶ
1232 898 1319 961 αὐτὸν
1342 896 1413 980 πρὸς
1436 894 1488 976 τὴν
1502 906 1531 949 ⁸⁰

218 1006 327 1069 λιθον.
374 1004 469 1068 οῦκέτι
493 1006 566 1089 θείη
594 1005 676 1073 λίθος
698 1005 770 1088 πρὸς
793 1004 841 1066 τὸν
864 1005 980 1087 σιθηρον
996 1003 1124 1088 φέρεται,
1148 1002 1192 1066 ὅτι
1216 1004 1256 1085 μὴ
1274 998 1337 1085 ἔχει
1360 1002 1489 1062 τοσαῦτα

217 1109 254 1170 ὃ
277 1109 394 1193 σίδηρος
417 1108 488 1172 κενά
509 1107 565 1172 ὅσα
587 1109 606 1192 ἡ
630 1108 720 1177 λίθος.
764 1108 840 1170 ἀλλά
861 1108 894 1170 τὸ
918 1109 970 1188 μὲν
993 1109 1045 1190 τὴν
1068 1107 1149 1170 λίθον
1177 1107 1224 1168 καί
1248 1107 1295 1168 τὸν
1318 1104 1434 1186 σίδηρον
1458 1098 1488 1168 ἐξ

226 1211 350 1291 ὁμοίων
372 1212 541 1295 συγκεῖσθαι
563 1209 669 1282 δέξαιτ’
689 1210 724 1275 ἀν
747 1234 798 1286 τις,
821 1216 884 1280 πῶς
906 1211 938 1274 δὲ
959 1211 1055 1274 καὶτὸ
1076 1209 1214 1294 ἤλεκτρον
1237 1210 1286 1271 καί
1308 1209 1340 1271 τὸ
1364 1204 1491 1291 ἀχυρον;
1505 1216 1533 1260 2⁶

216 1312 262 1393 ’ἀ
278 1313 320 1376 ὅτι
343 1316 376 1378 δὲ
398 1316 445 1378 καὶ
461 1312 506 1378 ἐπ’
527 1316 646 1378 ἐκείνων
662 1313 775 1397 λέγεται
789 1314 895 1398 ταύτην
911 1315 963 1396 τὴν
979 1314 1083 1389 αἰτίαν,
1107 1311 1148 1376 ἔτι
1164 1312 1258 1375 πολλὰ
1275 1308 1417 1392 ἑλκόμενα
1433 1306 1489 1369 ὑπὸ

135 1429 166 1476 lb
216 1422 287 1479 ‘tob
305 1416 308 1501 l
326 1418 478 1503 ἠλέκτρου,
491 1419 534 1488 οἷς
548 1423 635 1482 πᾶσιν
651 1419 678 1481 εἰ
693 1417 723 1488 ἐξ
738 1417 847 1500 ὁμοίων
866 1416 1020 1499 σύγκειται,
1033 1417 1152 1479 κάκεῖνα
1168 1416 1198 1484 ἐξ
1213 1415 1321 1497 ὁμοίων
1337 1412 1475 1495 ἀλλήλοις
1495 1413 1544 1471 138

221 1522 409 1604 συγκείμενα
424 1521 504 1585 έλκοι
520 1520 581 1606 (ἀν)
596 1520 719 1604 ἀλληλα.
757 1520 926 1603 Διογένης
948 1521 980 1583 δὲ
1003 1520 1019 1582 ὁ
1039 1518 1326 1600 Ἀπολλωνιάτης
1348 1517 1440 1577 πάντα
1456 1511 1491 1574 τά

241 1625 331 1687 ἐλατά
346 1647 433 1709 φησιν
449 1627 498 1689 κοιλ
513 1624 628 1709 ἀφιέναι
643 1624 705 1687 τινὰ
721 1624 828 1707 ἰκμάδα
844 1622 896 1707 ἀφ’
916 1624 1012 1686 αὐτῶν
1029 1623 1185 1704 πεφυκέναι
1200 1622 1247 1684 καὶ
1266 1620 1358 1682 ἕλκειν
1375 1615 1494 1691 ἔξωθεν,
1521 1629 1535 1672 ε

237 1730 276 1790 τὰ
292 1730 343 1811 μέν
358 1729 461 1804 πλείω,
476 1727 512 1791 τά
527 1730 560 1791 δέ
576 1728 698 1800 ἐλάττω,
722 1727 858 1810 πλείστην
881 1727 914 1789 ἀὲ
930 1725 1044 1809 ἀφιέναι
1066 1724 1175 1811 χαλκόν
1192 1748 1222 1786 τε
1239 1725 1285 1786 καί
1307 1724 1433 1805 σίῦηρον,
1457 1717 1491 1781 οῦ

246 1837 359 1914 σημεῖον
375 1830 409 1892 τῦ
424 1854 455 1893 τε
471 1831 668 1894 ἀποκαίεσθαί
680 1854 706 1893 τι
721 1831 768 1893 καὶ
785 1829 1036 1892 ἀπαναλίσκεσθαι
1051 1827 1101 1890 ἀπ’
1122 1829 1219 1890 αὐτῶν
1235 1827 1264 1889 ἐν
1285 1831 1326 1910 τῷ
1343 1823 1424 1907 πυρί,
1445 1822 1492 1884 καὶ

147 1940 166 1949 ”
246 1936 273 1997 τὸ
287 1934 428 2019 χριόμενα
443 1934 517 1997 αῦτά
533 1933 591 2003 ἀίει
606 1935 654 1997 καὶ
669 1934 758 2018 ἐλαίῳ
775 1935 903 1997 ίοῦσθαι·
927 1937 1012 1996 τοῦτο
1028 1933 1082 2016 γάρ
1103 1934 1226 2016 πάσχειν
1242 1929 1289 1993 διὰ
1304 1931 1336 1991 τὸ
1353 1928 1446 1990 ἕλκειν
1464 1926 1492 1995 ἐξ
1507 1941 1534 1984 1⁰

245 2038 333 2100 αὐτῶν
349 2039 400 2120 τὴν
425 2038 532 2121 ἰκμάδα
554 2039 587 2100 τὸ
611 2036 684 2107 ὄξος.
707 2036 777 2117 ῒτὸ
799 2036 854 2120 γάρ
869 2038 901 2098 τὸ
922 2041 979 2118 πῦρ
994 2036 1082 2098 καίειν
1107 2035 1140 2097 ἀν
1163 2035 1251 2098 καίειν
1274 2033 1368 2116 αὐτῷ·
1393 2035 1435 2112 τῷ
1460 2030 1492 2091 δὲ

245 2141 427 2222 είσῦυῦμενον
450 2143 492 2210 είς
514 2140 636 2204 ἕκαστον
659 2141 752 2204 ἕλκειν
775 2141 877 2203 τεκαὶ
900 2141 1062 2203 ἀναλίσκειν
1085 2140 1117 2202 τὸ
1133 2139 1163 2200 ἐν
1186 2137 1284 2206 αὐτοῖς
1306 2134 1400 2219 ὑγρόν.
1439 2137 1490 2194 τοῦ

247 2245 360 2329 σιδήρου
384 2243 518 2314 ἕλκοντός
541 2245 635 2307 τεκαὶ
658 2247 756 2306 πλεῖον
780 2244 913 2326 ἀφιέντος
928 2244 1013 2327 ὑγρὸν
1036 2243 1088 2325 τὴν
1111 2242 1191 2304 λίθον
1215 2239 1303 2303 οὖσαν
1319 2236 1488 2322 ἀραιοτέραν
1503 2251 1529 2294 15
1565 2309 1572 2321 ·

246 2352 291 2410 τοῦ
318 2350 438 2432 σιδήρου
464 2350 513 2411 καὶ
540 2347 737 2432 γεωάεστέραν
765 2352 863 2410 πλεῖον
891 2347 983 2410 ἕλκειν
1011 2348 1043 2409 τὸ
1071 2347 1155 2429 ὑγρὸν
1183 2346 1215 2407 τὸ
1244 2344 1302 2407 ἀπὸ
1328 2347 1379 2404 τοῦ
1402 2363 1491 2424 παρα-

139 2450 213 2505 ²0
246 2450 373 2531 κειμένου
396 2452 482 2535 ἀέρος
504 2452 523 2535 ᾖ
548 2451 671 2535 ἀφιέναι.
715 2451 748 2513 τὸ
773 2451 824 2532 μὲν
852 2448 901 2512 οὖν
924 2450 1060 2531 συγγενὲς
1087 2448 1228 2511 ἕλκουσαν
1255 2448 1285 2510 ἐν
1308 2446 1383 2527 αὑτῇ
1409 2443 1490 2528 δέχε-

245 2556 324 2626 σθαι,
353 2556 385 2616 τὸ
413 2555 445 2617 δέ
473 2555 513 2638 μὴ
542 2555 674 2636 συγγενὲς
701 2554 841 2617 ἀπωθεῖν.
887 2552 960 2615 εἶναι
986 2550 1012 2614 δ’
1040 2551 1115 2633 αὐτῇ
1140 2555 1260 2634 συγγενῆ
1288 2551 1336 2612 τὸν
1364 2548 1490 2631 σίδηρον,

245 2658 284 2718 διὸ
306 2658 339 2719 τὸ
363 2658 421 2720 ἀπὸ
449 2657 552 2720 τοῦτου
575 2657 667 2720 ἕλκειν
694 2680 725 2719 τε
751 2657 799 2719 καὶ
826 2656 968 2740 δέχεσθαι
995 2655 1025 2716 ἐν
1049 2655 1138 2735 αὐτῇ.
1167 2654 1215 2715 καὶ
1242 2651 1289 2714 διὰ
1315 2655 1367 2732 τῆς
1389 2650 1534 2713 τοῦτουευ

247 2759 347 2829 ἕλξεως
370 2762 417 2822 καί
439 2761 488 2822 τθν
511 2760 627 2843 σίδηρον
650 2760 829 2823 ἐπισπᾶσθαι
858 2759 905 2821 διὰ
928 2759 979 2840 τὴν
1007 2757 1117 2839 ἀθρόαν
1140 2756 1214 2824 ἕλξιν
1237 2759 1287 2817 τοῦ
1309 2755 1339 2816 έν
1365 2751 1368 2835 l
1392 2753 1473 2836 αὐτῷ
1499 2759 1545 2816 139

246 2863 337 2945 ὑγροῦ,
368 2862 476 2946 μηκέτι
493 2863 525 2925 bb
547 2863 595 2925 τὸν
611 2862 728 2946 σίδηρον
752 2861 844 2923 ἕλκειν
867 2862 920 2944 τὴν
939 2861 1021 2924 λίθον
1044 2859 1114 2944 (τῷ)
1138 2860 1206 2943 μηδ’
1235 2859 1327 2926 οὕτως
1349 2856 1421 2919 εἶναι
1445 2857 1492 2919 τὸν

142 2966 230 3029 25
247 2968 359 3049 σίδηρον
388 2966 487 3049 ἀραιὸν
516 2968 557 3032 ὡς
583 2965 724 3049 δέχεσθαι
752 2965 892 3027 δύνασθαι
920 2962 1031 3047 ἀθρόαν
1063 2965 1115 3046 τὴν
1143 2960 1193 3024 ἀπ’
1221 2960 1312 3043 αὐτῆς
1339 2961 1491 3044 ὑγρότητα.

245 3067 301 3131 ἀλλ’
329 3069 355 3130 εἰ
378 3072 478 3141 τοῦτο,
502 3066 549 3130 διὰ
570 3067 599 3128 τί
619 3065 693 3149 μάνη
717 3090 735 3149 η
758 3067 840 3135 λίθος
862 3067 941 3129 ἕλκει
963 3067 1012 3128 τὸν
1035 3067 1165 3147 σίδηρον,
1192 3063 1298 3126 τῶνδ’
1326 3062 1422 3125 ἀλλων
1446 3062 1490 3125 οὐ·
1519 3079 1533 3120 5

246 3171 289 3233 ὀὲν
311 3173 344 3234 τῦ
368 3170 516 3253 συγγενές,
543 3169 603 3232 οἷον
626 3170 737 3253 χαλκὸς
763 3171 810 3232 καί
835 3169 983 3251 μόλιβδος;
1015 3168 1117 3251 ἀφίησι
1139 3167 1194 3250 γάρ
1221 3167 1268 3228 καί
1294 3170 1384 3228 ταῦτα
1407 3166 1492 3249 ὑγρὸν

247 3273 290 3334 καί
313 3273 400 3347 ἕλκει,
422 3274 470 3336 καὶ
494 3277 614 3355 συγγενῆ
641 3295 704 3334 τινα
730 3273 778 3334 καὶ
801 3272 911 3339 τούτοις
933 3271 1023 3344 ἐστίν,
1052 3272 1150 3352 ὥσπερ
1177 3270 1224 3332 καὶ
1252 3273 1302 3330 τοῦ
1331 3270 1450 3352 σιδήρου
1473 3293 1492 3352 η

246 3376 333 3444 λίθος.
372 3374 415 3439 ἔτι
436 3376 485 3438 διὰ
506 3374 534 3436 τί
554 3374 587 3437 οὐ
611 3375 659 3437 καὶ
682 3371 756 3436 ἀλλα
778 3375 840 3436 τινὰ
863 3376 881 3456 ἡ
905 3374 986 3441 λίθος
1007 3372 1086 3434 ἕλκει
1109 3377 1166 3434 τῶν
1190 3376 1324 3453 στερεῶν,
1348 3371 1366 3432 ἀ
1390 3372 1492 3455 ἀφίησι
1507 3389 1535 3430 ιο

151 3480 229 3544 30
245 3481 359 3542 πλείονα
385 3479 506 3561 ίκμάἀα,
535 3478 576 3539 ὧν
598 3478 646 3539 καί
673 3478 689 3538 b
715 3477 826 3560 χαλκός
853 3476 944 3545 ἐστιν;
974 3475 1007 3537 οὐ
1033 3475 1087 3557 γὰρ
1111 3474 1195 3541 διότι.
1211 3474 1328 3555 ἐμμένει
1355 3474 1390 3535 τά
1414 3475 1493 3538 ἑλκό-

245 3605 314 3666 μενα
339 3581 387 3644 bib
414 3581 466 3664 τὴν
494 3581 669 3664 συμμετρίαν
697 3580 796 3642 ἕπεται
824 3581 856 3641 τὸ
885 3577 935 3662 ἀφ’
964 3577 1052 3660 οὗπερ
1081 3579 1124 3661 ρεῖ
1151 3578 1182 3638 τὸ
1213 3576 1383 3657 ἑλκόμενον,
1414 3579 1489 3642 ἀλλὰ

167 3778 211 3838 52
228 3795 300 3840 κινεῖν
317 3787 375 3855 Sp.:
395 3792 461 3838 κινεῖ
476 3787 535 3839 libri
641 3787 658 3838 4
681 3784 786 3843 01:3²2
804 3784 859 3852 Sp.:
879 3780 928 3836 ob'
950 3784 1041 3834 VB¹F:
1062 3783 1097 3839 οίς
1116 3778 1197 3835 6³8²:
1217 3782 1239 3832 ol
1258 3780 1285 3833 θ’
1303 3783 1333 3835 8¹
1423 3783 1438 3833 6
1458 3782 1520 3855 ἔχει]
1537 3802 1545 3834 ι

176 3881 285 3936 munero
305 3877 460 3927 ιιοιειυων
551 3874 629 3926 baril
647 3875 751 3942 scripsi:
775 3873 810 3929 είς
829 3872 889 3924 libri
996 3878 1055 3938 post
1073 3871 1167 3941 ἄχυρον
1187 3872 1263 3938 posui
1282 3872 1349 3938 sign.
1369 3871 1467 3933 interr„
1488 3876 1547 3936 post

183 3964 270 4015 αἰτίαν
289 3964 349 4016 libri
458 3960 541 4030 θὸτι]
561 3963 582 4014 εί
602 3963 731 4016 Schwartz
838 3960 863 4012 δὲ
883 3976 933 4012 om.
952 3977 968 4010 ε
987 3963 1030 4026 Sp.
1137 3958 1244 4028 λέγεται]
1273 3958 1337 4028 λέγει
1356 3977 1370 4009 ε
1389 3960 1433 4022 Sp.

197 4051 227 4103 10
251 4050 297 4116 οἷς]
316 4049 352 4108 ὡς
371 4051 439 4102 σοιτί.
459 4049 502 4116 Sp.
608 4056 681 4102 πᾶσιν
704 4050 726 4102 εί
746 4050 837 4101 vss¹r2
866 4053 937 4100 πᾶσιν
957 4050 999 4101 S¹r
1030 4048 1051 4099 εί
1073 4048 1154 4098 πάντα
1173 4047 1266 4101 B²s³m
1298 4049 1318 4099 εί
1341 4046 1456 4098 πάνταά
1479 4047 1546 4097 coni.

193 4138 236 4205 Sp.
355 4138 384 4189 ll
414 4136 552 4189 ἀνεάἀίἀί
660 4137 685 4189 δὲ
710 4137 767 4204 Sp.:
796 4155 822 4188 τι
846 4136 906 4188 libri
925 4134 956 4187 cl.
977 4134 1058 4198 7238
1167 4137 1198 4186 lb
1226 4135 1263 4202 τῷ
1287 4136 1332 4203 γὰρ
1351 4137 1395 4199 Sp.
1415 4134 1482 4184 coni.

195 4225 235 4276 αλλ.
253 4225 281 4277 τά
301 4225 350 4278 del.
368 4225 551 4277 Panzerbleler
570 4223 661 4291 (Βίας.
681 4224 763 4288 Apoll.
777 4244 805 4293 ρ.
820 4226 869 4288 98)
960 4224 1037 4275 καίειν
1056 4242 1085 4275 αν
1105 4225 1183 4275 καίειν
1203 4225 1239 4274 sic
1261 4227 1291 4272 V:
1321 4223 1399 4273 καίειν
1418 4221 1447 4272 ἀν
1467 4221 1546 4272 καίειν

197 4312 313 4365 FGB¹S¹2
336 4313 416 4364 καίειν
439 4311 485 4381 τἠν
504 4311 529 4363 ἐν
547 4309 619 4381 αθτιγῖ
637 4309 731 4378 ίκμάῦα
750 4310 779 4361 ἀν
798 4312 877 4363 καίειν
896 4312 941 4377 (ίκ.
957 4311 1099 4363 ἀποκαίειν
1118 4315 1161 4377 b'p.
1186 4311 1219 4362 ίκ.
1241 4311 1380 4361 ἀνακαίειν
1400 4311 1438 4359 vir·
1457 4310 1548 4359 doctus

197 4401 258 4466 apud
277 4400 334 4466 Sp.)
356 4398 439 4453 B²s²a
457 4401 502 4466 Sp.
609 4402 647 4468 τῷ
665 4399 829 4452 VS¹FGzrb
849 4399 920 4452 BS‘la
937 4398 981 4466 Sp.
1089 4395 1548 4464 αῦτάτόῦὲ<ἀξυς>είοθυόμενον

199 4487 231 4537 rir
247 4488 339 4540 doctus
358 4486 428 4554 apud
442 4485 499 4555 Sp.;
521 4485 630 4538 sonasse
649 4486 702 4537 καὶ
720 4487 766 4554 γάρ
784 4485 813 4537 τὸ
826 4492 875 4556 πῦρ
894 4487 972 4538 καίειν
991 4486 1094 4538 θκαίει
1112 4486 1205 4537 αῦτιῦν
1224 4487 1261 4554 rigi
1281 4485 1330 4552 [br]
1430 4485 1457 4535 ll
1479 4483 1548 4551 αὐτῷ

199 4572 272 4627 8²8²:
295 4577 340 4642 Sp.
451 4573 507 4642 τοῦ]
535 4574 578 4625 καὶ
600 4574 640 4625 vel
663 4573 728 4625 ὥστε
747 4578 791 4624 τοῦ
810 4575 849 4625 νίτ
867 4575 958 4626 (locius
977 4575 1046 4640 apud
1066 4574 1109 4641 Sp.
1226 4576 1259 4624 20
1287 4573 1431 4643 ι’γάφιέναι]
1450 4573 1465 4638 ἡ
1485 4573 1501 4622 ἀ
1520 4574 1548 4623 iu

200 4659 231 4713 lir.
250 4667 272 4712 V
373 4662 404 4714 ‘ll
433 4661 462 4713 τὸ
485 4660 725 4713 ῦέΡειιτετῦίειεττ
753 4662 810 4712 τότε
830 4663 886 4713 libri
996 4662 1028 4712 ‘22
1057 4662 1093 4713 διὸ
1112 4664 1217 4728 scripsi:
1248 4661 1286 4713 ῦιά
1305 4661 1363 4712 libri
1472 4660 1547 4712 ῦιὸ-

200 4747 292 4817 τοῦταυ]
314 4748 354 4801 br
376 4753 451 4802 τοῦτο
474 4749 666 4802 Prnzerbieter:
695 4747 734 4800 ῦιά
753 4754 826 4801 τοῦτο
850 4748 890 4813 (τὸ
910 4749 995 4819 ὑγρὸν)
1018 4750 1063 4817 Sp.
1083 4751 1150 4801 coni.
1267 4750 1300 4800 ‘24
1327 4751 1365 4816 τῷ
1389 4749 1446 4799 adil.
1467 4750 1548 4800 B²S²a

201 4835 238 4898 Sp.
333 4831 395 4905 μηδ’
415 4838 523 4903 scripsir
546 4832 615 4906 μηθ’
634 4836 707 4888 libri:
736 4837 770 4905 μὴ
790 4839 834 4902 Sp.
930 4840 968 4908 τῷ
987 4837 1079 4910 σιδήριρ
1099 4838 1170 4890 Diels
1259 4837 1292 4887 :²9
1321 4836 1349 4887 σὺ
1370 4839 1411 4889 καὶ
1429 4836 1491 4887 ἀλλα
1511 4841 1546 4892 Ιλι

207 4920 320 4976 ubilaba
338 4924 377 4977 sic
395 4927 427 4976 V:
452 4923 498 4978 οῦκ
517 4923 581 4978 ἀλλα
601 4926 682 4978 Gsra
701 4924 745 4995 Sp.
