3540 5610
217 320 260 385 84
706 315 858 374 ΑΠΟΡΙΩΝ
879 314 938 371 ΚΑΙ
958 314 1090 370 bril-:ml

271 489 302 552 ἐν
325 490 453 555 ἐπιδόσει
475 491 611 574 γενέσθαι
633 495 672 575 τῆ
696 492 772 555 καθὸ
795 489 858 575 ἔχει
882 491 938 553 ύπὸ
960 495 1011 553 τοῦ
1033 490 1161 573 ἐνεργείᾳ
1184 487 1266 557 ὄντος
1288 489 1335 551 καί
1358 488 1472 571 ὁμοίου.
1507 487 1570 570 ῆιδ

270 592 325 676 γὰρ
347 593 421 658 κατά
443 594 495 677 τὴν
510 593 567 664 ἕξιν
590 594 637 656 καλ
660 594 794 675 τοιαύτην
816 593 935 674 δύναμιν
953 592 1080 675 ἐνέργεια
1103 589 1250 674 τελειύτης
1271 588 1345 653 ούσα
1367 594 1425 672 τῆς
1435 589 1524 658 ἕξεως

270 695 304 758 ού
327 696 401 759 κατὰ
423 698 475 780 τῆν
498 697 538 766 είς
560 695 722 759 τούναντίον
746 695 908 779 μεταβολὴν
930 696 1062 777 γίγνεται,
1086 693 1161 756 ἀλλά
1184 693 1258 756 κατὰ
1280 693 1332 774 τῆν
1357 695 1409 755 τοῦ
1431 691 1522 755 αὐτοῦ

271 795 301 865 ἐξ
324 799 423 881 ἀργίας
445 798 486 867 είς
508 798 666 882 ἐνέργειαν·
689 797 723 860 τδ
744 796 800 880 γὰρ
822 794 892 880 ἔχον
914 798 966 879 τῆν
986 797 1149 879 ἐπιστήμην
1172 794 1305 879 ἐνεργοῦν
1325 794 1432 876 γίνεται
1455 791 1519 857 κατ’
1538 809 1568 852 εν

234 897 370 983 σαύτῆν,
393 899 409 962 δ
431 901 472 970 εἰς
495 901 527 963 τδ
550 899 621 962 αύτδ
643 899 691 961 καὶ
714 897 814 981 ύμοιον
837 897 963 967 ἐπίδοσίς
985 899 1071 963 ἐστιν.
1115 898 1224 979 ὁμοίως
1246 897 1279 959 δὲ
1302 896 1392 959 είπύιν
1416 899 1456 966 ὡς
1479 897 1526 960 δύ·

270 1023 353 1083 ναμις
375 1000 440 1088 ἔχει
462 1003 534 1086 πρδς
557 1000 748 1085 ἐντελέχειαν,
772 1005 834 1071 πῶς
850 1003 898 1065 καί
920 1001 989 1064 ποία
1011 1000 1200 1083 δύναμιςκαὶ
1222 1000 1295 1083 πρὸς
1317 999 1401 1061 ποίαν
1418 998 1527 1062 ἐντελέ·

268 1125 350 1187 χειαν
366 1101 472 1174 ἔδειξεν
487 1104 634 1189 προσθείς.
669 1104 826 1186 θεωροῦν
841 1103 904 1187 γάρ
919 1104 1053 1186 γίνεται
1068 1102 1106 1164 τὸ
1121 1098 1204 1186 ἔχον
1228 1101 1288 1183 τὴν
1312 1100 1525 1184 ἐπιστήμην,

189 1279 193 1286 ¹
268 1205 331 1287 ἥτις
354 1207 500 1292 μεταβολὴ
524 1205 577 1269 οῦκ
604 1204 682 1268 ἔστιν
705 1205 873 1279 ἀλλοίωσις,
900 1204 932 1269 εἴ
948 1229 981 1288 γε
1009 1207 1027 1288 ῆ
1052 1205 1104 1286 μὲν
1133 1203 1288 1272 ἀλλοίωσις
1314 1201 1345 1271 ἐξ
1366 1201 1459 1265 ἄλλου
1482 1203 1567 1272 εἰςιν

268 1305 341 1370 ἀλλο
363 1310 412 1372 καὶ
435 1309 465 1378 ἐξ
486 1309 614 1372 ἐναντίου
631 1307 703 1377 ,ἐστί
730 1308 892 1393 μεταβολή,
921 1332 940 1390 η
964 1306 991 1371 δ’
1019 1306 1053 1370 ἐκ
1080 1309 1130 1368 τοῦ
1157 1305 1234 1368 οῦτω
1261 1306 1381 1387 δυνάμει
1404 1303 1446 1373 είς
1468 1303 1523 1386 τῆν

218 1429 248 1475 ιο
267 1409 410 1494 ἐνέργειαν
427 1412 482 1494 (εἰς
498 1410 567 1474 αύτδ
587 1409 640 1493 γάρ
656 1408 733 1472 τοῦτ’
754 1409 840 1483 ἐστίν,
864 1408 880 1471 δ
896 1408 958 1494 ἔχει
975 1410 1022 1473 καὶ
1037 1408 1114 1472 καθὸ
1139 1405 1142 1492 l
1167 1405 1246 1492 ἔχει)
1269 1406 1397 1474 ἐπίδοσίς
1414 1404 1502 1468 ἐστιν.
1528 1412 1579 1470 158

267 1512 297 1595 ἥ,
320 1515 346 1575 εἰ
368 1515 415 1576 δεῖ
434 1514 481 1577 καὶ
504 1517 589 1576 τοῦτο
612 1513 765 1575 ἀλλοίωσιν
785 1511 889 1594 λέγειν,
912 1512 1010 1594 ἕτερον
1032 1510 1068 1573 άν
1091 1534 1117 1572 τι
1139 1509 1186 1593 εἴη
1208 1510 1289 1592 γένος
1312 1509 1359 1571 καὶ
1381 1506 1458 1592 αθλη
1481 1531 1525 1578 τις

266 1614 351 1694 φύσις
377 1615 572 1683 ἀλλοιώσεως.
619 1613 662 1677 ὅτι
689 1615 721 1677 δέ
748 1615 780 1676 τδ
812 1616 936 1698 πάσχειν
965 1617 1006 1682 ὡς
1036 1612 1097 1676 ίσον
1125 1610 1227 1698 ἔλαβεν
1258 1616 1301 1695 τῷ
1331 1609 1525 1673 ἀλλοιοῦσθαι

264 1715 369 1786 ἔδειξεν
384 1719 474 1780 εἰπὼν
492 1715 576 1799 ὅπερ
599 1715 661 1779 οῦκ
683 1713 775 1780 ἔστιν
799 1717 1047 1780 ἀλλοιοῦσθαι·
1073 1719 1113 1784 ὡς
1135 1715 1188 1798 γὰρ
1213 1713 1274 1778 ίσον
1293 1712 1376 1797 ῆείη
1393 1711 1423 1774 ἐν
1439 1712 1523 1796 αύτῷ
1551 1729 1566 1772 ο

263 1817 351 1902 (ὅπερ
378 1818 431 1882 οὐκ
459 1817 519 1881 ἔστι
546 1815 701 1903 πάσχειν’.
752 1817 768 1880 δ
795 1817 887 1887 δείξας
914 1818 1107 1902 προσέθηκεν,
1142 1815 1186 1880 ὅτι
1209 1817 1249 1899 μὴ
1272 1817 1332 1900 χρὴ
1355 1815 1449 1897 λέγειν
1472 1816 1523 1878 τδν

215 1941 244 1988 15
264 1922 426 2005 φρονοῦντά
447 1944 474 1983 τι
496 1921 543 1984 καὶ
571 1924 693 1982 νοοῦντα
715 1919 920 1993 ἀλλοιοῦσθαι,
946 1920 975 1982 εί
996 1919 1028 1982 δὲ
1052 1921 1092 2002 μὴ
1115 1919 1320 1992 ἀλλοιοῦσθαι,
1347 1916 1416 1981 οῦδὲ
1438 1922 1523 1981 κινεῖ-

263 2018 359 2087 σθαι.”’
386 2024 412 2086 εἰ
433 2023 488 2107 γὰρ
511 2022 552 2105 μὴ
575 2021 743 2094 ἀλλοίωσις,
767 2022 854 2104 δῆλον
878 2024 919 2090 ὡς
941 2016 1009 2083 οῦδὲ
1032 2021 1105 2083 κατὰ
1128 2019 1215 2083 τόπον
1238 2020 1307 2084 οὐδὲ
1329 2021 1411 2083 ποιδν
1435 2042 1521 2103 μετα-
1537 2035 1565 2078 ιο

264 2126 346 2210 βολή.
388 2123 505 2208 τοιαύτη
528 2124 561 2186 δέ
583 2124 631 2187 καὶ
652 2125 671 2206 ἡ
694 2127 746 2185 τοῦ
768 2125 888 2206 δυνάμει
911 2121 1124 2205 αἰσθανομένου
1146 2123 1188 2190 εἰς
1209 2123 1242 2185 τδ
1265 2122 1394 2206 ἐνεργείᾳ
1416 2122 1522 2185 αἰσθά·

262 2228 364 2290 νεσθαι
391 2225 519 2294 ἐπίδοσίς
545 2249 577 2287 τε
604 2227 651 2288 καὶ
679 2225 836 2312 μεταβολή.
882 2225 926 2297 διδ
953 2223 1114 2315 κοινότερον
1141 2226 1161 2307 ῆ
1189 2223 1325 2308 αἴσθησις
1352 2225 1518 2293 ἀλλοίωσις.

264 2329 354 2392 εἰπὼν
377 2329 410 2393 δέ
433 2333 522 2391 ταῦτα
545 2327 674 2396 διέξεισιν
697 2325 744 2390 ἐπ’
773 2327 880 2405 αὐτοῖς,
898 2325 991 2390 ’ὁποία
1018 2327 1071 2409 μὲν
1094 2327 1240 2411 μεταβολὴ
1264 2326 1298 2391 ἐκ
1323 2331 1374 2390 τοῦ
1397 2328 1522 2410 δυνάμει

209 2449 242 2496 ευ
261 2433 302 2500 εἰς
324 2433 356 2493 τδ
380 2431 508 2515 ἐνεργείᾳ
531 2430 684 2499 ἀλλοίωσις
707 2431 781 2506 ἐστι,
808 2430 876 2492 ποία
899 2430 932 2492 δέ
953 2428 997 2492 ού.
1043 2430 1061 2511 ῆ
1086 2429 1138 2510 μὲν
1160 2428 1215 2512 γὰρ
1237 2429 1271 2492 ἐκ
1292 2434 1344 2512 τῆς
1367 2428 1456 2498 ἕξεως
1477 2430 1522 2499 είς
1535 2445 1561 2488 ιε

261 2534 313 2615 τὴν
336 2533 478 2618 ἐνέργειαν
501 2535 553 2616 τῆν
576 2533 767 2617 διὰταύτην,
795 2536 836 2601 ὡς
858 2533 890 2595 τδ
913 2537 987 2594 νοεῖν
1010 2529 1090 2617 ἔχειν
1112 2534 1160 2597 καὶ
1182 2534 1214 2595 τδ
1238 2537 1364 2617 φρονεῖν,
1387 2531 1451 2595 ἐπεὶ
1474 2532 1517 2615 μὴ

261 2635 309 2696 διὰ
332 2635 516 2704 διδασκαλίας
538 2635 657 2716 γίνεται,
681 2634 734 2698 οὐκ
757 2635 911 2703 ἀλλοίωσις
934 2633 1002 2697 ούδέ
1024 2635 1147 2717 κίνησις,
1177 2633 1237 2698 ἀλλ’
1266 2633 1364 2718 ἕτερύν
1387 2656 1413 2696 τι
1436 2633 1520 2716 γένος

263 2737 427 2821 μεταβολῆς
449 2737 520 2819 (ύπδ
543 2736 597 2819 γάρ
620 2737 675 2819 τὴν
692 2736 801 2819 γένεσιν
824 2736 870 2820 εἴη
894 2735 929 2799 ἀν
950 2737 1068 2821 τοιαύτη
1093 2737 1250 2821 μεταβολή,
1272 2737 1304 2800 εί
1321 2761 1354 2820 γε
1375 2737 1408 2799 τδ
1430 2739 1562 2800 τελει-εν

257 2839 365 2901 ὀῦσθαι
387 2840 435 2901 καὶ
458 2840 477 2921 ἡ
500 2839 542 2906 εἰς
564 2843 649 2901 τοῦτο
672 2838 801 2907 ἐπιδοσις
815 2839 965 2921 γινομένου
988 2843 1051 2908 πώς
1073 2840 1158 2923 ἐστι),
1181 2839 1234 2923 τὴν
1252 2838 1311 2923 (δὲ)
1332 2839 1367 2903 ἐκ
1387 2843 1440 2922 τῆς
1463 2839 1523 2902 ύλι·

205 2960 237 3008 25
257 2946 312 3024 κῆς
333 2941 484 3023 δυναμέως
505 2941 548 3010 εἰς
571 2942 622 3023 τῆν
645 2940 701 3010 ἕξιν
725 2942 904 3026 μεταβολήν,
932 2943 994 3025 ῆτις
1016 2943 1123 3024 γίνεται
1150 2941 1224 3006 κατὰ
1246 2942 1431 3006 διδασκαλίαν
1453 2940 1520 3003 τινὰ

257 3044 306 3106 καί
330 3044 472 3126 μάθησιν,
507 3041 572 3125 ἤτοι
595 3040 656 3106 οὐδ’
685 3042 775 3126 αὐτὴν
798 3044 845 3107 διά
868 3044 983 3112 πάθους
1004 3044 1133 3126 γίνεσθαι
1156 3043 1273 3129 ῥητέον,
1308 3043 1340 3107 εί
1356 3067 1390 3126 γε
1410 3044 1562 3126 γίνεταιεε

257 3146 307 3208 καὶ
329 3145 402 3229 αὐτῆ
427 3146 468 3213 εἰς
490 3146 523 3208 τδ
548 3145 676 3229 ἐνεργείᾳ
698 3147 749 3229 τῆν
773 3144 828 3215 ἕξιν
852 3144 931 3230 ἔχειν
953 3147 1002 3209 καὶ
1024 3146 1193 3230 τελειότητα
1215 3146 1249 3210 ἐκ
1270 3151 1324 3229 τῆς
1346 3147 1448 3229 ὑλικῆς
1470 3147 1518 3209 δυ·

257 3249 372 3329 νάμεως
397 3248 400 3330 l
424 3245 548 3329 (γένεσις
570 3250 624 3332 γάρ
647 3272 708 3316 πως
731 3249 779 3311 καὶ
803 3250 822 3331 ῆ
842 3249 961 3332 τοιαύτη
989 3249 1161 3334 μεταβολή),
1184 3248 1231 3333 <ῆ>
1252 3249 1346 3312 εἶκαὶ
1369 3249 1421 3332 τὴν
1444 3271 1500 3311 τοι·
1523 3255 1574 3312 159

258 3349 347 3432 αύτην
378 3351 541 3435 μεταβολὴν
568 3350 646 3432 λέγοι
674 3375 714 3419 τις
741 3351 895 3414 ἀλλοίωσιν
922 3357 964 3436 τῷ
997 3353 1038 3436 μὴ
1070 3357 1194 3436 φυσικοῦ
1226 3374 1301 3421 τινος
1328 3344 1423 3418 εἴδους
1450 3351 1519 3413 ἀνά-

206 3471 240 3518 30
259 3455 344 3533 ληψιν
372 3450 458 3527 εἶναι,
487 3452 538 3514 δύο
565 3453 623 3536 χρὴ
652 3452 778 3536 τρόπους
805 3454 991 3521 ἀλλοιώσεως
1017 3453 1090 3518 είναι
1117 3455 1224 3536 λέγειν,
1251 3455 1304 3538 τήν
1320 3451 1362 3516 Ιτε
1389 3453 1438 3516 ἐπὶ
1464 3451 1519 3521 τὰς

257 3554 329 3623 ἕξεις
344 3555 494 3637 γινομένην
518 3556 566 3616 καὶ
588 3556 741 3639 τὴνφύσιν
764 3578 795 3618 τε
817 3558 866 3619 καί
890 3557 922 3619 τδ
941 3557 1016 3621 κατὰ
1038 3557 1122 3641 φύσιν
1143 3556 1194 3637 (τὸ
1209 3560 1277 3638 γοῦν
1300 3555 1413 3640 βέλτιον
1430 3555 1520 3638 μέρος
1546 3571 1562 3613 ε

258 3656 298 3717 ὧν
321 3655 438 3719 δύναται
468 3657 500 3719 τδ
524 3659 681 3739 δυνάμενον
703 3657 777 3721 κατὰ
800 3659 885 3743 φύσιν
908 3658 1015 3742 αύτῷ),
1042 3659 1094 3741 τῆν
1118 3659 1150 3721 δέ
1172 3680 1234 3720 τινα
1256 3655 1307 3720 ἀπ’
1335 3657 1432 3720 αὐτῶν
1455 3657 1519 3741 βελ·

260 3757 361 3821 τιύνων
384 3758 472 3827 ἕξεων
500 3759 541 3826 είς
563 3760 614 3828 τάς
637 3761 807 3844 στερητικάς
836 3761 990 3830 διαθέσεις.
1036 3761 1126 3824 εἰπὼν
1150 3761 1182 3823 δὲ
1204 3764 1295 3823 ταῦτα
1317 3761 1367 3824 καὶ
1389 3759 1518 3843 διορίσας

262 3861 406 3943 μετῆλθεν
429 3859 478 3922 ἐπὶ
501 3860 714 3949 τὴνιαίσθησιν,
737 3864 785 3925 καὶ
809 3860 923 3937 ἔδειξεν,
946 3863 987 3932 τίς
1010 3864 1061 3945 μὲν
1079 3864 1216 3946 ἡπρώτη
1239 3862 1358 3943 δύναμίς
1374 3862 1444 3936 ἐστι,
1468 3863 1518 3926 καί
1534 3877 1562 3921 ιο

205 3983 237 4030 35
257 3968 320 4031 πῶς
348 3963 397 4025 καὶ
424 3963 480 4024 ύπδ
509 3963 583 4031 τίνος
611 3965 653 4032 εἰς
674 3966 726 4048 τῆν
755 3965 811 4034 ἕξιν
840 3966 1013 4050 μεταβαλλει
1040 3967 1059 4047 ῆ
1086 3965 1205 4048 τοιαύτη
1233 3963 1365 4047 δύναμις,
1392 3967 1456 4033 πῶς
1485 3965 1519 4028 δὲ

259 4065 308 4127 καὶ
330 4064 387 4126 ὑπὸ
409 4064 484 4132 τίνος
506 4065 525 4147 ῆ
549 4065 668 4150 δευτέρα
690 4067 732 4136 εἰς
753 4068 804 4151 τῆν
827 4067 981 4151 ἐνέργειαν,
1008 4067 1056 4129 καὶ
1078 4066 1156 4148 λέγει
1178 4067 1230 4150 τἠν
1253 4067 1305 4147 μὲν
1328 4065 1361 4128 ἐκ
1383 4071 1435 4151 τῆς
1458 4066 1518 4128 ύλι·

257 4173 312 4251 κῆς
333 4168 484 4248 δυνάμεως
500 4169 663 4251 μεταβολὴν
679 4169 721 4237 είς
735 4169 787 4251 τὴν
803 4169 877 4233 κατά
898 4171 950 4253 τὴν
967 4169 1022 4239 ἕξιν
1039 4168 1174 4250 γενέσθαι
1197 4169 1265 4231 ὑπὸ
1287 4172 1346 4231 τοῦ
1369 4174 1518 4250 γεννῶν·
1533 4156 1562 4229 16¹

257 4293 314 4338 τος
345 4267 477 4352 δηλονότι
499 4270 532 4332 rb
564 4273 641 4354 ξῷον
669 4269 716 4352 (τὸ
740 4270 795 4355 γὰρ
817 4274 994 4353 γεννώμενον
1017 4270 1133 4334 ούδέπω
1156 4272 1209 4354 τῆν
1231 4270 1288 4340 ἕξιν
1310 4269 1375 4355 ἔχει
1397 4272 1450 4355 τὴν
1473 4273 1515 4334 al·

205 4458 359 4528 ‘ris‘ffla
378 4460 436 4523 Spa
456 4457 477 4510 εί
496 4458 634 4512 VS¹FBG¹
717 4460 745 4511 ll
767 4458 995 4526 ἀλλοίωσιςιιὸμ.
1078 4460 1109 4512 12
1129 4459 1260 4513 &Nicia
1280 4458 1393 4512 lrrlibri
1481 4461 1514 4514 13
1534 4462 1573 4533 εἴη

204 4546 230 4598 ἐν
250 4545 292 4612 (ἀν
308 4545 388 4610 vict.)
401 4544 483 4614 αύτῷ]
502 4544 612 4599 fortasse
631 4547 716 4599 εἶπεν
735 4546 812 4600 αὐτὸ
831 4548 904 4617 (τῷ)
993 4548 1024 4600 18
1043 4546 1204 4606 ἀλλοιώσεως
1223 4549 1289 4600 coni.
1310 4547 1354 4616 Sp.
1437 4547 1469 4600 ‘ll
1492 4547 1573 4621 ἐχειν]

203 4633 312 4686 fortasse
331 4633 383 4705 ἔχει
463 4631 496 4685 24
515 4633 565 4686 ἐστι
583 4633 630 4703 τῆν
648 4634 674 4686 δὲ
693 4633 750 4702 Sp.:
770 4634 810 4687 ἐπὶ
828 4635 873 4705 τὴν
893 4636 952 4690 libri
1030 4636 1063 4688 25
1082 4636 1225 4706 μεταβολήν
1246 4636 1304 4703 Sp.:
1324 4634 1453 4704 μεταβολὴ
1475 4636 1536 4689 libri

205 4720 238 4772 26
257 4736 314 4790 ητοι
332 4725 355 4771 V
445 4719 525 4790 αύτῆν
543 4723 623 4773 vicb:
647 4720 676 4772 ἂν
695 4721 741 4791 τὴν
761 4722 822 4776 libri
911 4742 938 4791 γε
957 4725 1037 4775 vict:
1057 4742 1084 4776 τε
1103 4724 1162 4776 libri
1251 4722 1284 4774 27
1304 4721 1368 4792 αῦτη
1389 4722 1469 4775 θέσθε
1489 4721 1574 4794 αῦτῆν

204 4807 265 4860 libri
355 4806 388 4858 28
407 4807 422 4874 ἡ
443 4806 501 4859 adri.
521 4806 565 4874 Sp.
656 4809 689 4861 29
711 4812 749 4878 τῷ
768 4813 789 4862 F
810 4810 876 4861 vict.
895 4810 952 4876 Sp:
976 4810 1005 4862 εδ
1025 4813 1086 4863 VSa
1175 4809 1208 4861 32
1228 4809 1300 4878 αὐτῷ
1318 4809 1461 4861 Schwartz:
1484 4808 1574 4863 αύπῶν

201 4893 263 4947 libri
349 4911 396 4964 την
415 4892 441 4946 δε
461 4897 484 4944 V
573 4893 618 4950 ἀπ’
638 4896 736 4965 αῦτῶν]
756 4894 805 4948 ἀπὸ
822 4901 875 4947 τῶν
895 4897 963 4948 coni.
982 4895 1039 4964 Sp.:
1059 4894 1170 4950 fortasse
1189 4896 1237 4950 ἀπ’
1257 4898 1342 4952 αύτῶν
1361 4898 1463 4960 (τῶν)
