3540 5610
688 338 892 393 ALEXANDRI
914 339 958 392 DE
982 339 1092 393 ANIMA
1527 343 1544 406 ’μ’
1550 344 1567 407 1
1618 328 1623 338 ’

267 512 341 577 κατὰ
363 512 430 580 τοῦς
453 513 557 580 ὕπνους
583 513 613 574 αἱ
641 510 786 595 γινόμεναι
812 516 853 581 ῶς
880 513 938 575 ἀπὸ
965 511 1113 595 παρόντων
1142 519 1198 576 τῶν
1226 516 1375 599 αι’σθητῶν
1403 521 1460 579 τῶν
1483 514 1516 578 οὐ

267 617 434 700 παρόντων,
463 615 609 677 ἀλλὰκαὶ
631 614 742 678 αίάπδ
766 614 914 699 παρόντων
933 615 1004 698 μὲν,
1028 617 1069 699 μὴ
1093 617 1140 678 οἶα
1162 602 1201 679 δέν
1217 617 1286 681 ἐστι.
1331 621 1441 703 ψευδὴς
1463 618 1516 701 γὰρ

268 719 423 803 φαντασία,
446 714 466 801 ᾖ
489 716 523 780 οδ
546 723 701 801 συμφωνεῖ
719 718 753 781 τδ
774 716 957 802 φαινόμενον,
980 721 1020 785 ῶς
1042 720 1090 781 καὶ
1112 718 1195 798 δόξα,
1218 717 1238 804 ᾖ
1262 722 1464 805 ἀντιμαρτυρεῖ
1484 720 1516 782 τὸ

265 821 303 884 οῦ
324 821 440 904 ηδόξα.
470 822 526 884 -καὶ
548 817 624 883 ἔστιν
647 821 714 904 ἥτε
736 821 851 904 ἀληθὴς
873 822 919 883 καὶ
943 822 1087 904 ἡφευδὴς
1110 824 1254 905 φαντασία
1276 824 1349 887 κατὰ
1371 825 1422 907 τὴν
1446 810 1558 907 πρὸςύυ

223 914 253 983 '5
267 925 301 987 τὸ
322 924 357 987 οῦ
380 926 437 988 εἰσι
453 925 563 1009 σχέσιν.
598 927 655 987 τῶν
678 924 711 986 δὲ
726 928 890 1008 φαντασιῶν
913 924 942 984 αἱ
959 923 1010 1003 μέν
1033 925 1104 988 εἰσιν
1128 926 1261 1009 ἀμυδραί,
1285 928 1314 993 αἱ
1336 927 1369 989 δὲ
1384 927 1517 1011 σφοδραί,
1606 923 1610 929 ’

269 1030 370 1112 ὥσπερ
393 1025 458 1112 ἔχει
480 1028 528 1090 καὶ
544 1028 591 1090 ἐπὶ
613 1032 671 1089 τῶν
691 1026 870 1110 αἰσθήσεων.
903 1026 1028 1108 ἀμυδραὶ
1052 1027 1103 1108 μὲν
1126 1028 1156 1089 αἱ
1172 1027 1333 1091 ἐπιπόλαιοι
1355 1031 1403 1091 καὶ
1427 1028 1515 1110 μηδὲν

266 1128 393 1214 ἔχουσαι
407 1127 643 1213 καταληπτικόν,
671 1129 747 1220 μηδὲ
769 1131 879 1210 τρανῶς
900 1127 951 1195 τὰς
974 1129 1112 1212 διαφορὰς
1134 1134 1184 1192 τοῦ
1208 1135 1370 1214 φανταστοῦ
1394 1131 1516 1214 μηνύου-

266 1254 329 1307 σαι,
362 1234 486 1317 σφοδραὶ
514 1233 547 1295 δὲ
572 1233 602 1295 αἱ
628 1232 762 1299 ἐναντίως
789 1228 920 1314 ἔχουσαι.
968 1230 1091 1312 γίνονται
1119 1232 1151 1295 δὲ
1178 1237 1305 1296 τοιαῦται
1334 1234 1442 1315 ὁμοίως
1468 1235 1516 1297 καὶ

266 1336 391 1418 ἀληθείς
417 1338 465 1398 καὶ
493 1337 623 1421 ψευδεῖς,
652 1332 794 1416 οὔτεγὰρ
821 1338 874 1416 τῆς
895 1333 1024 1415 ἀληθοῦς
1051 1333 1122 1417 ζδιον
1144 1336 1177 1397 τὸ
1204 1335 1343 1420 σφοδρόν,
1371 1334 1438 1398 οὔτε
1464 1341 1541 1418 τῆς

226 1453 253 1511 ιιι
266 1439 395 1522 ψευδοῦς
418 1438 450 1500 τδ
472 1436 610 1521 ἀμυδρόν,
633 1435 706 1499 ἀλλά
726 1435 946 1499 ἐναλλάττουσιν
968 1435 1064 1498 αὐτῶν
1087 1439 1116 1499 αὶ
1139 1438 1281 1521 διαφοραί.
1315 1437 1364 1506 τάς
1387 1439 1423 1522 δὴ
1447 1440 1515 1520 ἀλη-

265 1542 329 1608 θεῖς
356 1545 414 1602 τῶν
440 1544 605 1623 φαντασιῶν
630 1540 679 1601 καὶ
704 1537 831 1622 σφοδρὰς
857 1539 1004 1620 εἰώθαμεν
1035 1538 1126 1621 λέγειν
1156 1541 1205 1602 καὶ
1230 1542 1442 1624 καταληπτικός
1472 1543 1513 1623 τῷ
1528 1556 1556 1597 εἰ»

265 1645 429 1727 κατάληψιν
451 1641 524 1706 εἶναι
546 1642 598 1725 τἠν
620 1646 683 1709 ταῖς
703 1641 846 1720 τοιαύταις
868 1641 1036 1724 φαντασίαις
1059 1644 1282 1724 συγκατάθεσιν,
1312 1644 1514 1727 ἀκατάληπτον

270 1746 303 1807 δὲ
325 1745 483 1829 φαντασίαν
506 1747 649 1826 καλοῦμεν
671 1745 723 1827 τήν
745 1766 776 1807 τε
792 1746 884 1827 ψευδῆ
908 1745 956 1807 καὶ
971 1748 1029 1806 τῶν
1052 1745 1173 1827 ἀληθῶν
1196 1745 1246 1815 τάς
1261 1746 1401 1830 ἀμυδράς.
1436 1747 1540 1835 ἐναρ·Ι

263 1848 318 1929 ηὴς
341 1849 374 1910 δὲ
396 1848 538 1931 φαντασία
565 1846 678 1928 λέγεται
699 1846 769 1908 ποτὲ
791 1847 842 1929 μὲν
870 1849 890 1930 ἧ
913 1868 945 1910 τε
967 1847 1081 1930 ἀληθὴς
1104 1849 1152 1911 καὶ
1174 1850 1287 1932 σφοδρά
1311 1849 1471 1932 (τουτέστιν
1493 1873 1512 1932 η

179 1949 184 1959 “
220 1966 248 2009 ιο
265 1950 496 2034 καταληπτικὴ),
523 1950 594 2013 ποτὲ
617 1950 650 2012 δὲ
671 1972 690 2032 η
713 1949 824 2034 σφοδραὶ
847 1947 934 2030 μόνον
957 1973 975 2032 η
999 1973 1035 2032 τρ
1059 1950 1174 2034 ἀμυδρᾷ
1196 1950 1406 2034 ἀντιτιθεμένη.
1450 1951 1514 2037 ἕπε·
1531 1998 1549 2027 .,

264 2044 315 2117 ταί
336 2055 369 2116 δὲ
382 2048 427 2136 ’τῇ
451 2054 564 2136 σφοδρᾷ
588 2052 730 2135 φαντασία
752 2051 975 2134 συγκατάθεσις,
997 2053 1023 2114 εὶ
1046 2053 1086 2136 μὴ
1110 2052 1156 2137 εἴη
1179 2051 1215 2117 δι’
1243 2053 1339 2118 ἄλλων
1360 2059 1444 2117 τινῶν
1466 2077 1514 2115 πε-

265 2156 427 2240 φωραμένη
450 2157 561 2239 ψευδὴς
583 2152 666 2230 οῦσα,
690 2158 728 2223 ῶς
751 2155 799 2216 ἐπὶ
821 2155 1050 2238 τῆςφαντασίας
1073 2160 1124 2239 τῆς
1146 2160 1196 2219 τοῦ
1220 2157 1260 2241 μὴ
1284 2157 1425 2220 κινεῖσθαι
1447 2156 1513 2225 τοὺς
1526 2174 1554 2214 τυ

264 2261 389 2343 ἀστέρας
412 2260 577 2343 πάσχομεν,
605 2257 654 2320 καὶ
675 2256 723 2320 ἐπὶ
744 2262 802 2319 τῶν
823 2262 942 2341 γραφῶν
966 2256 1040 2320 κατὰ
1062 2257 1113 2326 τὰς
1133 2259 1253 2344 εἰσοχάς
1276 2283 1307 2323 τε
1328 2259 1376 2322 καὶ
1398 2257 1512 2344 ἐξοχάς,

262 2362 313 2424 καὶ
336 2363 383 2424 ἐπὶ
406 2367 464 2425 τῶν
486 2358 705 2444 ἐμφαινομένων
728 2363 787 2428 τοῖς
807 2359 986 2443 κατόπτροις.
1020 2359 1055 2423 οὐ
1077 2360 1130 2445 γὰρ
1154 2361 1225 2424 διότι
1248 2363 1289 2446 μή
1313 2362 1368 2425 εἰσι
1391 2363 1513 2446 σφοδραὶ

215 2482 248 2525 υυ
264 2468 444 2547 ἀπιστοῦμεν
466 2462 577 2533 αὐταῖς,
599 2461 660 2525 ἀλλ’
687 2462 730 2524 ὅτι
753 2461 937 2546 διαβέβληται
960 2460 994 2526 δι’
1023 2461 1134 2527 ἀλλων·
1162 2464 1209 2527 καὶ
1231 2465 1285 2550 γὰρ
1308 2465 1433 2551 ἀληθέσι
1455 2467 1512 2529 τισὶ

261 2570 312 2631 καὶ
336 2569 475 2651 σφοδραῖς
497 2565 635 2635 πολλάκις
656 2565 842 2646 ἀπιστοῦμεν,
866 2562 899 2626 ἂν
922 2565 1002 2648 ὦμεν
1025 2566 1311 2651 προδιαβεβλημένοι.
1345 2574 1382 2650 τῇ
1406 2569 1438 2631 δὲ
1460 2573 1512 2651 τῆς

261 2671 422 2756 φαντασίας
444 2669 655 2751 συηκαταθέσει
677 2667 776 2730 ἕπεται
798 2667 924 2750 ἐνέργεια
951 2671 1103 2752 πρακτική.
1148 2671 1192 2733 διδ
1220 2672 1256 2733 τά
1280 2693 1311 2733 τε
1333 2669 1425 2752 ἄλογα
1448 2675 1512 2755 ζῷα

261 2776 337 2836 κατὰ
358 2772 410 2842 τὰς
432 2771 606 2856 φαντασίας,
634 2771 653 2834 ἃ
676 2774 764 2844 ποιεῖ,
792 2775 870 2832 ποιεῖ
891 2771 937 2833 καὶ
966 2776 1027 2840 ταῖς
1056 2772 1103 2833 ἐπὶ
1125 2773 1251 2841 ταύταις
1267 2756 1511 2855 συηκαταθίσεσιν

258 2880 304 2960 τῷ
330 2877 370 2961 μὴ
394 2874 473 2960 ἔχειν
494 2872 588 2955 λόγον.
623 2874 671 2935 καὶ
694 2873 720 2935 οἱ
740 2871 890 2957 ἄνθρωποι
912 2874 944 2936 δὲ
966 2878 1027 2943 ταῖς
1042 2875 1209 2959 φαντασίαις
1232 2875 1349 2938 ἕπονται
1372 2878 1510 2945 πολλάκις
1524 2893 1552 2936 πο

214 2980 310 3044 ναίκαὶ
332 2980 365 3047 τὸ
388 2976 620 3060 ἐπικεκαλόφθαι
646 2975 695 3037 τὸν
719 2979 784 3038 νοῦν
807 2975 902 3038 αὐτῶν
931 3001 950 3058 η
976 2977 1041 3053 ὑπὸ,
1060 2979 1173 3045 πάθους
1198 2978 1274 3046 τινδς
1302 3002 1321 3060 η
1346 2978 1401 3042 ὑπὸ
1423 2980 1510 3044 νόσου

261 3085 280 3166 ᾖ
306 3082 363 3145 ὑπὸ
386 3081 490 3144 ὕπνου·
513 3076 577 3163 ἔχει
598 3077 650 3162 γὰρ
673 3077 706 3140 τδ
728 3082 803 3163 ζῴον
827 3079 904 3162 παρὰ
926 3083 978 3162 τῆς
999 3080 1115 3163 φάσεως
1137 3081 1189 3167 τὴν
1211 3080 1311 3165 ψυχὴν
1333 3082 1385 3164 τἠν
1407 3105 1510 3165 φαντα·

260 3186 373 3268 στικην,
397 3184 496 3265 ὥσπερ
519 3178 568 3243 οῦν
584 3183 632 3243 καὶ
653 3181 706 3264 τὴν
721 3181 904 3265 αἰσθητικήν,
928 3182 1095 3266 όποβάθραν
1119 3184 1166 3245 καὶ
1182 3184 1277 3268 ἀρχὴν
1300 3185 1372 3267 πρὸς
1385 3186 1437 3267 τὴν
1453 3186 1510 3248 ἐπί-

203 3354 289 3362 ..ι-.-

200 3449 220 3501 3
241 3447 279 3505 ῶς
298 3447 342 3497 καὶ
363 3441 434 3511 δόξα]
454 3443 502 3494 κίε
519 3442 562 3494 δίο
580 3440 772 3510 lfigenhafte
790 3441 915 3507 Meinung
933 3441 973 3493 die
991 3441 1027 3493 ist
1132 3443 1201 3494 4-5
1220 3443 1426 3516 κατὰ-σχέσιν]
1446 3445 1480 3496 im
1501 3446 1562 3497 Ver·
1584 3446 1588 3455 '

201 3535 319 3589 hilmiss
342 3549 375 3584 zu
403 3532 461 3583 dem
485 3530 664 3598 phantastisch
691 3527 873 3597 vorgestellten
896 3528 967 3596 Ding
1097 3528 1164 3581 6-7
1193 3528 1493 3602 ἀμυδραὶ-μηνίσαντα]
1521 3532 1563 3585 die

201 3622 341 3675 schwache
354 3620 387 3671 ist
401 3620 451 3683 die,
469 3617 564 3670 welche
580 3618 609 3669 in
622 3594 1021 3681 oberflachlicheffletraehtung
1038 3616 1149 3682 νοιίῖιὶὶὶ,
1168 3617 1235 3669 ohne
1247 3618 1307 3670 dass
1326 3619 1355 3669 in
1367 3619 1420 3671 ihm
1433 3618 1463 3686 (!)
1478 3620 1562 3671 δίνου

201 3711 252 3771 sei,
270 3724 325 3760 vas
344 3706 505 3770 verhindert‚
529 3703 589 3756 dass
613 3703 659 3755 das
678 3701 908 3771 Phantasieobjekt
931 3719 976 3754 zur
994 3703 1168 3756 Deutlichkeit
1191 3705 1300 3773 gelange
1426 3705 1454 3757 ll
1485 3725 1563 3758 κατα·
1617 3730 1620 3736 -

201 3793 343 3864 ληπτυιοὶς]
363 3791 536 3861 οιιΙκυςειιιὶε,
555 3790 719 3844 εποὶιὶιειιιὶο
827 3789 927 3842 14-15
950 3790 993 3841 καὶ
1012 3790 1339 3863 σφυδρά-καταληπτικὴ]
1358 3793 1399 3846 ich
1418 3794 1503 3847 moine
1520 3795 1562 3847 die

202 3884 293 3936 κιετὶιε
311 3880 476 3949 anlangendo
589 3877 620 3930 18
648 3879 692 3929 καὶ
710 3876 894 3947 ἐπὶ-ἐξοχάς]
913 3877 1014 3930 und'in
1035 3879 1234 3947 Vorstellungen
1251 3881 1279 3932 in
1298 3880 1343 3933 der
1361 3880 1500 3948 Kategorie
1519 3880 1563 3932 der

205 3969 363 4037 Veniefung
380 3969 436 4020 und
455 3967 630 4020 Erhabenheit
735 3965 770 4017 20
787 3963 950 4032 ἀπιστοῦμεν]
975 3965 1119 4033 beseitigen
1138 3967 1175 4018 sie
1194 3967 1247 4019 und
1267 3967 1354 4020 hulten
1373 3968 1410 4020 sie
1429 3969 1504 4020 nicht
1521 3967 1562 4020 ίῦτ

138 4036 145 4049 ’
205 4058 275 4110 πεδτ
382 4051 571 4121 ἀλλ’-ἄλλων]
590 4052 705 4105 εοιιδετιι
723 4053 780 4105 weil
800 4054 838 4105 sie
856 4053 922 4105 nach
940 4067 1046 4105 unserer
1065 4053 1178 4105 Ansicht
1195 4057 1273 4105 etwas
1291 4054 1408 4107 Anderes
1426 4053 1521 4107 f'alseht

204 4146 236 4197 '21
266 4139 599 4214 δν-προδιαβεβλημένοι]
624 4139 678 4192 weil
697 4140 743 4192 wir
761 4141 843 4193 sehon
859 4130 946 4192 ίιῦὶιατ
965 4139 1063 4202 belehrt
1081 4140 1183 4192 worden
1202 4142 1270 4207 sind,
1292 4142 1351 4195 dass
1369 4142 1407 4195 sie
1426 4142 1562 4194 schadhaft

147 4210 154 4221 ’
205 4230 365 4301 (higenhaft)
384 4230 443 4283 sind
550 4228 584 4280 222
608 4230 718 4300 ἐνέργεια
736 4227 875 4297 πρακτική]
895 4228 938 4280 δίε
955 4226 1198 4281 intellectuelle
1215 4229 1348 4298 Wirkung
1365 4230 1423 4297 (aus
1442 4229 1499 4281 dem
1518 4229 1560 4281 lu·

204 4319 293 4372 ιεὶὶεοι
310 4317 516 4386 hervorgehend)
609 4315 656 4368 -25
675 4313 829 4383 διδ-νοῦν]
849 4315 904 4368 weil
923 4315 1009 4368 Etwas
1028 4314 1071 4368 die
1088 4310 1260 4369 E'rkenntniss
1278 4315 1413 4370 derselben
1433 4317 1536 4369 hindert

205 4406 237 4459 ‘27
257 4402 418 4476 δποβάθραν]
438 4404 514 4457 Basis
619 4391 936 4472 ἐπίκρισιν]’Λιιοιδιιυιητ

206 4553 607 4565 —--„.-.--
1199 4580 1271 4626 τἰκτ

204 4645 430 4717 θάνπιμαρωρεῖ]
449 4663 480 4697 τυ
498 4659 578 4711 συρτει
594 4643 674 4697 lin.v
780 4645 941 4699 θέπιπόλεοι
961 4646 999 4697 Va
1038 4644 1042 4651 '
1102 4643 1326 4714 Ἰκαταληπτικδν
1345 4646 1407 4712 (πκτ
1425 4649 1476 4698 vet.
1495 4659 1560 4697 corr.

204 4751 285 4804 supra
301 4735 361 4799 lin.)
382 4736 417 4786 V:
437 4729 660 4800 καταληπτικδνα
765 4738 897 4802 τρανῶντι
1012 4731 1042 4784 13
1065 4730 1180 4801 ἀληθῶν]
1200 4731 1247 4802 δλη
1266 4734 1295 4785 in
1313 4733 1351 4785 lit.
1362 4734 1384 4786 V
1494 4731 1558 4801 ἀμη-

203 4823 297 4895 δράςε
407 4819 438 4873 15
456 4817 588 4889 άμνόρὰιι
697 4820 728 4870 1ίὶ
747 4818 875 4893 σφοδροὶε
990 4821 1022 4899 λθ
1041 4818 1102 4891 διότι
1123 4821 1156 4872 V:
1175 4817 1208 4871 δι’
1230 4819 1311 4893 ἄροιο
1425 4818 1458 4872 25
1477 4818 1558 4873 ἐπικι-

204 4909 335 4981 ιιαλῦφδαι
353 4927 369 4963 τι
