3540 5610
304 295 323 358 ss
781 294 985 348 Aeexeeeffl
1004 294 1047 347 ee
1068 254 1174 387 Αἰιιιιι

358 465 400 528 ότι
425 470 500 553 μηδὲ
521 472 606 531 τοῦτο
634 465 694 530 οἶόν
721 489 753 529 τε
774 466 842 531 καθ’
870 469 942 531 αὑτό
965 467 1037 530 εἶναι
1065 472 1116 550 τῆς
1144 467 1214 548 ὕλης
1240 467 1404 550 ἀχώριστον
1427 463 1473 538 όν,
1498 468 1538 533 ὡς
1561 462 1604 526 δέ·

359 571 476 636 ὀεικται.
519 570 602 635 οὐσία
627 569 723 652 μέντοι
745 571 879 654 ἑκάτερον
902 569 1008 634 αὐτῶν.
1053 573 1093 639 ὡς
1114 570 1168 653 γάρ
1191 570 1210 650 ἡ
1235 570 1304 651 ὕλη,
1331 568 1423 637 οὕτως
1445 568 1477 630 δὲ
1500 568 1602 630 καὶτὸ

358 675 478 754 φυσικόν
506 673 582 742 εἶδος
609 671 701 735 οὐσία.
746 669 840 734 οὐσίαι
862 672 915 757 γὰρ
942 673 978 736 τό
1005 672 1078 758 μέρη
1106 677 1158 755 τῆς
1185 671 1298 746 οὐσίας,
1328 672 1436 752 μᾶλλον
1459 670 1505 744 δέ,
1533 669 1605 733 διότι

359 774 495 859 ἑκάτερον
519 776 636 839 ἐκείνων
659 773 756 850 οὐσία,
784 774 832 836 καὶ
854 775 887 838 τὸ
910 775 940 844 ἐξ
962 775 1070 861 ἀμφοῖν
1098 775 1181 839 οὐσία
1204 776 1253 837 καὶ
1280 774 1398 856 μία.τις
1419 772 1517 857 ιρόσις,
1547 769 1605 856 οὐχ
1618 788 1645 830 ιο

331 880 401 946 σόις
422 877 458 940 τά
473 877 547 941 κατά
561 877 667 961 τέχνην
689 875 833 958 γινόμενα,
857 876 965 941 ἀκατά
987 878 1018 940 τὸ
1042 876 1231 959 ὑποκείμενόν
1254 899 1284 938 τε
1300 876 1349 939 καὶ
1371 875 1423 958 τὴν
1440 875 1510 958 ὕλην
1533 875 1603 937 εἰσὶν

361 980 471 1055 οὐσίαι,
498 979 572 1043 κατά
598 980 630 1042 δέ
656 978 691 1040 τὰ
721 977 784 1062 είάη
813 978 973 1063 ποιότητες.
1018 981 1044 1042 οἱ
1072 980 1104 1043 δὲ
1126 981 1316 1062 ἀποροῦντες,
1345 982 1407 1046 πῶς
1434 976 1494 1039 οἷόν
1521 1000 1552 1039 τε
1574 976 1604 1044 ἐξ

358 1082 524 1164 ἀσωμάτων
547 1086 634 1163 σῶμα
649 1081 788 1163 γίνεσθαι,
811 1081 864 1144 οὐκ
886 1081 919 1145 ἀν
935 1082 1075 1168 ἠπόρουν,
1098 1081 1124 1143 εἰ
1140 1081 1344 1165 ἐπιστήσαντες
1363 1080 1469 1148 αὐτοὺς
1483 1079 1605 1162 ἔμαθον,

359 1183 402 1246 ότι
425 1189 481 1248 πᾶν
504 1185 537 1248 τὸ
559 1182 706 1266 γινόμενον
729 1183 795 1248 τόδε
821 1208 848 1247 τι
870 1184 904 1249 ἐκ
925 1189 976 1248 τοῦ
999 1186 1041 1269 μὴ
1067 1188 1152 1247 τοῦτο
1179 1181 1260 1252 ὄντος
1282 1183 1398 1265 γίνεται.
1443 1181 1550 1266 θερμόν
1573 1205 1604 1243 τε

358 1287 411 1372 γὰρ
435 1288 465 1374 ἐξ
487 1286 521 1350 οὐ
544 1287 655 1370 θερμοῦ
678 1287 725 1349 καὶ
746 1287 857 1371 ψυχρόν
880 1286 934 1352 οὐκ
956 1288 990 1351 ἐκ
1012 1291 1125 1373 ψυχροῦ
1148 1288 1195 1349 καὶ
1217 1287 1318 1349 λευκὸν
1341 1285 1395 1348 οὐκ
1417 1285 1450 1348 ἐκ
1464 1283 1603 1351 τοιοότοο.

319 1406 344 1450 10
357 1391 405 1453 καί
427 1389 481 1474 γὰρ
504 1390 531 1453 εί
552 1387 625 1452 ἄλλο
647 1412 673 1451 τι
696 1388 804 1472 θερμὸν
828 1387 859 1451 ἀν
879 1388 969 1452 αἴτιον
991 1391 1070 1474 τῷδε
1092 1394 1134 1474 τῷ
1159 1388 1300 1471 γινομένῳ
1321 1388 1425 1471 θερμῷ
1441 1389 1529 1470 τῆσδε
1551 1391 1604 1469 τῆς

358 1492 508 1576 γενέσεως,
531 1490 590 1554 ἀλλ’
616 1489 688 1554 αὐτό
710 1493 794 1554 τετὸ
816 1490 964 1574 γινόμενον
987 1492 1095 1575 θερμὸν
1118 1491 1148 1560 ἐξ
1171 1489 1204 1553 οὐ
1227 1491 1337 1574 θερμοῦ
1359 1490 1468 1574 θερμὸν
1489 1489 1602 1570 γίνεται.
1616 1504 1645 1546 σο

358 1593 392 1657 οὐ
420 1594 474 1678 γὰρ
503 1594 608 1675 γίνεται
636 1594 668 1655 τὸ
697 1592 728 1656 ὃν
756 1592 823 1677 ἤδη.
873 1595 950 1657 ὥστε
977 1593 1025 1655 καὶ
1054 1594 1081 1655 εί
1102 1597 1238 1676 σώματος
1260 1593 1368 1674 γένεσιν
1392 1591 1531 1655 ὑποίίοῖτό
1552 1615 1603 1667 τις,

357 1698 468 1782 ἀνάγκη
492 1696 586 1781 τοότιμ
608 1695 699 1778 λέγειν
723 1696 756 1759 ἐκ
778 1697 819 1778 μὴ
836 1699 978 1780 ,σώματος
1000 1695 1071 1758 αότὸ
1094 1695 1231 1776 γίνεσθαι.
1269 1692 1328 1758 ἀλλ’
1357 1695 1421 1758 ἐπεὶ
1444 1696 1484 1778 μή
1508 1717 1603 1779 φαμεν

358 1800 459 1868 ἁπλῶς
482 1806 570 1882 σῶμα
590 1798 721 1881 γίνεσθαι
742 1797 801 1880 (ἀεὶ
821 1800 875 1881 γάρ
897 1799 958 1862 ἐστι
980 1803 1077 1880 σῶμα,
1100 1797 1173 1879 εἴγε
1196 1799 1243 1860 καὶ
1266 1796 1407 1880 όκόσμος
1429 1797 1518 1866 ἀίάιος
1540 1796 1602 1879 ἀγέ-

318 1917 345 1961 15
358 1901 444 1985 νητός
466 1902 562 1964 τεκαὶ
584 1900 732 1984 ἄφθαρτος
748 1899 815 1983 ὤν),
838 1898 899 1963 ἔστι
921 1901 987 1983 δὲὴ
1004 1900 1113 1983 γένεσις
1135 1902 1220 1963 τοῦδε
1236 1905 1286 1964 τοῦ
1307 1903 1444 1983 σώματος
1466 1900 1516 1963 καί
1529 1923 1603 1968 τινος

359 2006 497 2085 σώματος
518 2004 552 2067 ἐκ
575 2004 616 2086 μὴ
639 2003 724 2065 τοῦδε
745 2006 796 2065 τοῦ
819 2004 964 2086 σώματος,
987 2004 1006 2087 ἡ
1029 2005 1113 2066 τοῦδε
1135 2004 1243 2091 γένεσις
1266 2007 1316 2066 τοῦ
1340 2006 1475 2085 σώματος
1497 2000 1596 2065 οὐκέθ’

358 2108 459 2175 ἁπλῶς
482 2106 516 2169 ἐκ
539 2106 579 2190 μὴ
611 2108 755 2188 σώματος.
800 2107 841 2174 ὡς
861 2104 916 2189 γὰρ
938 2110 976 2189 τῇ
1001 2107 1112 2189 ἐπινοίᾳ
1142 2108 1189 2169 καὶ
1211 2110 1253 2191 τῷ
1277 2105 1354 2190 λόμρ
1385 2107 1436 2188 τὴν
1459 2105 1529 2189 ὓλην
1552 2108 1602 2166 τοῦ

356 2208 452 2278 είάοος
474 2209 637 2294 χωρίζομεν
659 2206 712 2270 οὐκ
733 2206 821 2271 οὖσαν
844 2210 991 2293 χωριστήν
1013 2208 1112 2291 (τοῦδε
1137 2211 1140 2287 ]
1166 2210 1216 2290 μὲν
1236 2212 1289 2293 γάρ
1311 2231 1386 2277 τινος
1407 2207 1503 2276 είάους
1525 2208 1586 2272 ἐστὶ
1607 2222 1657 2266 ινιι

314 2429 342 2474 νο
357 2415 468 2497 ἐπινοίᾳ
491 2436 522 2476 τε
544 2414 591 2476 καὶ
613 2413 691 2496 λόγιμ
714 2411 810 2493 μόνοις
833 2413 880 2475 καί
902 2414 988 2496 ἡτοῦ
1011 2417 1146 2497 σώματος
1167 2413 1275 2496 γένεσίς
1296 2414 1371 2476 ἐστιν
1395 2416 1434 2481 ὡς
1457 2416 1602 2495 σώματος.

354 2516 426 2602 ἔχον
449 2517 482 2579 δὲ
503 2515 536 2579 τό
564 2538 595 2578 τε
617 2518 673 2599 πῦρ
700 2516 748 2578 καὶ
774 2520 833 2578 τῶν
860 2515 957 2579 ἀλλων
986 2517 1129 2599 σωμάτων
1157 2516 1277 2579 ἕκαστον
1305 2517 1337 2577 τὸ
1359 2515 1432 2578 εἶναι
1454 2519 1554 2592 τοῦτο,
1586 2515 1603 2577 ό

360 2620 431 2694 ἐστι,
453 2621 532 2703 παρά
554 2641 585 2680 τε
606 2622 658 2701 τῆς
681 2617 870 2701 ὑποκειμένης
893 2618 964 2702 ὕλης
985 2619 1033 2681 καὶ
1055 2622 1105 2681 τοῦ
1122 2618 1216 2687 εἴδους
1239 2622 1289 2681 τοῦ
1312 2618 1341 2680 ἐν
1364 2617 1451 2701 αὐτῇ,
1474 2619 1547 2681 κατὰ
1569 2620 1601 2681 τὸ

356 2720 434 2790 εἶδός
456 2722 516 2786 ἐστι
538 2723 622 2783 τοῦτο
646 2717 663 2780 ό
684 2719 754 2783 ἐστι.
788 2719 820 2782 τό
843 2744 875 2783 τε
895 2720 950 2805 γὰρ
973 2725 1030 2803 πῦρ
1052 2721 1125 2784 κατὰ
1148 2722 1180 2783 τό
1202 2720 1277 2790 είάος
1300 2722 1347 2785 καὶ
1369 2723 1389 2804 ἡ
1412 2725 1450 2804 γῆ
1473 2720 1546 2784 κατά
1569 2723 1602 2784 τό

297 2804 301 2813 ’
357 2823 428 2887 αὐτὸ
456 2829 508 2907 γῆ,
537 2825 553 2885 ό
581 2821 606 2885 δ’
634 2820 721 2890 αὐτὸς
748 2820 832 2905 λόγος
859 2823 908 2885 ἐπί
932 2845 962 2885 τε
991 2823 1093 2892 ὕδατος
1121 2824 1169 2886 καὶ
1197 2824 1291 2908 ἀέρος.
1340 2825 1387 2887 καὶ
1414 2816 1480 2908 γὰρ’
1494 2825 1603 2888 τούτων
1631 2842 1645 2882 ο

315 2942 343 2987 κο
358 2929 493 3010 ἑκάτερον
516 2925 590 2989 κατά
616 2925 649 2987 τὸ
672 2923 749 2993 εἶδός
775 2925 866 2999 ἐστιν,
894 2925 1005 2989 ὃεῖναι
1031 2925 1152 3008 λέγεται.
1197 2925 1265 2988 καθ’
1293 2927 1309 2990 ὃ
1333 2927 1385 3010 μὲν
1412 2926 1466 3009 γὰρ
1489 2928 1508 3010 ἡ
1532 2929 1604 3011 πρὸς

355 3029 391 3092 τὰ
419 3028 494 3092 ἄλλα
523 3028 639 3110 ἑκάστῳ
668 3026 745 3090 ἐστὶν
773 3027 869 3091 αὐτῶν
897 3029 1035 3113 διαφοραί,
1063 3028 1136 3092 κατά
1159 3032 1243 3091 τοῦτο
1271 3029 1390 3092 ἕκαστον
1420 3028 1516 3091 αὐτῶν
1543 3029 1603 3093 ἐστι

355 3130 422 3194 τόδε
446 3154 480 3193 τι.
516 3131 590 3193 κατὰ
612 3129 644 3192 δὲ
666 3129 698 3191 τὸ
721 3131 827 3194 οἰκεῖον
850 3130 927 3201 εἶδος
948 3133 1055 3216 ἡπρὸς
1078 3131 1114 3195 τά
1136 3130 1211 3194 ἄλλα
1234 3131 1349 3216 ἐκάστιρ
1372 3132 1506 3215 διαφορά,
1529 3132 1602 3215 εἴγε

355 3236 375 3316 ἡ
403 3234 457 3317 όλη
486 3233 535 3296 καὶ
562 3232 595 3294 τὸ
626 3232 813 3316 ὑποκείμενον
839 3232 942 3296 ταύτὸν
970 3234 1000 3297 ἐν
1027 3237 1113 3297 πᾶσιν
1141 3233 1247 3303 αὐτοῖς.
1292 3232 1365 3296 κατά
1394 3234 1426 3296 τὸ
1448 3232 1525 3302 εἶδος
1547 3233 1603 3319 ἀρα

356 3335 477 3399 ἕκαστον
500 3334 596 3398 αὐτῶν
625 3334 686 3397 ἐστι
707 3339 792 3398 τοῦτο
820 3335 944 3398 όέστιν.
989 3336 1069 3399 εἰδὲ
1092 3335 1159 3401 καθ’
1188 3335 1206 3399 ό
1228 3336 1304 3399 ἐστιν
1327 3336 1448 3398 ἕκαστον
1475 3337 1558 3399 τοῦθ’
1587 3337 1604 3400 ό

315 3455 342 3500 ³⁰
355 3441 447 3515 ἐστιν,
474 3436 551 3502 τοῦτ’
579 3436 655 3501 ἔστιν
678 3436 768 3501 αὐτοῦ
790 3436 937 3522 τελειότης
966 3438 1011 3521 (ἐν
1035 3435 1060 3523 ᾧ
1083 3437 1136 3523 γὰρ
1159 3438 1310 3522 γενόμενον
1338 3440 1369 3500 τὸ
1392 3438 1539 3522 γινόμενον
1563 3443 1604 3509 ὡς

303 3596 557 3605 ——————-—--
585 3594 701 3601 ·-————*

301 3679 318 3733 3
345 3676 495 3747 μᾶλλονδὲ]
515 3677 609 3747 jedoch
634 3677 689 3730 weil
803 3678 820 3730 ὓ
848 3678 949 3731 enare
966 3717 991 3731 ..
1010 3680 1076 3731 κατὰ
1094 3679 1131 3745 δὲ]
1155 3680 1283 3733 entwedee
1301 3717 1327 3731 ..
1347 3679 1408 3732 oder
1523 3681 1602 3732 6-7
1631 3680 1657 3741 ἐξ

301 3763 457 3834 ἀσωμάτων]
476 3781 523 3818 aue
543 3766 616 3818 nicht
633 3765 732 3832 Kfirper
855 3767 869 3817 7
898 3765 945 3818 οὐκ
965 3764 1145 3836 ἀν-ἔμαίίον]
1168 3783 1243 3819 wenn
1262 3769 1300 3820 eie
1319 3768 1373 3820 ihre
1393 3766 1484 3820 Seelen
1502 3768 1569 3820 nach
1588 3768 1657 3821 allen

300 3852 388 3906 Seiten
407 3853 540 3904 wendeten
558 3853 613 3904 und
632 3851 791 3920 fiberlegten‚
809 3852 912 3906 werden
931 3855 969 3906 sie
988 3855 1081 3907 wissen
1153 3853 1235 3905 9-11
1258 3856 1301 3907 eal
1318 3852 1547 3928 ψυχρὸν-θωμὸν
1566 3854 1657 3924 γίνεται

301 3955 351 3991 om.
430 3922 461 3990 12'
478 3938 506 3990 τὸ
525 3937 553 3989 ὃν
572 3937 632 4009 ἤδη]
652 3939 759 3992 welches
778 3941 856 3993 echon
876 3958 928 3993 war
945 3942 1000 3994 und
1018 3942 1148 3995 vollendet
1167 3958 1218 3994 wer
1295 3943 1339 3995 καὶ
1357 3956 1407 3993 om.
1482 3941 1583 3994 13-14
1602 3941 1654 3994 ἀὶάί

301 4025 455 4097 -γίνεσθαι]
475 4027 561 4079 ΑΙΙεῑιι
584 4025 617 4078 de
635 4041 714 4079 unser
732 4025 830 4095 Sagen,
855 4030 914 4082 dese
933 4031 976 4083 ein
995 4030 1094 4097 Kerper
1116 4031 1243 4092 entstehe‚
1261 4030 1334 4082 nicht
1353 4028 1523 4097 schleehtweg
1541 4031 1657 4098 gemeint

301 4115 336 4167 ist
430 4114 531 4166 14-15
550 4111 801 4184 ἀίδιος-ἄφθαρτος]
820 4117 894 4169 nieht
911 4117 1067 4170 entetenden
1086 4118 1151 4184 ewig
1169 4116 1371 4185 unvergt'englich
1464 4116 1565 4170 15-1e
1584 4117 1657 4171 τοῦδε

299 4206 346 4254 τοῦ
365 4200 484 4270 σώματος
501 4201 672 4270 καὶ-γένεσις
689 4205 735 4254 τοῦ
753 4201 870 4270 σώματος
888 4219 938 4257 om.
1033 4204 1068 4256 ⁴20
1086 4203 1122 4262 ὡς
1140 4203 1258 4272 σώματος
1276 4218 1325 4255 om.
1420 4202 1453 4256 23
1472 4204 1500 4255 τό
1519 4204 1656 4274 τε-εἶόος]

302 4288 370 4341 deun
389 4288 469 4341 durch
488 4289 531 4341 die
548 4288 624 4340 Form
642 4290 678 4340 ist
695 4289 777 4342 Feuer
795 4291 899 4344 Feuer
1005 4291 1038 4344 29
1058 4290 1136 4359 καθὸ]
1156 4293 1236 4344 werin
1255 4290 1397 4358 (wodureh)

301 4513 318 4565 3
345 4511 418 4581 διότι]
438 4515 523 4580 epoet
541 4508 554 4562 ὅ
573 4525 638 4563 corr.
658 4528 690 4566 ex
709 4516 771 4568 ιι]ί
879 4518 894 4569 7
922 4500 1084 4588 ἡπόρουνό
1189 4514 1280 4574 αὐτοὺς
1302 4517 1406 4584 scripsi:
1426 4516 1517 4574 αὐτοὺς
1538 4520 1575 4569 Va

304 4599 337 4652 10
363 4603 402 4668 τῷ
420 4614 500 4666 supra
517 4598 606 4651 lin.v
715 4603 743 4654 ll
764 4603 828 4656 ἀλλὰ
846 4605 875 4658 in
893 4605 1001 4673 epodosi
1020 4604 1079 4656 vide
1098 4604 1154 4656 lnd.
1266 4603 1296 4654 12
1316 4605 1406 4672 γένεσιν
1425 4603 1543 4672 σώματος
1561 4623 1577 4656 ιι

301 4685 423 4739 ὑπόθοιτό
441 4703 457 4738 a
565 4685 595 4738 13
613 4691 689 4740 τοῦτο
707 4704 722 4741 e
828 4691 862 4744 20
880 4691 1009 4744 ἐπινοίαιι
1116 4689 1151 4748 ὡς
1169 4689 1286 4758 σώματος
1306 4692 1341 4741 V:
1361 4690 1397 4747 e:
1415 4689 1548 4758 ἀσώματος
1567 4709 1582 4744 a

302 4772 335 4825 23
363 4773 470 4826 fortasse
488 4779 536 4844 πἰρ
554 4774 685 4846 (nepes.
704 4777 753 4829 int.
772 4777 841 4832 hebr.
958 4778 992 4831 28
1019 4781 1063 4831 καὶ
1084 4779 1116 4829 V:
1138 4778 1238 4829 κατὰο
1348 4777 1430 4850 ἀραο
1538 4777 1573 4829 30
1600 4796 1655 4831 του-

300 4860 417 4917 τίστινε
