3540 5610
264 341 294 380 ιι
842 325 1040 381 saturnum
1078 388 1082 395 ,

262 499 445 585 largiorque
473 507 523 567 est
549 499 810 583 compendiorum
837 498 1008 584 praecipue
1034 498 1066 563 in
1088 497 1380 582 praepositionibus
1402 498 1618 563 adhibitorum

264 642 350 687 usus.
396 621 634 687 incantantem
660 619 693 684 in
716 619 881 685 hoclibro
904 617 1079 684 Alexandri
1107 625 1236 700 praeter
1262 617 1492 683 commentaria
1524 616 1619 681 etde
1671 638 1673 644 ·

263 740 411 806 mistione
436 740 579 804 libellum
605 737 746 820 genuina
775 737 882 802 omnia
912 757 995 820 quae
1021 736 1182 819 novimus,
1216 736 1277 802 hoc
1306 738 1417 802 ordine
1445 737 1618 802 collocata:

265 862 297 944 1)
324 860 379 925 fol.
400 857 520 924 1-36v
543 857 765 941 quaestionum
793 857 846 940 qui
869 856 969 921 fertur
1001 855 1083 921 liber
1105 863 1253 940 quartus,
1280 858 1414 922 moralia
1441 857 1618 937 continens,

263 979 353 1044 cuius
380 978 412 1042 in
439 976 502 1041 fine
530 976 597 1061 (fol.
619 975 692 1058 ὅθ’)
721 976 838 1058 legitur
864 994 884 1039 a
906 994 1002 1039 manu
1026 976 1129 1060 prima
1151 977 1287 1060 scriptus
1310 977 1361 1041 bic
1383 976 1494 1041 index:
1522 979 1619 1061 σχολι-

263 1104 322 1162 κῶν
345 1099 458 1184 ἠθικῶν
473 1096 686 1181 προβλημάτων
703 1097 809 1181 βιβλίον
834 1108 863 1170 οῖ,
885 1094 959 1160 dum
981 1093 1035 1160 tol.
1054 1097 1070 1159 1
1094 1097 1273 1178 argumenti
1297 1105 1489 1180 conspectus
1511 1094 1619 1161 verbis

263 1336 485 1419 quaestionum
508 1335 591 1399 liber
613 1334 748 1418 primus,
778 1333 866 1399 cuius
892 1332 1056 1416 inscriptio
1085 1333 1201 1415 legitur
1227 1334 1259 1400 in
1283 1337 1371 1401 calce
1398 1339 1528 1420 φυσικῶν
1551 1356 1619 1420 σχο-
1649 1338 1659 1357 ’

262 1459 350 1519 λικῶν
373 1456 502 1539 ἀποριῶν
524 1455 572 1517 καὶ
594 1454 706 1518 λύσεων
729 1466 747 1516 d
791 1453 825 1536 3)
858 1451 913 1518 fol.
934 1453 1128 1520 691-138'
1155 1455 1196 1519 de
1218 1454 1327 1519 anima
1349 1454 1431 1520 liber
1458 1454 1619 1541 (σχολικῶν

263 1577 328 1661 περὶ
351 1581 451 1661 ψυχῆς
471 1573 504 1659 a)
540 1573 574 1660 4)
597 1572 884 1638 ῐοΙ.139’-221Γ
906 1576 947 1640 de
969 1576 1078 1640 anima
1100 1573 1172 1638 libri
1195 1575 1350 1639 mantissa
1371 1574 1463 1638 titulo
1486 1576 1618 1658 vulgato

263 1696 328 1780 περὶ
343 1691 475 1781 ψυχῆςβ
508 1693 542 1779 5)
566 1693 619 1758 fol.
636 1691 850 1759 2211-2601
870 1695 912 1760 de
926 1694 993 1760 fato
1016 1694 1107 1778 liber,
1130 1694 1181 1760 cui
1203 1695 1278 1758 licet
1292 1694 1431 1775 genuina
1453 1695 1618 1779 inscriptio

262 1813 443 1898 praemissa
465 1814 506 1879 sit
524 1815 715 1899 Ἀλεξάνδρου
735 1812 934 1899 Ἀφροδισέιυς
956 1812 1008 1899 (cf.
1033 1836 1063 1898 p.
1082 1816 1099 1878 1
1122 1812 1212 1898 adn.)
1234 1815 1306 1898 πρὸς
1326 1816 1392 1885 τοὺς
1407 1816 1620 1901 αὐτοκράτορας

262 1935 328 2018 περὶ
343 1933 519 2019 εἱμαρμένης
541 1933 748 1999 memorabile
770 1940 819 1998 est
841 1940 949 1999 tamen
970 1952 1136 1998 numerum
1158 1931 1333 2016 praefixum
1357 1953 1428 2001 esse
1444 1923 1617 2018 fill-quasi

263 2055 305 2121 sit
328 2054 408 2118 baec
430 2052 657 2119 commentatio
683 2051 890 2116 novissimum
913 2052 1046 2118 alteriue
1068 2051 1110 2117 de
1132 2050 1240 2115 anima
1263 2051 1335 2116 libri
1362 2062 1458 2138 caput
1501 2053 1536 2140 6)
1562 2054 1618 2120 fol.

263 2173 477 2240 ‘2611--290v
492 2173 715 2258 quaestionum
732 2173 811 2237 liber
825 2173 907 2236 alter·
940 2170 974 2256 7)
995 2171 1050 2237 fol.
1066 2171 1189 2236 291r-
1201 2170 1282 2235 324Γ
1301 2174 1523 2256 quaestionum
1539 2173 1620 2239 liber

264 2292 390 2376 tertius,
418 2294 477 2359 sed
498 2291 738 2358 animadvertas
762 2290 872 2354 borum
901 2291 1035 2357 duorum
1059 2291 1211 2357 librorum
1233 2293 1370 2358 iudicem
1394 2313 1466 2359 esse
1492 2295 1618 2380 σχολίων

261 2412 335 2496 (sic)
357 2418 486 2498 φυσικῶν
509 2414 638 2498 ἀποριῶν
665 2413 714 2475 καλ
736 2412 846 2475 λύσεων
870 2408 926 2496 [lp.
971 2419 1147 2476 extremam
1171 2412 1321 2496 paginam
1351 2414 1436 2478 idem
1459 2413 1618 2497 librarius,

263 2533 316 2617 qui
340 2541 442 2599 totum
465 2533 608 2598 codicem
631 2530 777 2612 confecit,
801 2530 943 2614 explevit
962 2530 1139 2597 Zachariae
1160 2532 1399 2616 llletropolitani
1423 2535 1488 2619 περὶ
1509 2534 1618 2619 χρόνου

263 2653 598 2720 commentatiuncula.

112 2805 184 2835 ιιιιιι
185 2799 243 2836 cm
346 2771 487 2840 Distinxi
498 2770 521 2855 ¹)
541 2770 625 2835 inter
641 2769 775 2853 primam
799 2777 976 2835 manumet
997 2777 1138 2836 veterem
1156 2778 1367 2836 correctorem
1390 2771 1477 2837 haud
1492 2774 1619 2839 nescius

261 2893 425 2976 utriusque
446 2892 584 2957 fortasse
605 2889 827 2954 additamenta
853 2888 894 2953 ab
917 2889 1032 2955 eodem
1054 2889 1182 2955 homine
1209 2891 1354 2974 profecta
1380 2912 1463 2959 esse.
1507 2892 1618 2958 similis

262 3015 366 3080 estin
389 3019 524 3095 utroque
547 3011 711 3075 literarum
739 3009 854 3074 ductus
877 3008 1044 3091 eidemque
1070 3009 1139 3076 sine
1164 3010 1261 3076 dubio
1285 3012 1384 3077 aetati
1407 3019 1540 3095 uterque
1566 3013 1620 3077 tri-

261 3132 407 3199 buendus
434 3138 496 3215 est3
529 3137 637 3195 tamen
665 3130 709 3212 is,
739 3149 832 3212 quem
859 3136 1001 3194 veterem
1025 3138 1235 3196 correctorem
1259 3132 1423 3215 appellavi
1450 3131 1492 3196 ab
1514 3133 1617 3198 altero

262 3251 368 3318 differt
389 3271 454 3315 non
476 3250 580 3314 solum
596 3249 759 3313 literarum
782 3247 948 3330 tenuitate,
971 3248 1142 3315 sedetiam
1164 3257 1318 3333 tempore.
1351 3250 1498 3316 nimirum
1515 3253 1618 3335 prima

262 3391 375 3437 manus
391 3369 459 3435 eius
475 3368 592 3451 estqui
608 3369 641 3432 in
657 3366 826 3432 scribendo
842 3366 953 3433 codice
968 3366 1128 3432 interdum
1144 3367 1296 3452 substitit,
1312 3369 1447 3453 addidit,
1469 3372 1616 3436 correxit.

262 3491 359 3575 paulo
382 3497 456 3573 post
470 3487 539 3552 sire
560 3485 643 3551 alins
666 3487 735 3552 sive
750 3486 835 3552 idem
851 3486 1021 3569 diligenter
1036 3486 1154 3551 collato
1176 3486 1286 3552 codice
1308 3488 1486 3574 archetypo
1501 3489 1618 3555 iterum

262 3616 364 3674 totum
390 3607 504 3673 librum
530 3605 573 3669 ad
596 3605 688 3670 huius
716 3625 859 3670 normam
888 3606 1009 3689 exegit,
1043 3625 1137 3688 quem
1164 3626 1194 3669 r.
1219 3625 1244 3670 c.
1272 3606 1408 3689 signari.
1453 3607 1481 3672 is
1508 3616 1616 3674 autem

264 3727 323 3793 etsi
346 3733 420 3811 poet
444 3726 561 3806 169,ae
588 3724 631 3788 ad
653 3723 747 3790 finem
776 3724 904 3808 eapitis:
941 3724 994 3809 1ὅτι
1016 3725 1057 3809 μὴ
1080 3725 1177 3809 ἕτερον
1200 3728 1243 3811 τῷ
1266 3726 1336 3789 εἴδει
1358 3728 1391 3790 τὸ
1414 3728 1490 3813 θῆλυ
1513 3731 1561 3793 καὶ
1584 3732 1616 3794 τὸ

262 3846 356 3933 ἄρρεν’
384 3845 484 3911 verba
498 3842 680 3928 adscripsit:
703 3844 760 3914 ἕως
783 3845 842 3908 ὦδε
864 3847 1038 3929 διώρθωται,
1067 3853 1173 3910 tamen
1197 3845 1299 3911 codici
1328 3848 1493 3928 usquead
1515 3857 1618 3915 extre-

264 3985 347 4030 mam
370 3964 521 4048 paginam
545 3966 719 4030 salutarem
742 3962 889 4027 adhibuit
912 3984 1053 4046 operam.

166 4084 238 4150 Vm¹
347 4085 412 4150 Sed
439 4091 473 4149 ut
498 4083 541 4149 ad
564 4082 809 4148 commodiorem
834 4082 1038 4166 partitionem
1065 4084 1211 4167 redeam,
1239 4083 1320 4149 baec
1342 4085 1447 4152 habeo
1470 4107 1554 4171 quae
1576 4090 1617 4155 de

262 4203 308 4269 m¹
330 4222 488 4268 moneam.
524 4202 606 4266 solet
628 4201 764 4284 primum
787 4199 959 4266 minutiora
980 4204 1090 4288 verba,
1113 4206 1201 4270 velut
1223 4205 1256 4268 δὲ
1279 4205 1331 4287 μὲν
1353 4206 1407 4290 γὰρ
1430 4209 1478 4270 καὶ
1500 4208 1617 4273 similia

264 4342 362 4405 supra
384 4320 510 4385 infrave
532 4340 660 4385 versum
683 4320 814 4404 addere,
837 4319 869 4383 id
884 4321 969 4402 quod
992 4342 1057 4387 non
1079 4325 1285 4406 neglegentia
1307 4323 1425 4390 factum
1449 4333 1536 4409 puto,
1559 4329 1616 4392 sed

264 4448 299 4505 ut
321 4440 453 4505 chartac
472 4447 628 4524 parceret.
667 4458 797 4524 perraro
821 4438 905 4503 enim
928 4440 1066 4508 maiores
1089 4463 1185 4508 voces
1207 4463 1264 4509 scu
1287 4445 1524 4510 enuntiatorum
1547 4465 1618 4529 par-

263 4559 377 4623 ticulas
399 4558 432 4623 in
455 4557 599 4640 margine
621 4555 792 4641 supplevit.
830 4557 1036 4624 inveniuntur
1057 4567 1164 4626 tamm
1188 4564 1276 4647 talia,
1300 4564 1395 4647 3038
1417 4565 1490 4650 33,6
1512 4566 1616 4651 81,2Ο.

336 4848 354 4914 ¹)
382 4847 454 4911 Quae
476 4853 621 4918 sequuntur
644 4851 822 4904 tantummodo
842 4851 874 4904 de
900 4853 1003 4906 animae
1026 4856 1191 4908 enarratione
1214 4856 1322 4925 eiusque
1345 4858 1522 4912 additamento
1547 4860 1617 4913 dicta

264 4938 334 5002 sunt,
353 4936 415 5004 quia
433 4935 619 5000 Quaestionum
638 4938 749 5008 librique
769 4939 806 4992 De
823 4939 877 4992 fato
896 4940 1004 4994 historia
1023 4957 1138 4995 seorsum
1157 4945 1336 5013 persequenda
1354 4947 1411 4998 erit.
