3540 5610
747 307 889 365 ΒΙΒΛΙΟΝ
908 306 1036 366 ΤΡΙΤΟΝ
1059 311 1090 362 12
1529 309 1590 375 105

289 481 342 565 γὰρ
362 482 388 545 εἰ
409 484 461 564 μὲν
476 484 509 546 τὸ
524 483 741 566 πεπερασμένον
757 489 793 568 τη
810 485 898 547 αὑτοῦ
914 485 998 568 φύσει
1013 483 1072 568 (τὸ)
1087 484 1266 567 πεπεράνθαι
1281 481 1354 567 ἔχει,
1370 484 1402 546 τὸ
1418 483 1450 545 δὲ
1466 479 1537 564 πρός
1550 496 1577 538 ¹⁵

292 608 317 647 τι
333 586 472 670 περαίνειν
497 583 555 669 [ἐν]
571 588 609 667 τῇ
625 587 697 670 πρὸς
715 585 787 649 άλλυ
803 585 905 671 σχέσει
919 590 1056 660 τοιοῦτον,
1079 586 1132 649 οὐκ
1148 585 1181 647 ἀν
1200 585 1246 668 είη
1270 586 1302 647 τὸ
1319 583 1535 667 πεπερασμένον

294 687 323 750 ἐν
345 692 386 772 τῷ
403 687 547 772 περαίνειν
570 688 640 773 πρός
667 712 692 751 τι
713 688 745 751 δν
768 689 963 758 ἐκτὸςαίιτοδ.
1009 690 1067 774 χρὴ
1090 689 1145 772 γὰρ
1168 689 1215 750 τόν
1236 688 1386 769 εἰσάγοντα
1410 687 1456 749 διὰ
1479 689 1536 748 τῶν

293 789 384 872 λόγων
406 791 491 874 φύσιν
514 792 607 860 οὕτως
621 790 729 855 ἄτοπον
751 793 799 855 καί
821 798 880 862 τοῖς
902 790 968 856 οὖσί
989 816 1019 855 τε
1041 793 1089 855 καὶ
1110 791 1268 874 γινομένοις
1291 788 1472 875 μαχομένην,
1496 792 1536 857 ὡς
1549 803 1577 846 κθ

262 893 452 975 εέδείξαμεν,
481 894 534 957 υἰικ
556 894 588 956 ἐκ
612 895 750 980 βραχείας
777 895 967 981 πιθανότητος
990 895 1134 958 ποιεῖσθαι
1160 895 1212 976 τὴν
1235 893 1413 975 κατασκευήν
1436 891 1536 954 τεκαὶ

295 998 345 1079 τὴν
367 998 460 1061 πίστιν
487 999 589 1081 αὐτῆς.
617 997 684 1060 οὐδὲ
711 998 769 1060 ἀπὸ
797 999 1012 1084 συμβεβηκότος
1040 997 1115 1065 τινός
1142 1018 1197 1060 τισι
1225 999 1282 1056 τῶν
1309 994 1535 1080 πεπερασμένων

293 1101 342 1182 τὴν
364 1099 447 1183 φύσιν
469 1104 520 1163 τοῦ
543 1100 763 1184 πεπερασμένου
787 1102 990 1186 λαμβάνοντος.
1028 1098 1093 1163 οὔτε
1116 1101 1169 1182 γὰρ
1192 1098 1290 1161 ἕπεται
1312 1102 1395 1160 τοῦτο
1419 1098 1467 1160 ἐπὶ
1489 1101 1532 1181 τῷ
1547 1112 1574 1155 κο

293 1201 400 1285 λέγοντι
422 1203 455 1265 τὸ
478 1206 534 1264 πᾶν
556 1203 627 1265 εἰναι
642 1202 868 1287 πεπερασμένον,
892 1202 957 1266 οὔτε
980 1204 1013 1266 ἐκ
1035 1209 1087 1286 τῆς
1108 1202 1274 1284 αἰσθήσεως
1296 1198 1400 1284 ἔχουσί
1421 1224 1446 1263 τι
1469 1202 1533 1284 περὶ

292 1305 379 1368 αὐτοῦ
402 1309 514 1368 τοιοῦτο
538 1304 542 1375 Ι
566 1304 673 1388 λέγειν,
702 1306 722 1388 ἦ
744 1328 776 1368 τε
797 1305 854 1368 ἀπθ
877 1311 934 1368 τῶν
962 1307 1018 1369 ὑπὸ
1045 1306 1097 1389 τὴν
1124 1303 1259 1388 αίσθησιν
1288 1303 1512 1387 πεπερασμένων
1535 1309 1587 1366 ‘202

247 1428 275 1474 ιο
292 1408 449 1493 παράθεσις
474 1408 530 1493 οἰιχ
554 1409 652 1491 ὁμοία,
681 1407 761 1490 εἴγε
789 1413 877 1472 ταῦτα
906 1409 957 1492 μὲν
984 1409 1165 1490 ὁμολογεῖται
1192 1408 1262 1488 πρὸς
1289 1413 1331 1491 τῷ
1354 1405 1533 1488 πεπεράνθαι

291 1512 348 1594 [τὸ]
371 1511 418 1574 καί
441 1509 516 1595 μέρη
544 1515 594 1573 τοῦ
617 1511 723 1579 παντὸς
748 1509 834 1587 εἰναι,
864 1512 897 1574 τὸ
924 1513 956 1574 δὲ
983 1515 1039 1572 πᾶν
1066 1508 1165 1572 οὐκέθ’
1193 1509 1253 1572 οίόν
1280 1532 1310 1571 τε
1339 1509 1424 1593 μέρος
1450 1508 1532 1576 τινός.
1560 1526 1574 1568 ο

289 1613 331 1676 ότι
363 1614 395 1675 δὲ
423 1613 464 1696 μὴ
491 1613 538 1675 ἐπί
565 1614 679 1676 πάντων
709 1619 745 1695 τῇ
772 1614 909 1697 αἰσθήσει
936 1613 1093 1698 χρηστέον,
1125 1613 1204 1675 αὐτοὶ
1233 1613 1302 1695 πρὸς
1329 1611 1377 1681 οὓς
1404 1614 1419 1675 ὁ
1449 1611 1533 1694 λόγος

289 1715 455 1791 δεικνύασιν,
478 1713 574 1798 ἀτομιί
592 1715 625 1797 γέ
647 1739 709 1779 τινα
730 1715 840 1799 μεγέθη
864 1716 1008 1799 τιθέμενοι
1029 1716 1199 1778 ἐκπίπτοντα
1216 1716 1266 1796 τὴν
1283 1715 1425 1797 αἰσθητὴν
1448 1714 1532 1798 φύσιν

289 1820 334 1881 καὶ
357 1819 438 1881 κενόν
462 1841 488 1880 τι
509 1817 580 1880 εἰναι
603 1818 732 1900 λέγοντες
754 1819 801 1881 καί
824 1819 919 1903 ἀμερῆ
946 1843 1007 1883 τινα
1029 1819 1077 1880 καί
1101 1819 1243 1900 ἀσώματα
1269 1818 1316 1879 καὶ
1339 1820 1464 1901 κινήσεις
1485 1819 1532 1881 καὶ

250 1940 273 1988 ιο
289 1920 410 2007 χρόνους
432 1919 622 2004 εἰσαγόμενοι.
1546 1936 1573 1978 ιο

367 2021 416 2092 Ὡς
437 2023 469 2086 δὲ
490 2022 526 2107 ἧν
548 2023 651 2086 τοίιτυυ
674 2026 725 2085 τοῦ
747 2022 836 2105 λόγου
862 2024 920 2086 ἀπὸ
943 2024 1159 2110 συμβεβηκότος
1181 2030 1240 2094 τοῖς
1262 2023 1489 2108 πεπερασμένοις
1510 2048 1529 2107 η

289 2128 477 2212 ἐπιχείρησις,
499 2124 559 2188 ἀλλ’
582 2126 635 2189 οἰικ
657 2126 715 2189 ἀπὸ
731 2131 783 2210 τῆς
804 2126 904 2195 οἰισίας
925 2133 975 2190 τοῦ
992 2128 1220 2212 πεπερασμένου,
1243 2130 1289 2190 καὶ
1306 2128 1364 2189 ἀπὸ
1388 2132 1438 2210 τῆς
1460 2126 1534 2188 κατὰ

286 2230 335 2313 τὴν
358 2229 493 2312 αἴσθησιν
520 2228 689 2311 συνηθείας,
717 2229 770 2291 οἰικ
792 2229 850 2291 ἀπὸ
879 2235 932 2313 τῆς
958 2230 1032 2293 κατὰ
1058 2231 1106 2293 τὸν
1133 2229 1216 2312 λόγον
1239 2231 1426 2303 ἀκολουθίας,
1456 2230 1533 2291 οὕτω
1548 2245 1573 2288 ιο

288 2333 388 2395 δὲκαὶ
411 2332 459 2395 ἐπὶ
480 2336 530 2394 τοῦ
553 2330 698 2415 δευτέρου,
721 2331 753 2399 ὃς
774 2332 849 2400 ἀξιοῖ
868 2333 916 2395 τὸν
939 2331 969 2394 ἐν
992 2337 1034 2416 τῷ
1057 2332 1157 2416 πέρατι
1180 2338 1230 2396 τοῦ
1253 2333 1357 2401 παντὸς
1379 2331 1531 2414 γενόμενον

240 2449 268 2498 20
286 2435 419 2498 ἐκτείνειν
441 2457 472 2497 τε
495 2433 627 2497 ἐπέκεινα
647 2438 698 2498 τοῦ
722 2434 843 2517 πέρατος
854 2458 876 2517 η
900 2436 1139 2519 κωλυθήσεσθαι,
1163 2434 1335 2519 ἀμφοτέρως
1358 2436 1389 2497 δὲ
1412 2433 1536 2498 ἔσεσθαί

285 2563 310 2602 τι
331 2543 381 2601 τοῦ
398 2538 502 2606 παντὸς
516 2536 608 2605 ἐκτός.
642 2537 690 2599 καὶ
712 2537 764 2619 γάρ
781 2537 865 2606 οὗτος
880 2539 937 2601 ἀπὸ
954 2544 1011 2600 τῶν
1035 2538 1094 2623 [ἐκ]
1113 2544 1207 2623 μερῶν
1231 2538 1458 2621 πεπερασμένων
1480 2539 1531 2621 τὴν
1545 2554 1573 2596 ευ

288 2641 466 2726 ἐπιχείρησιν
489 2639 536 2702 ἐπὶ
559 2640 591 2702 τὸ
608 2643 663 2701 πᾶν
688 2639 843 2724 μεταφέρει
865 2642 913 2703 καὶ
936 2641 1012 2708 ἀίιοῖ
1032 2647 1092 2711 τοῖς
1115 2643 1172 2704 ἀπὸ
1195 2647 1247 2724 τῆς
1269 2642 1334 2724 περὶ
1358 2640 1441 2704 ταῦθ’
1462 2644 1531 2724 ἡμῖν

284 2745 453 2827 αἰσθήσεώς
478 2765 508 2804 τε
535 2742 583 2804 καί
605 2741 655 2804 ἀπ’
684 2741 778 2805 αἰιτιῖιν
806 2743 963 2826 φαντασίας
988 2745 1138 2829 γινομένης
1164 2746 1293 2829 χρῆσθαι
1321 2747 1361 2812 ὡς
1388 2745 1435 2806 ἐπὶ
1464 2746 1530 2806 πάν-

287 2869 342 2908 των
366 2846 459 2914 οὕτως
481 2844 617 2929 ἐχούσης.
662 2846 694 2907 τὸ
718 2841 742 2907 δ’
770 2844 827 2929 οἰιχ
850 2845 942 2913 οὕτως
963 2844 1037 2930 ἔχει.
1082 2848 1115 2910 οὐ
1137 2848 1193 2931 γὰρ
1214 2849 1247 2909 τὸ
1270 2846 1441 2929 φαινόμενον
1464 2850 1533 2930 ἀλη-

224 2958 269 3014 25
287 2949 347 3017 θές.
392 2947 426 3010 οὐ
449 2946 501 3031 γάρ
524 2947 550 3010 εἰ
572 2948 729 3030 φαντασίαν
752 2947 855 3010 ἑαυτοῦ
882 2971 923 3016 τις
951 2950 1035 3034 λάβοι
1063 2950 1142 3018 ὄντος
1169 2948 1198 3011 ἐν
1221 2970 1275 3012 τισι
1299 2938 1410 3026 τόποις,
1438 2950 1468 3012 ἐν
1490 2950 1573 3018 οίςεο

282 3051 393 3134 ἥποτε
416 3050 528 3133 γέγονεν
552 3075 571 3132 η
597 3049 600 3134 ἰ
625 3050 693 3114 οὐδὲ
719 3050 816 3131 γέγονε
844 3051 895 3133 τὴν
924 3051 1034 3136 ἀρχήν,
1064 3053 1111 3115 διὰ
1137 3056 1219 3116 τοῦτο
1248 3055 1295 3114 καὶ
1321 3050 1396 3115 ἔστιν
1426 3050 1506 3115 ἔνθα.
1531 3059 1583 3116 203

284 3154 356 3236 [οἷόν
379 3153 424 3235 τε]
446 3158 496 3216 τοῦ
519 3154 572 3237 γάρ
596 3155 637 3237 μὴ
660 3157 716 3216 πᾶν
738 3154 771 3215 ιδ
794 3152 964 3237 φαινόμενον
988 3155 1097 3237 ἀληθὲς
1119 3154 1191 3217 εἶναι
1214 3155 1297 3217 ίκανδι
1320 3155 1460 3239 μαρτύρια
1482 3156 1530 3218 καί

284 3257 319 3319 τά
341 3256 530 3339 κοιμωμένων
553 3261 601 3321 καὶ
616 3256 813 3341 ἐργηγορότων
836 3257 905 3320 κενὰ
920 3256 1055 3340 γινόμενα
1077 3260 1277 3342 φαντάσματα,
1300 3258 1343 3326 οἷς
1359 3257 1458 3340 ὅμοιον
1482 3262 1530 3323 καὶ
1558 3275 1571 3316 ε

285 3360 317 3423 τό
333 3360 524 3423 ὑποτίθεσθαι
547 3360 576 3423 ἐν
600 3366 641 3444 τῷ
659 3360 761 3444 πέρατί
783 3384 843 3422 τινα
860 3361 989 3442 γίνεσθαι
1012 3365 1062 3423 τοῦ
1079 3363 1183 3429 παντὸς
1205 3365 1262 3422 τῶν
1279 3361 1444 3441 δυναμένων
1467 3361 1530 3425 ἐπέ-

198 3466 263 3529 30
280 3486 358 3526 κεινα
385 3467 436 3526 τοῦ
463 3462 585 3548 πέρατος
612 3463 745 3526 ἐκτείνειν
773 3487 798 3525 τι
825 3464 1026 3547 κρατούμενον.
1072 3465 1100 3526 τί
1124 3464 1177 3547 γάρ
1209 3463 1335 3547 διαφέρει
1363 3467 1451 3547 τῆσδε
1479 3471 1530 3549 τῆς

280 3567 436 3650 φαντασίας
458 3589 488 3629 τε
514 3568 560 3629 καὶ
586 3565 755 3634 ὑποθέσεως
782 3567 815 3629 τό
839 3567 933 3650 ἐντῷ
959 3569 998 3650 μη
1023 3566 1081 3629 ὄντι
1105 3568 1206 3628 ἑαυτὸν
1229 3566 1376 3650 γινόμενον
1400 3568 1530 3631 ὑποτίθε-

281 3669 349 3732 σθαι
372 3669 419 3732 καί
444 3673 552 3753 ζητεῖν,
580 3671 700 3753 πότερον
729 3669 816 3732 αἰιτθν
840 3672 993 3753 προσιόντα
1019 3669 1101 3753 αὐτῷ
1129 3669 1315 3753 παραδέξεται
1343 3695 1361 3752 η
1385 3671 1418 3733 οὐ
1442 3695 1529 3756 παρα·
1544 3689 1571 3730 ιο

280 3771 398 3852 δέξεται,
426 3773 473 3835 καὶ
500 3772 619 3856 πότερον
649 3774 796 3856 γινόμενος
823 3775 853 3836 ἐν
875 3773 956 3858 αὐτῷ
981 3776 1117 3856 στήσεται
1140 3772 1185 3855 (η)
1208 3774 1291 3858 οὐδὲν
1314 3776 1346 3837 τὸ
1369 3776 1528 3859 ἀναβαῖνον

280 3873 337 3943 ἐξει
358 3876 407 3937 καὶ
429 3876 552 3939 ἐκτεῖναι
575 3877 627 3958 τὴν
650 3883 735 3961 χεῖρα
758 3879 913 3960 δυνήσεται
935 3878 953 3959 ἥ
977 3877 1113 3957 ἐμποδὼν
1137 3874 1216 3938 ἔσται
1239 3901 1265 3939 τι
1288 3877 1383 3961 αὐτῷ,
1410 3878 1453 3941 ὅτι
1475 3880 1528 3963 γάρ

203 3988 260 4045 35
280 3979 387 4042 τούτων
412 3979 569 4042 ὑποθετέον
596 3981 625 4042 τί
644 3980 705 4043 ἐστι
727 3982 759 4042 τδ
784 3981 825 4063 μὴ
848 3978 889 4043 όν.
935 3982 978 4043 διὸ
1001 3980 1113 4064 βέλτιον
1140 3980 1190 4049 τάς
1218 3983 1350 4049 τοιαύτας
1372 3983 1529 4065 φαντασίας
1544 3999 1569 4040 ιο

280 4079 410 4165 ἐλέγχειν
434 4080 521 4151 οὔσας
544 4085 638 4158 κενάς,
665 4083 826 4164 ἑπομένους
847 4088 909 4152 ταῖς
931 4084 977 4146 διά
1000 4088 1057 4145 τῶν
1080 4082 1174 4164 λόγων
1198 4085 1358 4154 ἀποδείξεσι
1381 4088 1429 4148 καὶ
1452 4110 1528 4171 χρω-

219 4286 344 4357 1γάρε.
364 4303 388 4337 ν.
407 4291 430 4338 V
532 4286 608 4340 αὐτοῦ
627 4293 651 4338 V
752 4287 781 4339 τὸ
800 4288 859 4339 add.
878 4290 922 4354 Sp.
1024 4287 1075 4357 ἔχει
1094 4287 1199 4354 S⁹Sp.:
1220 4290 1286 4362 ἔχειν
1307 4291 1365 4344 libri
1456 4291 1518 4342 ἳέν
1538 4293 1581 4343 (ἰε-

219 4371 275 4427 levi
350 4374 495 4428 3f0rtasse
513 4375 597 4439 (εἶναι)
616 4376 641 4427 ἐν
713 4375 787 4432 ἐκτὸς
804 4375 882 4427 αυτοῦ
900 4376 1004 4442 scripsi:
1025 4376 1054 4427 ἐκ
1073 4375 1193 4428 τοσοίιτυυ
1207 4377 1265 4429 libri
1342 4379 1582 4447 ἐγινομένοιςβὸε

224 4481 283 4547 ὃμι
306 4467 430 4548 γινομίνοι
449 4482 487 4532 sic
505 4481 527 4531 V
616 4480 631 4530 7
651 4479 810 4548 λαμβάνοντα
829 4479 957 4532 Schwartz
1047 4479 1097 4548 ἐπὶ]
1121 4481 1229 4533 fortasse
1249 4481 1283 4532 ἔτι
1372 4484 1388 4532 θ
1411 4481 1444 4549 τι]
1464 4486 1509 4551 της
1527 4500 1543 4533 α

229 4567 256 4618 ll
284 4567 313 4620 τὸ
332 4568 381 4620 del.
400 4568 430 4622 S²
449 4571 493 4634 Sp.
592 4567 623 4619 13
650 4567 788 4619 δεικνόασιν
811 4568 916 4632 scripsi:
946 4565 1067 4619 δείκνυσιν
1089 4573 1119 4618 V:
1148 4568 1268 4622 δεικνῦσιν
1288 4571 1332 4635 Sp.
1443 4571 1471 4621 16
1500 4569 1526 4621 δὲ
1550 4570 1581 4639 ἠν

227 4656 306 4709 GFsa
324 4655 427 4722 Spa&
446 4674 476 4726 ην
496 4656 575 4708 sieV:
595 4653 693 4724 δίηνΒ
798 4655 1528 4726 τοῖςλ’ἰυῐ.8μ.ιτιήλίιτιῖγίἰιτίἠβιτίἠὸα

227 4739 259 4791 20
275 4740 314 4810 τε]
333 4742 444 4794 fortasse
457 4761 481 4794 τι
575 4740 769 4810 κωλυθήσεσθαι
782 4746 839 4809 Spa
860 4740 1035 4810 κωλυθήσεται
1056 4745 1114 4795 mni
1205 4747 1234 4796 2’1
1258 4746 1286 4796 ἐκ
1306 4746 1387 4797 delevi
1479 4745 1512 4795 22
1531 4751 1581 4802 τοῖς

227 4830 280 4894 Sp.:
298 4830 331 4881 τά
344 4829 404 4881 libri
493 4828 524 4879 27
545 4829 596 4880 υἰόν
615 4847 641 4881 τε
659 4830 754 4881 delevi:
776 4829 827 4881 οἷον
847 4831 887 4881 ταί
905 4849 931 4881 τε
946 4834 980 4883 G:
1001 4826 1065 4901 (μετα
1086 4833 1153 4882 coni.
1168 4835 1211 4896 Sp.
1302 4831 1335 4882 21)
1354 4837 1405 4882 τῶν
1424 4831 1487 4899 δον]
1508 4833 1580 4884 δυνά-

228 4932 296 4982 μενον
315 4915 445 4969 Schwartz
535 4915 568 4968 33
586 4914 602 4985 ἠ
623 4916 725 4968 addidi:
750 4917 793 4968 καὶ
810 4917 868 4970 add.
890 4920 955 4970 vict.
1046 4919 1113 4987 34η
1136 4922 1157 4968 V
1247 4920 1279 4970 θ’)
1300 4920 1408 4972 sortasse
1426 4920 1508 4989 τοότῳ
