3540 5610
227 328 288 391 100
707 322 858 380 ΑΠθΡΙΩΝ
880 323 939 380 ΚΑΙ
958 323 1091 380 ΛΥΣΕΩΝ

278 498 433 564 ὑπόστασιν
459 501 601 583 γίνεσθαι,
631 502 678 565 καὶ
704 501 801 585 πλὴρη
831 503 883 585 τὴν
913 506 966 585 γὴν
997 501 1130 584 τοιαύτης
1158 498 1411 583 καταμεμιγμένης
1437 496 1526 582 ξηρᾶς

277 603 324 664 καὶ
348 604 479 667 ἀπέπτου
495 606 696 689 περιττώσεως
718 605 827 687 ὁμοίως
848 609 886 687 τῇ
903 605 1009 688 τέφρα·
1032 605 1068 686 ἡν
1091 603 1121 665 ἐν
1143 608 1204 672 ταῖς
1227 603 1283 666 ὑπὸ
1302 606 1354 667 τοὺ
1377 603 1463 685 ἡλίου
1485 625 1524 684 γι-
1538 615 1566 657 1⁰

279 705 410 787 νομέναις
433 707 659 790 ἀναθυμιάσεσιν
683 705 740 769 ἀπό
763 730 795 770 τε
816 712 869 790 τὴς
890 712 942 790 γῆς
969 709 1089 770 καὶτοῦ
1114 706 1215 774 ὑθατος
1237 703 1523 787 ἐγκαταμεμιγμένην

277 807 328 869 ἀτε
350 806 438 873 οὖσαν
461 809 636 894 κουφοτέραν
659 811 689 873 ἐν
704 815 766 879 ταῖς
788 810 828 877 εἰς
852 810 929 892 ὕδωρ
946 808 1102 872 συστάσεσί
1121 831 1152 870 τε
1173 813 1232 871 τῶν
1247 813 1342 892 νεφῶν
1366 809 1414 870 καὶ
1438 829 1523 888 μετα·

243 910 378 992 οβολαῐτ
400 911 683 997 ἐγκαταμιγνυμένην
705 913 753 976 καὶ
769 910 1059 996 συγκαταφερσμένην
1081 911 1127 973 ἀεὶ
1149 911 1244 995 ἀρχὴν
1268 911 1315 974 καλ
1338 910 1428 973 αἰτίαν
1452 909 1564 972 εἶναιιτ

276 1018 328 1096 τῆς
350 1016 502 1099 ποιότητος
523 1019 573 1077 τοὺ
597 1020 648 1098 τῆς
671 1016 816 1098 θαλάττης
838 1015 950 1090 ὑδατός,
972 1014 1007 1097 ἡς
1029 1015 1230 1098 περιττώσεως
1252 1014 1282 1076 ἐν
1305 1016 1367 1081 ταῖς
1389 1012 1447 1075 ἀπὸ
1470 1016 1523 1095 τῆς

275 1115 421 1200 θαλάττης
449 1118 659 1199 ἀναθυμιάσεσι
686 1120 719 1180 τὸ
742 1121 875 1182 πλεῖστον
903 1116 1055 1199 ὑπομένον.
1100 1115 1173 1178 εἶναι
1199 1117 1253 1199 γάρ
1277 1139 1302 1178 τι
1329 1116 1376 1177 καὶ
1405 1135 1523 1178 συνανα-

274 1217 432 1303 φερόμενον
454 1224 497 1305 τῷ
522 1220 602 1283 ὑδατι
625 1221 671 1283 καλ
695 1221 874 1305 μεταβάλλον
901 1220 942 1288 εἰς
963 1221 1052 1302 γλυκὺ
1075 1220 1105 1282 ἐν
1129 1224 1166 1301 τῇ
1190 1218 1275 1302 πέψει
1303 1241 1333 1280 τε
1356 1217 1403 1280 καὶ
1426 1219 1463 1299 τῇ
1488 1215 1564 1278 ἐκοο

274 1326 331 1383 τῶν
347 1327 443 1405 νεφῶν
463 1323 622 1407 μεταβολῇ,
646 1342 665 1380 κ
688 1342 708 1381 ιι
730 1342 750 1381 κ
772 1327 856 1386 τοῦτο
879 1324 911 1386 δὲ
932 1324 965 1387 τό
981 1322 1123 1405 ὑπομένον
1145 1327 1196 1405 τὴς
1212 1320 1410 1405 ἁλμυρότητος
1431 1318 1522 1383 αἴτιον

223 1443 252 1488 10
270 1428 314 1508 τῷ
344 1424 423 1487 ὑδατι
449 1429 491 1509 τῷ
519 1430 570 1507 τῆς
597 1426 757 1510 θαλάσσης.
802 1425 846 1489 ότι
873 1427 905 1489 δὲ
931 1425 981 1489 σὺν
1009 1430 1051 1510 τῷ
1080 1424 1194 1508 ὑομένιρ
1222 1424 1302 1487 ὑδατι
1330 1423 1448 1506 τοιαὺτη
1478 1446 1533 1492 τις·

271 1527 515 1612 συγκαταφέρεται
539 1529 714 1612 περίττωσις,
737 1526 841 1598 ἔδειξεν
857 1529 890 1592 ἐκ
905 1533 955 1591 τοῦ
975 1530 1011 1591 τά
1033 1551 1064 1592 τε
1086 1528 1165 1592 νότια
1189 1528 1278 1591 ὑδατα
1301 1529 1425 1609 μάλιστα
1447 1525 1523 1589 εἶναι

271 1630 381 1692 πλατέα
402 1636 443 1715 τῷ
468 1632 516 1694 καλ
542 1633 590 1694 τὸν
612 1631 694 1695 νότον
717 1633 775 1695 ἀπὸ
804 1637 860 1695 τῶν
884 1637 981 1716 μερῶν
1009 1632 1126 1695 ἐκείνων
1153 1633 1206 1715 τὴν
1232 1630 1342 1713 γένεσιν
1365 1627 1460 1716 ἔχειν,
1490 1629 1563 1692 ἐνοσ

272 1732 314 1800 οἷς
336 1733 442 1796 πλείων
465 1735 484 1817 ἡ
508 1733 580 1818 ξηρὰ
603 1735 793 1816 ἀναθυμίασις
813 1735 936 1817 γίνεται,
964 1737 1126 1818 πλατύτερα
1153 1735 1185 1797 δὲ
1208 1735 1255 1797 καὶ
1278 1734 1313 1795 τὰ
1335 1737 1437 1817 πρῶτα
1461 1739 1520 1796 τῶν

271 1842 476 1920 μετοπωρινῶν
504 1838 632 1913 ὑδάτων,
665 1836 708 1900 ὅτι
735 1839 845 1922 ἀνάγκη
876 1837 911 1900 τὰ
938 1838 1082 1922 βαρὺτατα
1113 1841 1215 1922 πρῶτα
1242 1835 1246 1922 Ι
1275 1835 1503 1921 καταφέρεσθαι,
1528 1843 1575 1901 192

221 1958 248 2005 15
269 1939 415 2022 βαρύτατα
443 1941 475 2002 ὑὲ
503 1941 537 2003 τά
565 1944 698 2004 πλεῖστον
725 1943 758 2003 τὸ
785 1942 893 2023 γεῶδες
921 1941 950 2003 ἐν
978 1942 1092 2010 ἑαυτοῖς
1119 1939 1234 2026 ἔχοντα.
1280 1939 1323 2002 ότι
1351 1942 1384 2003 δὲ
1405 1944 1521 2004 τοιοῦτο

269 2043 433 2126 περίττωμα
456 2048 492 2125 τῇ
511 2044 647 2126 θαλάσση
668 2044 751 2119 πολό,
774 2044 955 2107 ἐπιστώσατο
978 2045 1025 2106 καὶ
1048 2044 1095 2107 διά
1117 2048 1168 2106 τοὺ
1184 2045 1297 2128 θερμὴν
1320 2042 1410 2126 αὑτὴν
1435 2040 1519 2106 εἶναι.

268 2146 436 2230 πάνταγὰρ
459 2146 514 2210 όσα
537 2147 704 2231 πεπὺρωται
727 2145 791 2232 ἔχει
814 2148 876 2210 τινὰ
899 2147 1017 2229 ὃὺναμιν
1041 2147 1220 2231 θερμότητος
1242 2146 1272 2209 ἐν
1295 2147 1407 2223 αὑτοῖς,
1435 2149 1476 2215 ὡς
1499 2146 1520 2229 ἡ
1547 2163 1562 2204 ε

269 2271 300 2310 τε
321 2249 402 2311 κονία
425 2250 473 2313 καὶ
495 2252 513 2332 ἡ
536 2249 627 2333 τέφρα
650 2251 697 2313 καὶ
720 2252 739 2333 ἡ
762 2255 820 2313 τῶν
844 2249 929 2333 ζῴων
953 2248 1118 2328 ὑπόστασις,
1142 2251 1190 2313 καλ
1213 2251 1232 2332 ἡ
1255 2255 1313 2312 τῶν
1332 2249 1518 2334 θερμοτέραν

265 2351 317 2432 τὴν
345 2355 452 2414 κοιλίαν
476 2352 561 2437 ζῴων
589 2354 637 2415 καλ
661 2352 817 2420 ὑπόστασις
843 2352 1014 2437 θερμοτέρα.
1054 2352 1235 2416 ἐπιστώσατο
1263 2353 1295 2415 δὲ
1322 2353 1454 2437 ἁλμυρὸν
1479 2353 1520 2435 γί-

217 2473 250 2518 ‘20
269 2456 369 2517 νεσθαι
392 2455 465 2517 κατά
482 2456 555 2535 μῖξιν
578 2456 707 2519 τοιοὺτου
724 2457 798 2525 τινὺς
813 2459 1028 2539 περιττώματος
1050 2456 1098 2519 καλ
1121 2457 1179 2518 ἀπὸ
1201 2461 1255 2538 τὴς
1270 2457 1403 2541 ἱστορίας,
1428 2479 1519 2541 παρα·
1535 2474 1561 2516 ιο

265 2556 387 2639 θέμενος
409 2559 526 2640 λιμένας
552 2582 584 2621 τε
606 2561 652 2622 καὶ
676 2558 836 2642 ποταμοός,
864 2561 905 2621 ών
929 2557 1019 2622 όντων
1042 2559 1179 2642 ἁλμυρῶν
1207 2559 1388 2644 συμβέβηκεν
1411 2561 1461 2623 καλ
1484 2560 1517 2622 τὸ

265 2660 341 2743 ὑὺωρ
364 2660 527 2746 παχύτερόν
555 2685 586 2724 τε
608 2661 680 2725 εἶναι
707 2664 754 2725 καὶ
776 2661 985 2746 γεωδέστερον,
1017 2665 1059 2731 ὡς
1079 2664 1112 2724 τὸ
1136 2664 1188 2743 μὲν
1212 2663 1253 2745 μὴ
1277 2662 1327 2725 ἐᾶν
1350 2664 1397 2725 διὰ
1421 2663 1516 2748 παχὺ-

265 2787 337 2847 τητα
359 2764 575 2849 καταφέρεσθαι
602 2765 632 2826 ἐν
656 2766 750 2848 ἑαυτῷ
774 2766 810 2828 τὰ
832 2765 916 2849 φὺσιν
939 2763 1045 2850 ἔχοντα
1068 2765 1098 2828 ἐν
1121 2769 1164 2849 τηῖ
1188 2765 1268 2828 ὑδατι
1290 2763 1412 2828 τεθέντα
1433 2767 1517 2829 κάτω

264 2865 414 2950 φέρεσθαι,
439 2868 474 2929 τά
496 2869 528 2931 δὲ
551 2867 752 2952 θερμανθέντα
775 2868 821 2931 διὰ
844 2870 894 2951 τὴν
918 2868 1073 2954 παχύτητα
1095 2869 1167 2936 ἀλας
1189 2872 1290 2930 ποιεῖν.
1531 2885 1558 2927 τε

210 3126 242 3174 25
261 3108 315 3171 XI.
356 3106 597 3194 Ἐπιχείρησις
621 3109 675 3172 ότι
699 3109 798 3173 θέσει
820 3109 860 3172 τά
882 3108 1047 3195 ὀνόματα.

346 3277 383 3343 Εἰ
406 3282 515 3344 θετικολ
537 3287 594 3343 τῶν
624 3282 774 3365 ὀνομάτων
803 3281 890 3364 ἐσμὲν
913 3282 1012 3365 φύσει,
1040 3283 1087 3344 καλ
1114 3286 1199 3345 τοῦτο
1222 3283 1300 3366 παρὰ
1321 3287 1374 3366 τῆς
1396 3282 1516 3364 φύσεως

262 3378 368 3464 ἔχομεν
396 3385 428 3446 τό
452 3385 593 3447 δύνασθαι
620 3385 771 3467 ὑνομάζειν
802 3385 851 3446 καὶ
877 3385 1010 3447 τίθεσθαι
1038 3385 1073 3447 τά
1097 3383 1224 3468 ὀνόματα
1250 3388 1310 3454 τοῖς
1337 3387 1558 3469 πράγμασιν,οο

262 3487 348 3567 δῆλον
373 3488 413 3553 ῶς
435 3485 517 3548 θέσει
539 3487 574 3549 τὰ
598 3484 740 3570 ὀνόματα·
773 3486 855 3550 θέσει
878 3488 932 3571 γὰρ
955 3490 1039 3570 ἡμεῖς
1066 3487 1218 3570 τιθέμεθα.
1263 3488 1297 3552 οὑ
1319 3489 1372 3573 γάρ
1396 3489 1458 3553 οἷόν
1482 3514 1515 3554 τε

260 3593 310 3650 τοῦ
333 3589 474 3671 ὀνόματος
498 3590 621 3652 ἑκάστου
643 3594 701 3652 τῶν
725 3593 900 3674 πραγμάτων
923 3591 1103 3675 ὑπάρχοντος
1129 3590 1215 3675 φὺσει
1238 3593 1316 3675 ἡμᾶς
1337 3590 1383 3655 ἐπ’
1413 3592 1515 3663 αὑτοῖς

208 3710 241 3756 30
258 3691 393 3754 τίθεσθαι
415 3691 498 3755 αὑτά.
534 3697 574 3761 ώς
596 3693 649 3777 γὰρ
670 3693 833 3777 ἐπιστήμης
858 3692 861 3777 λ
886 3691 965 3763 ὄντες
987 3696 1109 3756 θεκτικολ
1132 3694 1217 3778 φὺσει
1240 3696 1293 3758 οὑκ
1309 3693 1416 3780 ἔχομεν
1440 3697 1494 3765 τὰς
1517 3704 1565 3762 193

262 3794 425 3877 ἐπιστήμας
446 3797 542 3878 φύσει,
566 3796 641 3859 ἀλλά
664 3797 696 3859 τὸ
720 3799 771 3876 μὲν
795 3796 936 3860 ὑὺνασθαι
958 3797 1097 3881 δέχεσθαι
1121 3797 1285 3882 ἐπιστήμην
1308 3797 1376 3883 παρ’
1398 3799 1512 3883 ἐκείνης

261 3897 330 3978 ἡμῖν
354 3897 444 3971 ἐστιν,
471 3897 587 3962 οὐκέτι
611 3898 706 3981 μέντοι
734 3901 781 3962 καὶ
810 3899 967 3982 ἐπιστῆμαι
995 3898 1061 3983 παρ’
1090 3900 1200 3982 ἐκείνης
1227 3899 1275 3983 (οὑ
1298 3900 1351 3985 γάρ
1378 3900 1412 3965 ἀν
1435 3901 1513 3986 ἡμεν

260 3999 382 4063 δεκτικοὶ
404 4006 462 4063 τῶν
478 4001 646 4084 ἐπιστημῶν
670 4001 729 4063 ἀλλ’
751 4000 868 4086 ἔχοντες
890 4002 979 4070 αὑτάς
1001 4005 1048 4064 καὶ
1069 4002 1283 4086 ἐπιστήμονες),
1307 4004 1384 4067 οὑτω
1407 4007 1456 4069 καλ
1479 4007 1513 4069 τὸ
1540 4024 1555 4065 ο

259 4101 309 4182 μὲν
333 4102 472 4166 ὃόνασθαι
495 4105 629 4167 τίθεσθαι
651 4108 698 4167 καλ
720 4105 756 4168 τὰ
772 4104 900 4186 ὀνόματα
921 4102 988 4187 παρ’
1010 4106 1131 4190 ἐκείνης,
1153 4105 1187 4168 οὑ
1204 4106 1301 4189 μέντοι
1324 4109 1372 4171 καλ
1394 4107 1431 4171 τά
1446 4109 1513 4173 όνο-

204 4222 237 4269 35
257 4227 333 4284 ματα
349 4203 404 4266 ἔτι·
428 4205 461 4268 οὐ
484 4206 538 4291 γάρ
562 4206 595 4269 ἀν
618 4206 664 4270 ἔθ’
684 4209 770 4291 ἡμεῖς
792 4213 843 4271 τοὺ
865 4210 1003 4271 τίθεσθαι
1024 4208 1098 4271 αὑτά
1120 4209 1221 4293 κὺριοι.
1256 4209 1300 4279 οἷς
1320 4209 1375 4294 γολρ
1398 4212 1431 4274 τὸ
1455 4217 1513 4275 κεῖ·

204 4429 604 4440 ————.—

202 4493 217 4545 5
237 4495 481 4569 ἐγκαταμιγνυμένην
501 4497 555 4566 καὶ]
575 4500 824 4570 ἐγκαταμεμιγμένην
843 4502 886 4552 καὶ
905 4519 920 4551 a
939 4501 996 4567 Sp.:
1021 4501 1129 4553 fortasse
1148 4502 1197 4554 del.
1304 4502 1449 4557 bfortasse
1469 4505 1520 4574 (τιγῖ
1537 4503 1563 4558 δὲ

201 4580 304 4634 ἔλαττον
323 4585 384 4636 εἶναι
400 4588 474 4637 τοῦτο
488 4584 609 4654 τοσοὺτῳ,
629 4585 681 4655 όσιρ
699 4589 742 4639 καὶ
760 4588 786 4639 ἐν
799 4592 838 4658 τῷ
851 4587 950 4656 ὑομένῳ
969 4587 998 4639 τό
1018 4588 1127 4660 ἁλμυρὸν
1146 4594 1190 4642 τοῦ
1204 4589 1308 4658 γλυκέος
1326 4589 1442 4652 ἔλαττον)
1459 4590 1562 4661 τοὺτιρ

201 4667 236 4737 δὴ
255 4668 296 4731 τός
316 4669 348 4721 cf.
368 4671 409 4722 Al.
429 4672 457 4723 in
476 4674 535 4725 Met.
550 4672 641 4724 bivis)
751 4676 783 4727 14
802 4674 839 4728 ὅτι
858 4676 914 4744 Sp.:
935 4673 995 4727 όταν
1014 4675 1075 4728 libri
1184 4677 1215 4729 15
1236 4676 1262 4730 δὲ
1281 4679 1337 4745 Sp.:
1356 4697 1383 4731 τι
1403 4678 1462 4731 libri

203 4755 233 4807 λθ
253 4754 406 4828 θερμοθέρα]
427 4756 505 4828 θερμο
524 4776 544 4811 S.
558 4777 580 4811 ν.
596 4764 617 4811 V
713 4763 746 4814 23
766 4761 835 4815 ὑόατι
853 4763 957 4816 τιθέντα
972 4764 1029 4830 Sp.:
1049 4761 1238 4832 ὑδατιητιθέντα
1256 4763 1282 4831 (ὑ
1301 4768 1328 4818 in
1347 4765 1397 4833 lit.)
1410 4770 1472 4819 VB:
1491 4764 1563 4820 ὑδατι

202 4842 370 4913 ἡτιθένταὸο
477 4847 566 4900 θλῖθ
585 4848 844 4917 τοῖς-ἀνόμοιον1
864 4853 891 4904 in
911 4868 961 4920 mg.
1068 4851 1101 4903 29
1119 4851 1228 4906 fortasse
1247 4854 1368 4923 ἑκάστῳ
1467 4850 1561 4922 3511?

198 4929 262 5001 ἡμιν
281 4933 354 5002 ἡμεῖς
373 4936 440 4987 coni.
461 4934 504 5002 Sp.
524 4942 592 4988 recte
698 4935 740 4989 35.
760 4937 793 4990 36
813 4937 911 4991 κεῖσθαι
929 4940 986 5007 Sp.:
1006 4937 1126 4991 κινεῖσθαι
1144 4939 1204 4994 iibri
