3540 5610
642 307 698 381 [σε
721 311 831 366 λοιπε
855 310 957 365 ιιοειι
980 310 1107 382 ALTER]
1493 312 1553 377 145

248 486 370 569 στήμων
393 484 479 559 ἐστίν,
503 484 563 547 οἷον
578 484 710 568 θιγόντος
731 489 782 548 τοῦ
804 490 855 548 νοῦ
877 487 925 549 καὶ
947 485 994 548 διὰ
1014 486 1172 570 παρουσίαν
1194 490 1246 549 τοῦ
1265 486 1420 570 ἐπιστητοῦ
1443 483 1500 546 ἐπι-

249 589 395 672 στήμονος
416 585 580 669 γενομένου.
625 589 701 652 οῦτω
725 590 773 652 καὶ
796 589 828 652 τδ
851 590 970 669 δυνάμει
998 589 1133 672 διαφανὲς
1160 588 1207 651 διὰ
1229 588 1387 672 παρουσίαν
1410 588 1501 671 πυρδς

248 690 268 772 ἢ
291 689 422 753 τοιούτου
450 691 525 759 τινδς
551 690 668 774 ἀθρόως
689 693 857 776 φωτίζεται,
887 692 920 754 τὸ
947 692 979 754 δὲ
1006 691 1223 777 πεφωτισμένον
1250 693 1334 755 πάλιν
1361 691 1410 754 καί
1432 688 1495 754 κατ’

247 792 393 877 ἐνέργειαν
410 793 545 876 διαφανὲς
570 793 624 856 ῦπδ
641 799 693 878 τῆς
707 800 765 858 τῶν
781 796 947 880 χρωμάτων
971 794 1128 878 παρουσίας
1144 794 1330 857 εἰδοποιεῖταί
1342 819 1404 863 πως
1420 798 1477 855 τῶν
1495 791 1500 877 λ

215 898 415 979 εχρωμάτων
432 895 540 977 δμοίως
562 900 606 980 τῷ
627 898 702 982 φωτί
724 897 882 980 γινομένων
904 898 934 960 ὲν
950 897 1042 983 αὐτῷ.
1076 898 1169 965 οὕτως
1191 898 1223 960 δὲ
1239 896 1306 960 οὐδὲ
1329 899 1484 982 ἡσεληνη,
1505 913 1556 956 ιαμ

248 999 276 1061 εἰ
300 1000 347 1061 καί
369 999 524 1083 φωτίζεται
548 999 604 1061 ὑπὸ
626 1005 678 1062 τοῦ
701 1001 795 1084 ἡλίου,
818 1003 941 1086 πάσχειν
965 999 999 1064 ἀν
1022 1001 1143 1083 λέγοιτο.
1182 1002 1223 1068 ὡς
1244 999 1298 1083 γὰρ
1321 1000 1353 1062 τό
1376 1001 1502 1065 έπισκια-

246 1100 370 1184 ζόμενον
392 1101 426 1164 οὐ
449 1102 573 1186 πάσχει,
601 1103 693 1173 οὕτως
716 1102 784 1167 οὐδὲ
809 1105 842 1167 τδ
870 1103 1075 1188 φωτιζόμενον.
1120 1105 1152 1166 τό
1175 1104 1208 1166 δὲ
1230 1102 1416 1166 ἀπελθόντων
1444 1111 1502 1167 τῶν

248 1203 408 1288 δρωμένων
430 1201 473 1267 ἔτι
495 1205 557 1266 τινὰ
579 1205 673 1267 δοκεῖν
694 1206 919 1268 καταλείπεσθαι
940 1210 997 1267 τῶν
1018 1208 1183 1291 χρωμάτων
1206 1207 1236 1268 έν
1259 1211 1320 1275 τοῖς
1340 1208 1503 1292 ὀφθαλμοῖς

247 1311 310 1376 τοῖς
336 1307 443 1371 ἰδοῦσιν
471 1306 525 1370 οὐκ
552 1304 628 1370 ἔστιν
656 1311 777 1392 σημεῖον
804 1309 998 1377 ἀλλοιώσεως.
1047 1313 1131 1372 τοῦτο
1157 1309 1211 1393 γὰρ
1240 1309 1297 1394 οὐχ
1324 1306 1344 1394 γ’]
1369 1311 1504 1395 διαφανὲς

205 1425 235 1469 ιο
248 1411 373 1494 πάσχει,
399 1409 460 1473 ἀλλ’
485 1403 507 1493 ᾗ
532 1407 666 1493 ἔμψυχόν
692 1411 793 1473 τεκαὶ
816 1412 1043 1494 φαντασιοῦσθαι
1066 1414 1231 1494 δυνάμενον.
1274 1413 1321 1476 διά
1343 1413 1397 1497 γάρ
1419 1418 1505 1478 τοῦτο
1530 1429 1545 1470 5

247 1513 366 1576 δόναται
388 1514 540 1598 φυλάττειν
565 1512 650 1597 μέχρι
673 1513 749 1581 τινδς
770 1513 820 1583 τὰς
841 1513 995 1596 γενομένας
1022 1516 1147 1599 κινήσεις
1170 1513 1211 1577 ἔτι
1233 1516 1291 1578 ἀπὸ
1314 1522 1371 1580 τῶν
1395 1515 1504 1587 ἔξωθεν

205 1643 208 1649 ·
249 1616 280 1678 ἐν
305 1620 364 1685 τοῖς
378 1616 588 1701 αἰσθητηρίοις.
623 1617 672 1679 καί
693 1615 748 1699 γὰρ
763 1617 812 1678 καὶ
834 1616 864 1679 έν
881 1616 992 1701 ὑστέρῳ
1016 1617 1114 1701 χρόνῳ
1137 1619 1192 1701 πρδ
1210 1619 1348 1703 ὀμμάτων
1371 1620 1504 1683 τίθεσθαι

251 1719 289 1782 τά
311 1716 431 1803 ἔμψυχα
453 1721 560 1782 δυνατά
581 1719 657 1782 ἐστιν
684 1717 722 1780 τὰ
743 1716 882 1802 γενόμενα
909 1719 1006 1788 αὐτοῖς
1028 1722 1227 1804 φαντάσματα.
1273 1722 1308 1784 τὰ
1330 1727 1397 1804 γοῦν
1421 1725 1502 1786 κάτο·

248 1844 326 1905 πτρα
349 1822 442 1885 καίτοι
464 1825 528 1884 λεῖα
551 1819 619 1884 ὄντα
645 1820 693 1883 καί
716 1823 820 1905 διαυγῆ
844 1821 927 1884 οὐδὲν
956 1823 986 1885 ἐν
1009 1823 1106 1892 αὑτοῖς
1127 1825 1265 1908 φυλάττει
1288 1830 1346 1887 τῶν
1369 1826 1502 1909 έμφαινο·

207 1939 236 1984 15
250 1922 346 2005 μένων
369 1926 535 2009 χρωμάτων
562 1923 626 2006 ἤτοι
655 1927 706 1985 τοῦ
732 1922 829 2008 φωτός
859 1923 1038 1993 ἀπελθόντος
1064 1925 1083 2008 ἢ
1111 1931 1168 1989 τῶν
1191 1925 1376 2012 φωτιζόντων
1403 1929 1422 2012 ἣ
1445 1935 1503 1992 τῶν

250 2027 376 2110 ὁρατῶν,
399 2025 443 2090 δτι
466 2030 540 2111 μήτε
562 2028 670 2112 πάσχει
694 2028 767 2110 μήτε
790 2026 867 2088 ἐστίν
889 2024 1020 2111 ἔμψυχα.
1058 2027 1102 2092 ὅτι
1123 2031 1157 2092 δὲ
1178 2031 1197 2113 ἡ
1222 2029 1286 2114 όφις
1307 2032 1356 2093 καί
1378 2033 1397 2115 ἡ
1420 2030 1505 2116 κόρη,

251 2131 396 2214 διαφανὴς
411 2128 495 2205 οὖσα,
519 2132 558 2198 ῶς
582 2129 639 2192 ὑπδ
662 2131 713 2191 τοῦ
728 2128 825 2214 φωτός
847 2129 1015 2205 διατίθεται,
1038 2132 1131 2199 οὕτως
1152 2132 1184 2195 δὲ
1206 2133 1254 2194 καὶ
1277 2132 1332 2195 ῦπδ
1349 2140 1406 2197 τῶν
1428 2158 1505 2219 χρω-
1520 2149 1546 2190 ¹⁰

253 2234 354 2313 μάτων
377 2238 531 2316 κινητικῶν
548 2229 638 2295 ὄντων
660 2234 711 2293 τοῦ
734 2230 797 2294 κατ’
818 2231 960 2314 ἐνέργειαν
977 2235 1132 2316 διαφανοῦς
1154 2234 1201 2296 καὶ
1218 2236 1437 2319 πεφωτισμένου
1453 2236 1500 2300 ἐπ’

196 2340 207 2357 ”
251 2333 384 2408 εὐθείας,
412 2338 460 2398 καί
481 2336 515 2398 τὸ
539 2335 608 2419 όράν
630 2335 723 2403 οῦτως
744 2335 862 2417 γίνεται,
890 2335 950 2400 ἀλλ’
978 2335 1012 2398 οὐ
1035 2336 1107 2417 πρδς
1132 2339 1174 2419 τῷ
1198 2337 1340 2422 όρωμένιρ
1363 2340 1505 2423 ἐκπεμπο-

208 2454 238 2499 κυ
252 2436 341 2519 μένου
357 2439 433 2507 τινδς
455 2439 513 2500 άπδ
536 2442 587 2522 τῆς
604 2436 708 2523 ὄψεως,
732 2444 851 2521 σημεῖον
874 2439 907 2501 τό
927 2440 974 2502 καί
997 2438 1054 2501 ὑπὸ
1074 2443 1131 2501 τῶν
1154 2440 1229 2501 πάνυ
1252 2442 1393 2523 λαμπρῶν
1409 2443 1506 2506 δάκνε-

253 2542 325 2605 σθαι
348 2546 405 2603 τῶν
429 2542 563 2625 δρώντων
586 2541 653 2609 τοὺς
668 2540 850 2624 ὀφθαλμούς,
874 2542 972 2624 ὥσπερ
994 2541 1089 2623 γεκαὶ
1111 2540 1162 2609 τὰς
1185 2542 1275 2612 ἀκοὰς
1299 2543 1354 2607 ὑπὸ
1378 2550 1436 2607 τῶν
1460 2568 1506 2627 με·

252 2646 351 2727 γαλων
374 2642 487 2728 ψόφων.
523 2644 556 2706 τὸ
571 2643 635 2727 γάρ,
659 2641 731 2705 διότι
754 2640 845 2725 [ἐπεὶ]
869 2643 1037 2726 ἀφεστῶτες
1052 2641 1256 2727 αἰσθανόμεθα
1276 2651 1327 2710 τοῦ
1344 2647 1508 2730 δρωμένου,

255 2749 319 2811 ἐκεῖ
339 2748 388 2810 καὶ
410 2747 463 2830 τἠν
487 2747 636 2831 ἀντιληψιν
658 2745 793 2829 ἡγεῖσθαι
815 2744 953 2826 γίνεσθαι,
976 2745 1067 2809 κενόν.
1113 2747 1160 2808 καί
1183 2746 1237 2831 γάρ
1259 2747 1307 2810 ἐπί
1331 2755 1387 2811 τῶν
1410 2750 1506 2812 ἄλλων

251 2850 440 2934 αἰσθήσεων,
467 2849 558 2912 καίτοι
586 2849 660 2913 κατὰ
689 2849 785 2916 πάθος
808 2847 1096 2931 ἀντιλαμβανομένων
1125 2847 1221 2911 αὐτῶν
1249 2855 1306 2912 τῶν
1329 2852 1442 2916 οἰκείων
1466 2853 1506 2916 αἰ·
1524 2871 1549 2911 15

210 2969 240 3014 ετ
254 2953 386 3037 σθητῶν,
409 2951 491 3036 ὅμως
513 2953 690 3036 ἀφεστώτων
717 2952 736 3035 ἡ
760 2951 908 3034 ἀντίληψις
929 2950 1042 3031 γίνεται.
1088 2952 1162 3014 ἀλλὰ
1185 2953 1233 3015 καί
1256 2953 1427 3038 ἐμφαίνεταί
1445 2936 1506 3019 τινα

254 3060 402 3142 χρώματα
429 3056 478 3118 καί
500 3054 531 3117 ἐν
553 3059 596 3138 τῷ
622 3052 726 3136 μεταξὺ
754 3056 888 3138 διαφανεῖ
909 3056 949 3121 ῶς
974 3053 1055 3139 αὐτῷ
1080 3054 1233 3139 δεχομένῳ
1260 3079 1292 3118 τε
1315 3056 1350 3120 τὰ
1373 3056 1437 3142 είδη
1460 3060 1507 3122 καί

254 3157 483 3242 διακονουμένη).
526 3158 658 3242 ’φαίνεται
681 3160 748 3238 γοῦν
771 3155 1008 3239 ἐπιχρῶννυσθαί
1036 3180 1097 3219 τινα
1125 3161 1187 3225 ταῖς
1208 3162 1265 3221 τῶν
1288 3161 1508 3244 παρακειμένων

253 3265 383 3347 χροιαῖς·
407 3264 552 3345 φοινικοῦν
573 3263 641 3341 γοῦν
664 3259 696 3321 τδ
720 3257 768 3320 ἐπί
787 3257 889 3320 τούτου
912 3261 962 3321 τοῦ
985 3261 1141 3342 χρώματος
1163 3261 1292 3344 φαίνεται
1315 3286 1334 3345 η
1356 3261 1508 3348 ἁλουργόν,

253 3366 282 3427 εἰ
306 3363 354 3448 εἴη
383 3367 501 3426 τοιαῦτα
528 3362 725 3446 παρακείμενα
751 3362 895 3445 χρώματα
924 3362 963 3429 ῶς
986 3362 1229 3445 διαπεμπομένων
1256 3368 1314 3426 τῶν
1342 3368 1508 3450 χρωμάτων

210 3484 239 3528 ευ
252 3468 301 3531 διὰ
323 3470 375 3530 τοῦ
398 3465 497 3547 άέρος,
525 3462 585 3528 ἀλλ’
614 3464 682 3549 οὐχὶ
704 3463 861 3548 δρωμένων
884 3463 953 3526 ἐκεῖ.
998 3461 1040 3526 ἔτι
1063 3466 1095 3527 δὲ
1117 3470 1174 3528 τῶν
1198 3469 1363 3550 χρωμάτων
1391 3468 1426 3532 τὰ
1458 3471 1509 3552 μὲν

254 3570 440 3655 ἀμυδρότερα
462 3568 563 3652 ἧττον,
591 3567 627 3629 τά
657 3567 689 3629 δὲ
711 3564 897 3650 λαμπρότερα
926 3569 1035 3650 μᾶλλον
1063 3569 1111 3630 καί
1137 3568 1329 3653 σφοδρότερον
1358 3575 1431 3634 κινεῖ
1456 3572 1509 3655 τὴν
1522 3590 1551 3631 ιιι

254 3671 332 3758 όψιν.
377 3669 420 3734 ἔτι
442 3672 475 3734 δὲ
496 3672 544 3734 καί
574 3667 653 3752 παρὰ
679 3667 729 3736 τὰς
751 3667 909 3753 διαφόρους
936 3670 1026 3753 αὐγὰς
1047 3671 1094 3733 καὶ
1118 3671 1196 3755 παρὰ
1223 3672 1256 3734 τό
1279 3674 1415 3757 διάφορον
1446 3681 1511 3759 φῶς

253 3776 303 3839 καὶ
330 3774 409 3858 παρὰ
435 3773 487 3842 τὰς
514 3772 609 3842 θέσεις
637 3771 687 3841 τάς
714 3772 785 3856 πρὸς
811 3771 878 3842 τοὺς
905 3774 1032 3858 δρῶντάς
1058 3797 1090 3836 τε
1116 3775 1164 3837 καὶ
1193 3774 1225 3836 τδ
1252 3779 1317 3858 φῶς
1344 3776 1448 3841 ἀλλοῖα
1474 3778 1509 3841 τὰ

254 3879 392 3961 όρῶμενα
421 3877 561 3961 φαίνεται.
610 3874 686 3937 ἀλλά
713 3875 760 3937 καί
789 3874 891 3939 ταύτὸν
921 3879 1029 3960 χρῶμα
1062 3877 1182 3960 ἐγγύθεν
1216 3900 1248 3939 τε
1281 3879 1329 3941 καί
1356 3878 1509 3964 πόρρωθεν

210 3979 427 4065 ωφαινόμενον
450 3980 587 4064 διάφορον
614 3978 759 4062 φαίνεται·
795 3978 904 4063 οὐγὰρ
930 3979 1040 4061 ὁμοίως
1066 3981 1167 4043 λευκόν
1197 3980 1229 4042 τδ
1256 3978 1408 4066 πόρρωθεν
1438 3985 1509 4068 όρώ-

201 4310 218 4362 3
236 4307 331 4380 ἀθρόον
350 4324 366 4359 ιι
484 4305 516 4357 10
534 4303 581 4356 ἀλλ
599 4301 800 4376 ᾖ-δυνάμενον]
819 4305 923 4358 oculum
943 4306 1080 4374 imaginari
1099 4307 1150 4359 dici
1169 4308 1261 4376 nequit
1280 4302 1468 4377 (ci.'68,5sq.);
1487 4324 1566 4377 quare

202 4396 312 4450 fortasse
330 4392 472 4464 ἰμῲῦχου
490 4396 516 4445 et
534 4392 705 4460 δυναμίνσυτ
725 4393 782 4461 quia
802 4392 915 4456 (οιαίιιε)
931 4409 999 4461 pars
1018 4405 1052 4443 est
1063 4393 1166 4445 θοιαίαίε
1184 4396 1288 4446 animati
1305 4406 1327 4445 ει
1337 4397 1471 4465 phantasia
1487 4414 1564 4464 prae·

202 4484 256 4536 diti.
293 4483 384 4535 eadem
404 4481 436 4534 de
455 4497 534 4533 causa
552 4479 654 4533 δόναται
673 4480 708 4547 (ν.
722 4480 764 4546 11)
788 4482 834 4532 aut
852 4480 1058 4547 impersonaliter
1077 4480 1119 4546 (ci.
1138 4480 1208 4547 ind.)
1232 4485 1277 4534 aut
1295 4481 1327 4535 de
1345 4483 1449 4536 homine
1468 4484 1564 4535 dictum

203 4577 250 4635 ωε,
267 4585 324 4623 non
342 4569 375 4621 de
393 4569 469 4622 oculo
579 4569 611 4620 14
628 4566 683 4621 λεῖα
702 4569 723 4619 V
744 4584 784 4620 ex.
804 4567 885 4619 Vici:
903 4565 979 4620 λίαα
1085 4567 1156 4620 οὐδὲν
1175 4570 1280 4637 scripsi:
1300 4567 1357 4622 οῦδὲ
1376 4571 1415 4624 Va
1522 4569 1566 4621 αδ-

203 4664 255 4714 ταῖς
271 4656 314 4708 Va
431 4657 461 4708 Π
491 4661 544 4708 τῶν
560 4672 648 4708 (ma
762 4655 792 4706 19
821 4653 929 4707 fortasse
946 4655 1008 4727 πρὸς
1025 4655 1057 4707 τά
1075 4654 1190 4725 δρώμενα
1306 4658 1340 4709 20
1367 4663 1428 4711 ante
1446 4656 1494 4710 ὑπὸ
1513 4674 1566 4709 una

205 4745 242 4800 lit
261 4743 377 4797 orasav
485 4743 518 4794 ‘22
539 4743 591 4795 ἰπιί
610 4743 747 4796 delendum
766 4742 868 4795 videtur
968 4744 1001 4795 24
1019 4748 1072 4794 τῶν
1090 4758 1175 4795 σακε
1276 4744 1308 4796 27
1327 4744 1392 4814 ταῖς]
1411 4765 1428 4797 α
1446 4748 1474 4797 in
1494 4745 1566 4796 iiii·

208 4831 240 4883 28
257 4829 379 4900 ἁλουργόν
399 4831 439 4883 Va
546 4830 581 4882 30
599 4829 755 4903 χρωμάτων]
773 4848 828 4902 χρω
847 4831 875 4882 in
894 4830 965 4882 HLV
1073 4832 1104 4883 31
1125 4831 1292 4903 ἀμυδρότερα]
1312 4852 1346 4900 μυ
1364 4835 1392 4885 in
1412 4834 1483 4886 liii*

209 4917 379 4991 λαμπρότερα]
399 4937 418 4987 μ
437 4919 465 4970 in
483 4918 522 4970 lit.
536 4919 556 4970 V

261 5024 368 5076 θαφρίεια.
382 5026 448 5065 Atini.
462 5025 491 5065 u.
512 5024 618 5064 Alennd.
632 5025 653 5064 d.
668 5025 750 5064 Anima.
1327 5009 1367 5074 10
