3540 5610
648 302 704 376 [DE
728 306 836 360 ANIMA
860 304 962 360 LIBER
986 301 1111 375 ALTER]
1496 307 1554 373 177

254 501 320 544 στον
343 481 376 543 τὺ
404 485 457 565 τῆς
482 480 583 566 τύχης.
627 479 654 543 εἰ
679 481 716 565 δὴ
743 483 824 544 δοκεῖ
845 481 897 564 μὲν
927 479 1005 544 αἴτιά
1031 504 1114 543 τινων
1142 478 1223 555 εἶναι,
1254 481 1355 565 μηδενὶ
1383 426 1416 543 ύέ
1441 481 1502 543 ἐστι

250 588 310 645 τῶν
332 583 432 646 αἰτίων
455 582 555 659 ταὺτά,
578 585 734 647 κινδυνεύει
755 583 775 667 ἢ
799 581 867 667 μηδ’
896 582 972 652 ὅλως
995 582 1076 658 εἶναι,
1106 582 1125 665 ἢ
1148 581 1234 650 ἄλλος
1256 606 1298 650 τις
1319 582 1417 645 αἰτίων
1439 580 1501 665 τρύ-

250 708 306 753 πος
330 686 478 770 ζητητέος.
524 687 599 771 μηδὲ
621 685 699 755 ὅλως
725 685 776 768 μὲν
804 683 854 748 οὑν
881 685 974 768 λέγειν
1000 685 1072 749 εἶναι
1101 685 1173 748 αὐτὰ
1200 684 1317 758 ἄτοπον,
1349 686 1504 770 πράγματα

251 789 396 872 τοσαύτην
419 788 504 874 ἰσχὺν
532 788 562 851 έν
585 793 643 859 τοῖς
669 787 748 852 οὖσιν
776 785 855 873 ἔχειν
883 788 1109 872 πεπιστευμένα,
1143 787 1231 858 ἄλλος
1253 788 1285 852 δέ
1311 788 1353 857 τίς
1374 785 1439 850 ποτ’
1468 787 1502 850 ἂν
1590 827 1595 833 ·

220 887 298 972 σείη
333 891 412 975 παρὰ
445 891 513 960 τοὺς
544 891 771 977 προειρημένους
803 890 926 976 τρόπους
955 892 1068 971 αἰτίων;
1106 890 1212 974 μήποτ’
1246 889 1311 967 οὑν,
1345 890 1408 952 ἐπεὶ
1444 895 1502 952 τῶν

251 994 353 1056 αἰτίων
376 994 412 1057 τά
435 994 487 1077 μέν
510 995 571 1058 ἐστι
593 993 661 1057 καθ’
690 994 774 1067 αὑτά,
796 994 832 1057 τὰ
855 995 887 1057 δὲ
909 994 983 1057 κατὰ
1006 994 1189 1079 συμβεβηκός
1210 992 1286 1076 (ἔστι
1308 994 1362 1078 γάρ
1379 1017 1441 1056 τινα
1456 993 1504 1055 καὶ

251 1096 327 1159 κατὰ
354 1098 540 1183 συμβεβηκὸς
566 1096 656 1160 αἴτια·
695 1097 728 1159 τὺ
754 1097 809 1181 γάρ
836 1103 879 1182 τῷ
906 1096 975 1160 καθ’
1009 1097 1079 1160 αὑτὸ
1106 1098 1154 1160 καὶ
1186 1098 1291 1182 κυρίως
1319 1097 1403 1181 αἰτίιμ
1429 1096 1505 1164 τινὺς
1520 1112 1546 1154 ισ

253 1199 441 1284 συμβεβηκὸς
468 1199 542 1263 κατὰ
575 1201 759 1285 συμβεβηκὸς
786 1199 891 1276 αἴτιον,
925 1201 973 1263 κοιλ
1000 1199 1070 1263 αὐτὸ
1104 1204 1188 1264 τοῦτο
1218 1199 1443 1285 προηγουμένως
1469 1197 1504 1284 ἦν

251 1299 359 1378 αἴτιον,
393 1299 419 1387 ᾦ
446 1307 533 1366 τοῦτο
567 1303 753 1388 συμβεβήκει.
803 1303 819 1365 ὑ
848 1303 899 1386 μὲν
926 1303 981 1387 γὰρ
1015 1304 1111 1388 ἰατρὸς
1136 1302 1226 1372 αἴτιος
1256 1301 1323 1366 καθ’
1355 1303 1427 1365 αὑτὺ
1454 1307 1506 1387 τῆς

211 1419 238 1462 lo
254 1404 374 1485 ὑγιείας,
397 1406 413 1468 ὑ
437 1407 470 1469 δὲ
492 1408 594 1475 λευκὸς
610 1406 684 1470 κατὰ
708 1404 900 1491 συμβεβηκός,
922 1407 949 1469 εἰ
971 1405 1016 1490 είη
1039 1411 1081 1491 τῷ
1099 1406 1188 1492 ἰατρῷ
1203 1410 1287 1470 τούτο
1309 1404 1504 1492 συμβεβηκός·

253 1507 288 1570 τὺ
316 1507 371 1592 γὰρ
399 1510 586 1594 συμβεβηκὸς
612 1516 654 1594 τῷ
682 1515 810 1573 ποιοῦντι
836 1510 985 1593 ποιητικὸν
1012 1508 1101 1572 αἴτιον
1131 1509 1206 1573 κατὰ
1233 1508 1430 1594 συμβεβηκός·
1465 1506 1507 1570 ἔτι

253 1610 329 1672 κατὰ
352 1613 537 1698 συμβεβηκὸς
559 1613 575 1676 ὑ
600 1613 696 1697 ἰατρὸς
717 1613 865 1696 ποιητικὸν
881 1610 981 1687 αἴτιον,
1007 1611 1176 1698 ἰσχνότητος
1197 1613 1268 1698 φέρε
1289 1613 1389 1688 εἰπεῖν,
1413 1611 1447 1674 άν
1463 1616 1505 1695 τῷ

254 1713 438 1800 ὑγιαζομένῳ
465 1719 549 1779 τοῦτο
583 1712 608 1799 ᾖ
633 1713 848 1800 συμβεβηκός),
880 1714 943 1777 ἐπεὶ
972 1715 1064 1778 τοίνυν
1091 1716 1151 1778 ἐστὶ
1178 1721 1236 1779 τῶν
1263 1716 1363 1779 αἰτίων
1390 1714 1427 1778 τὰ
1455 1715 1506 1796 μὲν

253 1816 324 1878 καθ’
352 1817 437 1892 αὑτά,
470 1817 506 1880 τὰ
532 1819 565 1881 δὲ
592 1819 666 1882 κατὰ
694 1817 887 1904 συμβεβηκός,
921 1819 969 1881 καλ
995 1817 1026 1879 ἐν
1052 1821 1111 1886 τοῖς
1134 1817 1201 1881 καθ’
1229 1818 1303 1881 αὑτὰ
1324 1817 1425 1886 αἰτίοις
1447 1817 1503 1902 οὑχ
1520 1834 1548 1876 ευ

209 1934 239 1977 15
253 1918 317 1981 οἷὺν
340 1943 372 1982 τε
395 1921 505 1984 τιίλέναι
527 1922 580 2006 τὴν
603 1921 706 2007 τύχην,
728 1921 759 1983 ἐν
781 1927 841 1990 τοῖς
863 1920 937 1984 κατὰ
952 1921 1135 2005 συμβεβηκὸς
1158 1919 1192 1982 ἂν
1216 1919 1272 2005 εἴη.
1317 1921 1353 1984 τὰ
1376 1922 1428 2003 μὲν
1451 1921 1504 2006 γὰρ

253 2023 405 2106 ὡρισμένα
427 2023 461 2087 οὐ
484 2023 557 2088 κατὰ
580 2025 764 2109 συμβεβηκὸς
786 2023 821 2087 ἂν
844 2022 901 2109 εἴη,
924 2024 960 2087 τὰ
982 2025 1014 2086 δὲ
1036 2023 1109 2087 κατὰ
1133 2024 1316 2108 συμβεβηκὸς
1338 2021 1458 2106 ἀόριστά
1475 2048 1506 2089 τε

252 2126 304 2187 κοιλ
319 2125 441 2202 άστατσ,
464 2126 564 2189 ὁποῖον
586 2128 634 2190 καλ
656 2128 689 2190 τὺ
706 2132 758 2211 τῆς
773 2127 864 2212 τύχης
886 2124 959 2189 εῖναι
979 2128 1071 2210 φιλεῖ·
1099 2124 1219 2210 ἀόριστα
1240 2125 1293 2210 γὰρ
1316 2126 1352 2189 τὰ
1373 2131 1416 2212 τῷ
1432 2126 1501 2189 καθ’

253 2228 328 2291 αὑτὸ
351 2229 400 2292 καλ
427 2230 533 2313 κυρίως
559 2230 643 2314 αἰτίῳ
671 2229 885 2315 συμβεβηκέναι
912 2230 1069 2311 δυνάμενα,
1096 2228 1115 2290 ἃ
1141 2230 1234 2292 πάντα
1261 2230 1309 2292 καὶ
1338 2229 1412 2292 αὑτὰ
1434 2230 1507 2292 κατὰ

253 2332 442 2417 συμβεβηκὸς
464 2331 541 2395 αἴτια
564 2333 696 2416 γίγνεται.
742 2331 805 2396 ἀλλ’
832 2335 859 2396 εἰ
884 2332 958 2396 κατὰ
985 2332 1168 2417 συμβεβηκὸς
1196 2329 1286 2394 αἴτιον
1309 2333 1328 2415 ἡ
1351 2333 1438 2417 τύχη,
1465 2335 1511 2396 δεῖ

208 2450 240 2493 κο
254 2458 310 2496 τινι
339 2440 398 2498 τῶν
426 2436 531 2520 κυρίως
560 2436 659 2499 αἰτίων
686 2435 850 2520 λεγομένων
877 2436 967 2519 αὐτὴν
997 2434 1219 2520 συμβεβηκέναι.
1262 2436 1326 2498 ἐπεὶ
1353 2433 1402 2499 οὑν
1431 2437 1512 2498 δοκεῖ

254 2538 407 2622 ποιητικὸν
430 2538 505 2602 εἶναί
525 2562 601 2607 τινος
622 2539 641 2621 η
663 2538 740 2623 τύχη
762 2539 813 2621 (τὰ
834 2540 889 2624 γὰρ
911 2538 985 2602 κατὰ
1007 2539 1099 2622 τύχην
1116 2538 1174 2600 ἀπὸ
1189 2538 1281 2623 τύχης
1304 2538 1399 2622 φαμὲν
1421 2538 1509 2621 γίγνε-
1523 2552 1551 2596 κο

256 2642 331 2705 σίλσί
349 2665 383 2704 τε
404 2643 453 2705 καὶ
474 2641 647 2725 γεγονέναι),
670 2647 728 2704 τῶν
750 2647 909 2727 ποιητικῶν
933 2642 1031 2705 αἰτίων
1055 2643 1108 2704 τινὶ
1123 2645 1213 2704 ταῦτα
1230 2642 1370 2726 ὑπάρχειν
1387 2642 1508 2727 ἀνάγκη,

255 2742 339 2827 εἴγε
360 2744 480 2828 φυλάξει
506 2745 559 2828 τἠν
582 2747 682 2829 χώραν
713 2751 772 2808 τῶν
795 2745 902 2808 αἰτίων.
949 2745 1023 2810 ἀλλὰ
1047 2746 1104 2828 μὴν
1133 2744 1169 2808 τὰ
1196 2745 1302 2829 κυρίως
1329 2742 1407 2808 αίτιοι
1428 2769 1509 2830 ποιη·

255 2847 321 2909 τικὰ
344 2846 430 2931 φύσις
451 2870 483 2910 τε
505 2847 554 2910 καὶ
576 2846 664 2932 τέχνη
692 2850 740 2912 καλ
763 2848 936 2932 προαίρεσις.
982 2849 1075 2911 πάντα
1100 2847 1229 2932 μὲνγὰρ
1256 2847 1292 2911 τὰ
1313 2847 1420 2933 κυρίως
1443 2851 1507 2932 ιὺρι-

213 2965 242 3008 νσ
257 2949 373 3032 σμένως
395 2949 532 3032 ποιητικὰ
554 2949 640 3013 ένεκά
661 2973 736 3019 τινος
757 2950 857 3020 τέλους
879 2950 915 3013 τὰ
938 2952 1010 3035 πρὸς
1032 2949 1127 3014 αὐτῶν
1151 2948 1304 3034 γιγνύμενα
1325 2955 1411 3027 ποιεῖ,
1435 2951 1507 3036 ὑρῶ-

257 3077 311 3136 μεν
341 3053 375 3116 ὑὲ
402 3055 496 3115 πάντα
528 3054 566 3116 τά
592 3076 667 3122 τινος
698 3052 795 3118 ένεκεν
828 3055 980 3139 γιγνόμενα
1012 3054 1068 3116 ὑπὸ
1095 3054 1204 3117 τούτων
1235 3050 1389 3137 γιγνόμενά
1419 3077 1509 3124 τινος·

259 3156 372 3220 τούτων
394 3154 454 3239 ἄρα
474 3156 527 3218 τινί
549 3155 731 3241 συμβέβηκεν
754 3159 773 3241 ἡ
796 3158 883 3243 τύχη.
927 3157 990 3230 ἐπεὶ
1014 3157 1046 3220 δὲ
1069 3159 1150 3220 δοκεῖ
1169 3156 1200 3218 ἐν
1222 3161 1282 3225 τοῖς
1303 3160 1511 3243 προαιρετικοῖς

262 3258 338 3321 εῖναι
364 3258 400 3321 τὰ
428 3257 502 3321 κατὰ
524 3258 627 3343 τύχην,
653 3258 760 3341 (ταῦτα
782 3259 835 3345 γὰρ
858 3261 917 3323 ἀπὸ
943 3260 1035 3344 τύχης
1054 3259 1203 3342 γίγνεσθαί
1222 3283 1327 3344 φαμεν,
1355 3262 1395 3322 ὧν
1422 3262 1508 3346 χάριν
1522 3277 1550 3319 ου

261 3361 317 3425 κᾶν
340 3361 539 3445 προελοίμεὺά
560 3383 586 3422 τι
608 3363 712 3445 πρᾶξαι
734 3364 807 3448 πρὸς
827 3365 860 3427 τὸ
886 3368 988 3447 τυχεῖν
1014 3363 1122 3437 αὑτῶν,
1156 3360 1203 3445 ἐφ’
1232 3363 1273 3424 ὧν
1299 3363 1352 3446 τἠν
1375 3363 1510 3450 εὑτυχίαν

219 3481 248 3525 ευ
262 3464 397 3548 λέγομεν,
424 3464 443 3547 ἢ
466 3464 539 3548 πρὸς
560 3464 594 3526 τὺ
617 3465 658 3547 μὴ
681 3470 790 3549 τυχεῖν,
818 3467 859 3528 ὧν
880 3467 932 3549 τὴν
960 3466 1115 3551 δυστυχίαν
1138 3465 1379 3549 κατηγοροῦμεν),
1405 3466 1451 3551 εἴη
1475 3467 1510 3531 ἂν

257 3571 276 3652 ἡ
301 3569 380 3653 τύχη
403 3573 463 3636 τοῖς
485 3566 558 3630 κατὰ
587 3567 750 3651 προαίρεσιν
777 3568 953 3651 γιγνομένοις
981 3568 1131 3651 ἑπόμενον,
1165 3570 1212 3631 καὶ
1239 3567 1270 3630 ἐν
1297 3568 1408 3638 τούτοις
1433 3571 1510 3633 αἰτία

258 3672 335 3734 κατὰ
359 3668 552 3756 συμβεβηκός.
597 3668 666 3732 ὅταν
688 3669 743 3754 γὰρ
765 3671 937 3755 πράττουσίν
952 3695 978 3734 τι
1001 3671 1074 3735 κατὰ
1089 3671 1253 3755 προαίρεσιν
1268 3672 1338 3753 ἡμῖν
1354 3672 1509 3756 ἀπαντήση

259 3774 302 3857 μὴ
325 3774 360 3836 τὺ
382 3774 569 3857 προκείμενον
591 3771 673 3842 τέλος
695 3773 769 3836 κατὰ
791 3774 844 3857 τὴν
864 3774 1039 3859 προαίρεσιν,
1062 3773 1133 3837 ἄλλο
1149 3773 1223 3837 δέτι
1238 3774 1311 3837 κατὰ
1327 3775 1510 3860 συμβεβηκὸς

257 3877 388 3961 γένηται,
415 3902 434 3960 η
458 3875 531 3939 κατὰ
553 3875 718 3960 προαίρεσιν
739 3875 880 3961 γενομένη
909 3877 1008 3961 πρᾶξις
1032 3876 1109 3940 αἰτία
1130 3880 1181 3939 τοὺ
1203 3877 1421 3960 ἀπαντήσαντύς
1444 3877 1508 3961 μέν,
1523 3894 1551 3936 σο

211 3997 241 4041 εσ
255 3981 290 4043 οὑ
314 3977 507 4064 προκειμένου
530 3977 571 4041 δέ.
615 3976 736 4061 λέγομεν
759 3980 792 4042 δὲ
813 3979 889 4043 τοῦτ’
918 3981 976 4042 ἀπὸ
999 3980 1091 4065 τύχης
1111 3979 1271 4062 γεγονέναι·
1304 3984 1348 4065 τῷ
1371 3978 1429 4063 [τε]
1451 3981 1504 4065 γὰρ

201 4259 217 4311 2
236 4256 331 4327 τούτο]
351 4255 398 4309 ταὺ
418 4273 497 4325 supra
513 4256 597 4309 lin.V
668 4254 684 4308 5
703 4253 745 4307 οὑν
764 4254 817 4307 ἐπεὶ
831 4256 865 4308 V:
885 4253 929 4306 οὑν
947 4255 988 4307 ἐπὶ
1001 4256 1033 4308 G:
1053 4253 1096 4306 οὑν
1115 4255 1155 4307 ἐπὶ
1174 4256 1214 4322 (in
1233 4271 1283 4324 mg.
1301 4254 1365 4322 ἐπεὶ)
1384 4256 1420 4308 H:
1439 4255 1470 4326 ἦν
1490 4258 1564 4311 ἐπλα

200 4348 216 4399 ἰ’
235 4345 309 4399 αὑτω
328 4350 374 4397 καλ
392 4344 510 4414 κυρίῳῦ
608 4341 655 4395 8-
664 4345 696 4395 10
713 4343 781 4396 κατὰ
799 4341 1091 4413 συμβεβηκὸς-λευκὸς
1107 4343 1174 4396 κατὰ
1192 4341 1352 4414 συμβεβηκὸς
1369 4360 1419 4397 om.
1438 4345 1457 4398 C

201 4487 220 4539 8
236 4491 313 4538 τοῦτο
331 4485 369 4537 H:
387 4483 477 4537 τούτου
496 4484 536 4537 Va
642 4481 658 4533 9
677 4447 728 4537 αίτῖ
744 4484 782 4536 11:
801 4481 879 4541 αἴτιος
897 4483 976 4536 Orelli
1085 4484 1116 4536 10
1134 4481 1216 4553 ὑγείας
1234 4500 1250 4536 a
1354 4483 1437 4554 τούτῳ
1456 4484 1476 4538 G

206 4575 235 4625 ll
255 4573 294 4626 ἔτι
313 4573 360 4644 γάρ
379 4571 457 4625 Orelli
568 4570 599 4622 12
617 4569 696 4623 αίτιον
713 4587 764 4624 om.
783 4571 861 4624 Orelli
969 4570 1001 4624 15
1018 4571 1065 4640 τὴν
1084 4586 1134 4623 om.
1153 4570 1172 4623 C
1282 4571 1313 4624 18
1332 4570 1428 4625 ἅπαντα
1447 4574 1523 4627 Orelli

205 4646 237 4713 λβ
256 4658 311 4712 ἀλλ’
333 4659 472 4713 &mdc
556 4658 587 4711 21
609 4660 669 4729 φασὶ
686 4660 765 4713 Orelli
846 4658 879 4710 24
898 4657 1024 4730 ὡρισμένα
1041 4659 1066 4711 Η
1149 4658 1182 4710 26
1200 4660 1281 4711 πάντα
1298 4660 1330 4712 τά
1349 4661 1420 4714 HGa:
1440 4663 1521 4714 πάντα
1540 4662 1563 4718 V

180 4768 184 4772 “
204 4748 238 4800 ‘28
256 4747 340 4821 τύχην
358 4748 381 4799 V
469 4762 544 4816 φασιν
562 4746 640 4799 Orelli
729 4746 764 4800 30
781 4752 865 4815 τυχεῖν
884 4747 959 4799 VHa:
977 4753 1062 4815 τυχεῖν
1080 4748 1165 4799 αὑτῶν
1184 4745 1225 4816 ἐφ’
1247 4747 1279 4800 0:
1298 4748 1387 4816 πρᾶξαι
1406 4748 1483 4801 Orelli

205 4835 235 4888 31
256 4836 274 4905 ἡ
294 4851 345 4888 om.
363 4851 380 4887 α
468 4833 501 4887 32
520 4834 656 4904 ἀπαντήσει
674 4833 694 4887 G
782 4833 816 4887 35
834 4833 989 4906 προσιεμένου
1007 4835 1099 4903 (supra
1116 4853 1137 4887 ει
1154 4839 1165 4886 ἰ’
1183 4835 1229 4902 m¹)
1250 4836 1271 4888 V
1359 4835 1489 4905 ὑὲλιγομεν
1508 4838 1532 4892 V

206 4920 312 4992 λέγομεν
330 4925 391 4976 τοῦτ
408 4921 445 4976 Ca
550 4923 674 4991 γεγονέναι
692 4921 770 4977 VHa:
790 4920 851 4975 εἶναι
869 4922 889 4976 O
995 4940 1022 4975 τι
1040 4938 1091 4975 ουν.
1110 4923 1129 4977 C

259 5030 368 5080 ΒσμμΙσια.
383 5029 447 5068 Arm
461 5029 490 5068 11.
504 5028 609 5069 Alexand.
623 5030 644 5069 d.
658 5029 742 5069 Anima.
1323 5011 1362 5076 12
