3540 5610
225 323 267 387 30
585 321 816 380 ΑΛΕΞΑΝΔΡΟΥ
836 321 989 380 ΑΠΟΡΙΩΝ
1009 322 1069 378 ΚΑΙ
1088 322 1221 379 ΛΥΣΕΩΝ

277 494 357 579 μένῳ
381 498 442 560 ἐστὶ
464 503 502 581 τῇ
526 501 640 581 πρώτη,
663 499 682 581 ΐη
706 498 736 560 ἐν
759 502 801 582 τῷ
818 501 931 579 σώματι
956 497 991 560 οῦ
1014 497 1092 566 εἶδός
1111 500 1197 571 ἐστιν,
1222 499 1240 582 η
1264 498 1294 561 ἐν
1317 503 1359 583 τῷ
1381 498 1422 569 εἰς
1444 502 1532 562 τοῦτο

278 600 485 684 μεταβάλλοντι
513 603 635 683 σώματι.
680 598 747 662 οὔτε
771 602 804 663 δὲ
832 603 861 663 ἐν
887 606 926 684 τῇ
955 604 1058 684 πρώτη
1087 601 1143 683 ὑλη
1166 599 1227 662 οἶόν
1256 600 1288 664 τέ
1311 624 1336 664 τι
1365 599 1396 663 ἐν
1418 602 1533 665 ὑποκει·
1548 617 1575 660 ιο

276 700 356 784 μένῳ
380 700 467 776 εἶναι,
492 702 535 764 ότι
558 704 633 787 μηδὲ
656 704 708 786 τὴν
731 703 826 787 ἀρχὴν
850 702 998 767 ὑπόκειται
1021 705 1040 787 ἡ
1063 704 1182 785 τοιαὺτη
1206 703 1260 786 ῦλη
1284 703 1429 786 ἐνεργείᾳ,
1456 705 1535 767 ἀλλὰ

277 803 367 865 δεῖται
390 805 462 888 πρὸς
484 805 516 867 τὸ
539 803 612 867 εἶναι
635 805 665 867 ἐν
688 806 807 888 ὑπάρξει
830 810 880 868 τοῦ
903 805 999 875 εἴδους
1023 804 1106 888 (οὔτε
1129 806 1183 889 γὰρ
1206 807 1258 889 τὴν
1284 805 1354 889 ὑλην
1378 807 1472 891 χωρὶς
1494 806 1533 869 εἴ·

240 906 342 974 ὁδους
365 906 425 969 οἷόν
455 929 485 968 τε
514 907 544 967 ἐν
574 907 730 970 ὑποστάσει
756 908 829 970 εἶναι
857 906 924 970 οὔτε
950 909 982 971 τό
1005 909 1082 976 εἶδος
1108 906 1177 970 άνευ
1204 913 1255 991 τῆς
1279 909 1362 991 ὕλης·
1396 909 1534 991 ἑκάτερον

275 1008 329 1090 γὰρ
352 1008 450 1071 αὐτῶν
477 1014 527 1071 τοῦ
551 1009 650 1091 ἑτέρου
680 1011 770 1071 δεῖται
796 1011 867 1094 πρδς
897 1012 929 1073 τδ
957 1010 1029 1073 εἶναι
1056 1010 1184 1094 ἐνεργείᾳ
1212 1034 1243 1072 τε
1269 1012 1317 1074 καλ
1344 1010 1374 1074 ἐν
1398 1011 1532 1094 ὑπάρξει·
1547 1027 1574 1069 ιε

274 1096 321 1173 δεῖ
341 1113 373 1173 δέ
395 1114 428 1175 τδ
451 1113 481 1175 ἐν
505 1107 530 1199 ᾧ
555 1113 585 1174 τί
604 1113 680 1176 ἐστιν
708 1116 749 1180 ὡς
775 1112 805 1174 ἐν
828 1113 1026 1197 ὑποκειμένῳ,
1054 1114 1126 1176 αὑτδ
1153 1113 1227 1176 εἶναι
1253 1120 1368 1196 πρῶτον
1390 1113 1532 1198 ἐνεργείᾳ,

275 1215 365 1297 μηδὲν
389 1217 459 1298 πρὸς
481 1217 514 1278 τδ
536 1214 609 1277 εἶναι
632 1214 648 1276 8
672 1214 819 1277 ὑπόκειται
843 1216 1042 1298 βοηθοὺμενυν
1071 1217 1127 1278 ὑπδ
1150 1219 1201 1278 τοῦ
1224 1216 1254 1278 ἐν
1278 1216 1462 1302 ὑποκειμένῳ
1487 1215 1531 1279 όν-

272 1339 321 1384 τος
343 1316 450 1400 αὐτῷ),
474 1315 534 1379 ἀλλ’
562 1316 631 1379 οῦδέ
654 1318 684 1380 ἐν
708 1315 734 1402 ᾦ
758 1320 818 1382 ἐστι
841 1320 1024 1398 σωματικαὶ
1048 1316 1082 1380 οὑ
1106 1316 1183 1386 εἶδός
1205 1319 1297 1394 ἐστιν,
1320 1318 1382 1381 οἷόν
1404 1342 1436 1381 τε
1458 1317 1531 1380 αὑτδ
1545 1333 1574 1375 ει

223 1438 254 1485 10
274 1418 303 1479 ἐν
326 1420 428 1503 ἐκείνῳ
459 1422 500 1487 ὡς
526 1419 556 1481 ἐν
579 1419 761 1504 ὑποκειμένῳ
789 1420 870 1483 εἶναι.
916 1421 1003 1504 μέρος
1030 1422 1084 1504 γάρ
1113 1420 1173 1483 ἐστι
1201 1421 1318 1496 τοὺτου,
1347 1419 1380 1484 εί
1396 1444 1429 1503 γε
1457 1421 1533 1484 κατά

272 1521 349 1584 τοῦτ’
384 1523 459 1585 ἐστιν
495 1523 596 1605 ἐκείνῳ
626 1523 660 1584 τδ
688 1522 769 1585 εἶναι.
819 1522 883 1586 ἀλλ’
912 1522 973 1586 οὐδ’
1002 1525 1031 1585 ἐν
1059 1527 1101 1607 τῷ
1131 1523 1173 1592 εἰς
1205 1528 1289 1587 τοῦτο
1321 1525 1532 1608 μεταβάλλοντι

273 1630 386 1708 σώματι
414 1624 460 1709 εἴη
490 1625 540 1700 άν,
568 1625 610 1686 ότι
635 1625 709 1709 μηδέ
732 1625 808 1689 ἐστιν
836 1626 930 1688 ἐκεῖνο
953 1626 1005 1708 τὴν
1028 1627 1139 1710 ἀρχήν,
1168 1624 1232 1688 ἀλλ’
1261 1626 1387 1710 ἐφθάρη.
1434 1629 1452 1709 η
1476 1626 1572 1710 γέμει

272 1729 345 1789 κατὰ
373 1728 409 1790 τόι
438 1727 501 1811 εἴδη
530 1733 587 1789 τῶν
616 1729 760 1810 σωμάτων
789 1729 936 1813 μεταβολὴ
964 1730 1072 1812 ιρθορά.
1123 1728 1207 1791 οῦδὲν
1236 1727 1313 1797 εἶδος
1339 1727 1440 1791 ἔνυλόν
1469 1732 1473 1813 Ι
1502 1753 1529 1793 τι
1552 1737 1584 1794 δΙ

270 1829 321 1891 καί
344 1853 418 1898 τινος
442 1830 472 1893 ὃν
496 1829 557 1891 οἶόν
584 1852 615 1891 τε
644 1829 717 1891 εἶναι
743 1830 773 1891 ἐν
798 1830 989 1913 ὑποκειμένῳ.
1035 1831 1062 1892 εἰ
1089 1831 1121 1892 δὲ
1152 1835 1253 1903 τοῦτο,
1280 1829 1356 1898 εἶδος
1383 1832 1416 1893 δέ
1438 1834 1487 1894 καὶ
1511 1834 1530 1916 ἡ

221 1951 250 1998 15
271 1933 352 2015 ψυχὴ
375 1936 427 1994 τοῦ
450 1932 584 2016 ἐμψύχου
609 1934 754 2014 σώματος,
782 1932 850 1994 οῦδὲ
878 1932 951 2014 αὑτὴ
977 1930 1010 1994 ἂν
1033 1931 1079 2014 εἴη
1104 1932 1134 1994 ἐν
1158 1931 1340 2016 ὑποκειμένῳ
1369 1932 1453 2015 (οὔτε
1475 1933 1531 2018 γὰρ

270 2035 299 2096 ἐν
323 2038 365 2119 τῷ
390 2032 477 2118 ζῴῳ·
509 2034 596 2117 μέρος
617 2033 713 2117 γὰρὴ
742 2035 822 2118 ψυχὴ
852 2038 902 2096 τοῦ
932 2034 1011 2119 ζῴου
1040 2033 1247 2117 κυριώτατον),
1274 2034 1341 2097 οὔτε
1368 2035 1465 2120 ἐντῷ
1490 2039 1532 2106 εἰς
1556 2055 1571 2097 ι

269 2138 301 2198 τδ
324 2134 457 2220 ἔμψυχον
481 2143 569 2216 σῶμα
595 2137 802 2220 μεταβάλλοντι
824 2140 948 2218 σώματι.
992 2142 1056 2204 πῶς
1077 2138 1131 2220 γὰρ
1155 2135 1189 2198 ἂν
1213 2138 1243 2198 ἐν
1267 2142 1309 2221 τῷ
1334 2137 1528 2223 ἐφθαρμένῳ;

268 2238 366 2323 φθορὰ
390 2239 442 2322 γὰρ
467 2238 568 2323 ἐκείνῳ
592 2239 705 2320 ἐγένετο
734 2239 752 2321 ἡ
776 2239 816 2307 εἰς
843 2240 876 2301 τδ
900 2236 1034 2323 ἔμψυχον
1064 2239 1224 2323 μεταβολή.
1269 2238 1346 2307 όλως
1372 2263 1404 2303 τε
1426 2242 1530 2304 ἀδὺνα-

267 2363 315 2402 τον
339 2340 412 2405 εἶναι
436 2343 487 2424 τὴν
510 2343 607 2425 ψυχὴν
631 2339 660 2403 ἔν
681 2365 733 2403 τινι
757 2340 773 2403 8
797 2343 838 2424 μὴ
862 2343 960 2425 ψυχὴν
984 2339 1058 2426 ἔχει.
1093 2341 1109 2403 8
1134 2344 1166 2404 δὲ
1190 2342 1242 2424 τὴν
1265 2342 1362 2426 ἀρχὴν
1386 2345 1427 2426 μὴ
1451 2342 1529 2407 ἔστιν

215 2463 248 2509 20
267 2440 297 2504 ἔν
320 2467 388 2518 τινι,
417 2443 478 2506 οὐδ’
507 2442 541 2505 ἂν
565 2445 595 2505 ἐν
619 2443 802 2527 ὑποκειμένῳ
825 2443 905 2528 αὐτῷ
930 2443 986 2526 εἴη.
1032 2444 1058 2506 εἰ
1081 2445 1113 2506 δὲ
1137 2445 1166 2506 ἐν
1191 2445 1244 2525 μὲν
1267 2439 1293 2528 ᾧ
1318 2445 1378 2508 ἐστι
1401 2449 1527 2527 στόματι,
1543 2465 1568 2507 ιο

265 2545 344 2613 εἶδός
366 2547 442 2608 ἐστιν
466 2546 578 2609 ἐκείνου
608 2547 655 2608 καὶ
679 2545 780 2630 μέρος,
809 2546 839 2608 ἐν
862 2543 888 2630 ᾧ
916 2547 948 2608 δὲ
977 2549 1017 2630 μὴ
1042 2545 1102 2609 ἔστι
1129 2547 1181 2629 τὴν
1210 2548 1321 2631 ἀρχήν,
1348 2547 1410 2611 οὐδ’
1439 2549 1476 2612 ἂν
1498 2552 1528 2614 ἐν

267 2649 451 2733 ὑποκειμένῳ
476 2649 556 2733 αὐτῷ
580 2648 636 2730 εἴη,
660 2648 712 2712 οῦκ
735 2649 770 2711 ἂν
794 2651 813 2732 ίη
838 2651 921 2734 ψυχὴ
946 2650 975 2712 ἐν
1000 2651 1186 2734 ὑποκειμένῳ
1209 2651 1261 2712 τινί
1285 2650 1341 2734 εἴη.

266 2912 382 2976 XVIII.
422 2908 500 2977 Ὅτι
525 2913 569 2995 μὴ
594 2914 719 2976 οἷόντε
735 2915 791 2976 τὸν
815 2912 946 2997 κόσμον
969 2914 1150 2998 ἄφθαρτον
1173 2914 1265 2978 εἶναι
1287 2913 1343 2978 διὰ
1364 2916 1424 2996 τὴν
1448 2917 1565 3001 pm

413 3020 513 3099 λησιν
538 3021 598 3079 τοῦ
622 3015 720 3094 θεοῦ,
750 3019 781 3080 εἰ
803 3017 858 3100 εἴη
882 3019 1039 3102 φθαρτὸς
1061 3023 1102 3101 τῇ
1126 3019 1234 3081 αὑτοῦ
1258 3018 1371 3103 φύσει.

210 3206 242 3254 25
347 3185 389 3250 Τδ
413 3188 532 3250 δυνατὸν
556 3212 574 3269 η
599 3185 670 3249 εἶναι
695 3188 713 3269 ἢ
737 3189 875 3269 γενέσθαι
898 3190 945 3252 ἐπὶ
967 3189 1078 3252 τοὺτων
1101 3194 1304 3271 κατηγορεῖται
1326 3189 1451 3273 κυρίως,
1474 3192 1523 3255 ἐπὶ

261 3296 320 3353 τῶν
344 3290 544 3375 ἐνδεχομένων
572 3291 620 3353 καὶ
644 3291 684 3372 μὴ
709 3290 781 3353 εἶναι
808 3294 855 3354 καὶ
884 3294 925 3375 μὴ
952 3292 1099 3373 γενέσθαι
1114 3283 1203 3354 ταῦτα
1232 3291 1251 3354 8
1274 3291 1387 3375 λέγεται
1414 3294 1521 3358 δυνατά
1535 3312 1562 3354 ευ

257 3381 334 3456 εἶναι
361 3418 380 3476 η
409 3392 554 3474 γενέσθαι.
600 3392 721 3475 λέγομεν
749 3398 816 3475 γοῦν
844 3397 964 3457 δυνατὸν
992 3395 1064 3457 εἶναι
1089 3395 1149 3457 οἶόν
1177 3418 1209 3457 τε
1236 3394 1309 3458 εἶναι
1336 3395 1355 3479 ἦ
1383 3398 1521 3478 γενέσθαι

262 3496 415 3559 ἀκώλυτον
439 3493 480 3556 όν.
516 3495 549 3558 οὑ
572 3494 626 3578 γόιρ
650 3500 692 3579 τῷ
710 3497 825 3565 πάντως
847 3497 983 3577 γενέσθαι
1006 3500 1092 3581 ητοῦ
1115 3500 1239 3560 δυνατοῦ
1260 3499 1360 3582 κρίσις,
1384 3501 1461 3563 ἀλλὰ
1476 3507 1519 3586 τῷ

261 3599 302 3680 μὴ
326 3599 513 3661 κεκωλῦσθαι
539 3597 675 3678 γενέσθαι
697 3598 778 3661 αὑτό.
824 3602 945 3662 δυνατόν
974 3601 1028 3683 γὰρ
1056 3601 1140 3663 οῦδὲν
1170 3601 1255 3684 ἧττον
1284 3603 1316 3663 τό
1346 3603 1386 3685 μὴ
1410 3604 1561 3668 κωλυόεε

207 3721 241 3768 30
262 3723 345 3783 μενον
369 3699 425 3763 ὑπό
449 3723 524 3768 τινος
539 3699 745 3784 περιίστάσεως
768 3703 903 3784 γενέσθαι
923 3705 995 3786 πρὸς
1019 3703 1034 3764 8
1057 3705 1109 3786 τὴν
1126 3704 1345 3788 ἐπιτηδειότητα
1367 3703 1442 3790 ἔχει,
1465 3707 1520 3771 κᾶν
1538 3717 1573 3774 62

261 3805 302 3887 μὴ
324 3803 450 3886 γένηται.
495 3805 614 3872 δυνατός
635 3804 689 3887 γὰρ
712 3805 788 3867 Δίων
812 3807 1010 3888 γραμματικός
1033 3806 1179 3887 γενέσθαι,
1204 3804 1264 3870 ἔστ’
1286 3807 1320 3870 ἂν
1343 3804 1377 3891 ᾖ,
1400 3808 1454 3873 κᾶν
1478 3814 1520 3896 μὴ

258 3907 385 3990 γένηται,
408 3907 434 3967 εἰ
458 3906 498 3988 μὴ
521 3905 568 3988 εἴη
592 3908 624 3968 τὸ
648 3907 789 3969 δὺνασθαι
813 3908 949 3989 γενέσθαι
970 3912 1169 3992 γραμματικόν
1193 3910 1280 3973 αὑτὸν
1304 3913 1517 3994 κεκωλυμένον.

207 4214 435 4284 1μτ.η]ἥτοιιι
536 4213 795 4266 78818V¹GFSL2
817 4214 874 4282 Sp.:
904 4214 973 4268 αὑτῶ
995 4217 1051 4269 v²B
1156 4218 1269 4288 8μηδέν
1291 4219 1374 4273 B²s²a
1395 4221 1453 4290 Sp.:
1482 4223 1571 4294 μηδινλ

203 4305 318 4357 VB¹S¹L
407 4301 480 4353 διν]
499 4303 574 4368 (corr.
592 4302 637 4366 VI)
722 4303 737 4354 9
758 4299 811 4354 ἀλλ’
827 4301 883 4354 οὑδὲ
903 4305 929 4355 ἐν
948 4302 968 4373 ᾦ
987 4305 1038 4356 ἐστι
1058 4304 1155 4372 σώματι
1174 4305 1265 4357 καλοῦ
1285 4305 1347 4365 εἶδός
1365 4308 1432 4360 ἐστιν
1445 4310 1482 4362 13²
1499 4315 1571 4381 (post

203 4394 280 4443 verba
292 4409 330 4461 γρ.
343 4389 436 4454 οὑτως)
450 4391 497 4442 SIa
516 4389 571 4454 Sp.:
591 4385 646 4440 ἀλλ’
665 4385 706 4456 ὑφ’
721 4389 746 4439 ἕν
767 4392 817 4442 ἐστι
837 4392 880 4441 κοιλ
899 4389 927 4441 οὑ
947 4390 1012 4448 εἶδός
1031 4392 1097 4443 ἐστιν
1112 4392 1273 4446 VB¹FGS¹L
1362 4396 1405 4446 καὶ
1424 4396 1474 4449 del.
1489 4398 1535 4466 sp.

206 4481 234 4531 Il
256 4477 327 4530 οῦδὲν
347 4478 383 4529 V¹
402 4479 479 4545 (corr.
501 4476 547 4542 VI)
657 4476 688 4527 13
711 4476 783 4528 οὐδὲν
803 4478 952 4531 V'GFS¹L:
972 4477 1043 4530 οῦδὲν
1063 4478 1088 4529 δὲ
1109 4478 1194 4530 V²B²:
1215 4479 1287 4533 οῦδὲν
1306 4481 1355 4552 ἄρα
1374 4482 1422 4535 δέ
1440 4483 1487 4551 Sp.

201 4567 237 4630 τι]
257 4584 283 4617 τε
303 4563 338 4617 B²
448 4563 591 4617 14υίονται
611 4566 644 4614 V¹
665 4565 742 4628 (corr.
764 4564 809 4630 Ψ)
917 4585 944 4617 τε
964 4569 1070 4619 GVSLa
1089 4567 1146 4634 Sp.:
1167 4567 1192 4619 δὲ
1207 4572 1253 4620 VB
1274 4569 1342 4621 vict.
1454 4571 1485 4624 15
1504 4571 1569 4643 αὑτὴ

201 4657 241 4705 La
259 4654 317 4720 Sp.:
336 4671 400 4723 αυτη
421 4657 451 4702 V:
472 4650 535 4721 αὑτη
556 4655 586 4705 S:
611 4651 674 4720 αὑτῇ
696 4655 716 4703 F
824 4654 870 4722 γὰρ
890 4669 938 4704 om.
959 4674 987 4704 a:
1015 4654 1124 4705 fortasse
1144 4655 1200 4706 οῦδὲ
1219 4657 1265 4726 γὰρ
1373 4656 1407 4708 24
1435 4659 1456 4711 εί
1476 4660 1529 4730 εἴη]
1552 4659 1568 4730 η

202 4740 256 4792 είιι
362 4739 439 4792 αὑτοῦ
461 4742 521 4791 VB:
541 4740 631 4790 ἑαυτοῦ
651 4743 708 4791 Vsa
726 4739 770 4806 Sp.
791 4745 817 4792 et
836 4742 926 4793 tabula
1042 4742 1074 4793 25
1094 4741 1198 4793 δυνατον
1217 4746 1291 4795 sIcV
1311 4744 1371 4810 (sub
1391 4763 1405 4797 ο
1425 4746 1517 4813 litura)

201 4827 234 4879 27
254 4827 305 4880 οἶόν
326 4830 385 4879 VB:
404 4826 433 4879 τό
457 4827 508 4879 υίον
529 4830 633 4880 FGSLa
648 4826 705 4894 Sp.:
725 4826 738 4878 8
758 4827 808 4879 οἶόν
830 4830 895 4880 vict.
985 4830 1038 4881 οἶόν
1061 4848 1088 4880 τε
1112 4832 1172 4882 εἶναι
1196 4832 1244 4884 del.
1266 4831 1302 4883 BI
1391 4831 1425 4885 28
1448 4833 1480 4886 τδ
1498 4834 1568 4887 ἐκιὺ·

203 4914 277 4970 λυτυν
298 4914 406 4969 v²Bs²a
423 4915 468 4984 Sp.
574 4915 609 4968 30
628 4914 675 4968 ὑπό
694 4916 722 4967 in
742 4915 780 4967 lit.
801 4920 824 4968 V
930 4917 964 4970 32
984 4916 1035 4988 εἴη]
1056 4938 1072 4987 η
1092 4934 1112 4970 s.
1127 4922 1193 4970 v.V
