3540 5610
695 323 836 380 31311οΝ
855 322 981 380 ιῬιϊυΝ
1006 325 1105 378 ιυ-ιι
1515 326 1576 389 109

280 500 501 584 προηγουμένως
521 499 678 583 γινομένων
697 500 771 563 κατὰ
793 500 887 584 ρόσιν,
911 501 958 563 καί
981 499 1028 563 ἐπὶ
1044 498 1153 569 τοὺτοις
1177 499 1340 573 ἀποδιδούς,
1364 499 1392 562 τί
1411 497 1522 579 ἐστινὴ

283 603 373 687 ἁπλῆ
388 627 426 668 τε
448 605 504 668 καὶ
526 604 545 687 ἡ
568 602 701 687 φυσικὴ
724 603 871 686 γένεσις,
895 601 1007 685 ὅτιγὰρ
1024 604 1198 687 μεταβολὴ
1215 603 1278 665 ὑπδ
1295 608 1351 664 τῶν
1367 606 1522 684 ποιητικῶν

281 706 461 789 δυνάμεων
484 704 662 790 θερμότητός
683 728 714 767 τε
731 706 778 768 καὶ
795 704 975 789 ψυχρότητος
991 709 1042 787 της
1057 704 1246 788 ὑποκειμένης
1269 706 1338 787 ὑλης
1360 706 1389 768 ἐν
1413 705 1522 786 ἑκάστη
1538 718 1564 759 1⁰

281 809 363 892 ρόσει
378 808 451 873 κατὰ
466 808 517 878 τὰς
531 810 666 892 δυνάμεις
679 808 731 877 τάς
742 809 913 892 παθητικάς,
924 807 1066 892 Εηρότητά
1081 831 1111 870 τε
1127 809 1173 870 καὶ
1190 807 1342 891 ὑγρότητα,
1352 807 1418 870 όταν
1431 805 1524 892 ἔχωσι

248 930 261 978 5
277 911 359 994 λόγον
375 913 445 996 πρὸς
461 913 600 996 ἀλλήλας,
623 914 663 980 ῶς
681 911 820 975 δύνασθαι
836 911 886 979 τόις
901 911 952 991 μὲν
976 915 1068 973 ποιεῖν
1087 934 1119 973 τε
1138 912 1185 974 καλ
1202 911 1400 996 μεταβάλλειν,
1423 910 1473 978 τὰς
1490 911 1522 971 δὲ

278 1015 510 1098 μεταβαλλεσθαί
528 1038 559 1077 τε
579 1016 627 1077 καὶ
646 1015 769 1098 πάσχειν
791 1034 812 1074 ιι
833 1034 854 1074 ιι
876 1034 906 1076 ιι.
944 1020 1095 1097 γεννῶσι
1117 1016 1169 1097 γὰρ
1193 1014 1231 1076 τὸ
1252 1014 1381 1098 θερμὸν
1405 1014 1463 1076 καὶ
1485 1013 1522 1075 τὸ
1537 1029 1563 1070 ιο

277 1119 409 1202 ψυχρὸν
425 1118 460 1181 τὰ
476 1116 524 1180 ὑπ’
545 1117 640 1180 αὑτῶν
657 1119 730 1180 κατὰ
745 1121 834 1180 ταῦτα
849 1118 1023 1199 γεννώμενα,
1046 1121 1239 1199 κρατοῦντα
1259 1122 1322 1201 τῆς
1344 1116 1443 1200 ὑλης,
1466 1116 1520 1200 ὑλη

278 1220 310 1283 δέ
332 1221 407 1284 ἐστιν
430 1219 562 1302 αὑτοῑςὴ
579 1219 663 1302 ἑτέρα
685 1220 859 1293 ἐναντίωσις,
886 1221 906 1304 ἥ
930 1220 990 1283 ἐστι
1012 1221 1044 1283 rb
1068 1219 1152 1304 ξηρόν
1175 1222 1277 1283 τεκαὶ
1300 1218 1394 1305 ὑγρόν.
1439 1217 1521 1282 όταν

279 1323 315 1385 δὲ
338 1324 385 1407 μὴ
406 1327 516 1407 κρατῇ
539 1323 629 1405 μηδὲν
651 1321 781 1407 ψτοὺτιρ
797 1327 840 1406 τῷ
856 1322 934 1407 λόγῳ
954 1324 1025 1406 πρδς
1040 1325 1092 1406 τὴν
1108 1323 1297 1406 ὑποκειμένην
1320 1323 1418 1391 αὑτοῖς
1441 1323 1521 1407 ὑλην,
1535 1338 1564 1380 ευ

236 1444 263 1491 10
279 1422 323 1511 [η]
347 1427 375 1488 εἰ
396 1426 448 1508 μὲν
471 1424 517 1509 εἴη
540 1424 614 1488 κατὰ
637 1424 711 1509 μέρη
733 1425 796 1488 τινὰ
819 1427 860 1509 μὴ
883 1430 1041 1509 κρατοῦντα
1063 1431 1113 1509 τῆς
1136 1426 1327 1511 ὑποκειμένης
1349 1426 1428 1508 ὑλης,
1452 1428 1521 1508 μώ·

276 1529 375 1599 λυσίς
397 1552 433 1592 τε
455 1531 510 1591 καὶ
534 1529 664 1612 ἀπεψία
685 1528 832 1611 γίνεται,
855 1529 882 1591 εί
896 1526 921 1591 δ’
942 1528 972 1591 ἐν
988 1533 1025 1612 τη”Ι
1041 1530 1150 1611 γενέσει
1172 1530 1299 1592 καθόλου
1315 1530 1419 1611 γίνοιτο
1434 1552 1453 1610 η
1469 1551 1523 1591 τοι·

275 1630 346 1714 αὑτη
361 1637 420 1694 τῶν
436 1635 593 1715 ποιητικῶν
610 1629 755 1705 ἀσθένεια,
778 1630 820 1700 είς
835 1636 920 1716 σῆψιν
939 1632 958 1714 ἡ
976 1634 1131 1717 μεταβολή.
1165 1629 1211 1716 <η>
1232 1632 1285 1715 γὰρ
1310 1632 1395 1694 κατὰ
1418 1632 1520 1715 φύσιν

275 1739 367 1798 πᾶσα
387 1734 506 1819 φθορὰ
528 1735 608 1803 όδός
630 1734 721 1796 ἐστιν
743 1735 784 1803 εἰς
803 1739 905 1819 σῆψιν,
926 1734 1097 1819 κατὰφύσιν
1113 1733 1138 1798 δ’
1160 1736 1235 1817 bel:
1255 1734 1368 1819 φθορὰν
1389 1735 1455 1804 όδδς
1475 1733 1521 1797 διὰ
1535 1749 1561 1790 εἰ)

275 1838 371 1920 γήρως
392 1860 424 1900 τε
446 1838 494 1899 καὶ
515 1835 679 1911 αὑάνσεως,
705 1833 708 1923 ψ
734 1839 774 1900 ῶν
798 1862 816 1920 η
841 1838 892 1919 μὲν
916 1835 1038 1921 ξηρότης
1064 1839 1164 1900 τεκαὶ
1190 1837 1308 1906 αὑανσις
1335 1836 1380 1921 εἴη
1404 1836 1438 1900 ἂν
1461 1837 1508 1899 ἐπὶ
1531 1841 1573 1899 211

234 1956 258 2006 15
273 1944 329 2001 τῶν
352 1943 453 2023 φυτῶν
475 1941 647 2023 κυριώτερον
670 1939 826 2024 λεγομένη,
853 1941 885 2002 rb
908 1941 940 2002 δὲ
961 1946 1050 2024 γῆρας
1073 1940 1120 2001 ἐπὶ
1144 1945 1199 2003 τῶν
1223 1939 1318 2025 ζῴων,
1341 1940 1371 2003 εί
1389 1963 1422 2022 γε
1444 1939 1517 2003 κατὰ

274 2043 323 2124 μὲν
339 2043 391 2126 τὴν
407 2043 436 2105 ἐν
452 2046 511 2111 τοῖς
526 2041 642 2127 μέρεσιν
657 2043 809 2108 ἀσθένειαν
825 2047 882 2105 τῶν
898 2048 1055 2127 ποιητικῶν
1072 2044 1220 2125 δυνάμεων
1232 2061 1251 2101 ιι
1263 2061 1282 2101 κ
1292 2062 1311 2102 ιι
1322 2043 1451 2125 γίνεσθαι
1466 2042 1517 2126 τήν

273 2168 303 2207 τε
325 2147 453 2226 μώλυσιν
479 2145 527 2208 καὶ
554 2146 691 2231 ἀπεψίαν,
720 2147 760 2208 ῶν
788 2148 915 2228 μώλυσις
942 2147 993 2226 μὲν
1021 2147 1105 2208 παλιν
1133 2149 1305 2232 κυριώτερον
1332 2146 1367 2210 ἂν
1390 2147 1437 2209 ἐπὶ
1460 2152 1518 2210 τῶν
1545 2162 1559 2204 υ

275 2253 368 2331 μερῶν
385 2253 443 2311 τῶν
459 2248 543 2331 ζῴων
567 2269 587 2309 ιι
610 2270 630 2310 ιι
652 2270 681 2312 ιι.
713 2249 846 2312 ἁπάντων
861 2249 916 2333 γὰρ
931 2249 1006 2312 κατὰ
1022 2249 1106 2333 φύσιν
1121 2250 1282 2333 γενομένων
1297 2252 1330 2313 rb
1345 2249 1419 2312 κατὰ
1434 2250 1519 2334 ιρὺσιν

274 2351 373 2420 τέλος
395 2349 572 2435 σαπρότης
598 2353 698 2414 τεκαὶ
722 2357 817 2436 σῆψις.
862 2352 965 2437 οὐγὰρ
988 2353 1060 2416 κατὰ
1083 2353 1200 2437 ψόσινὴ
1219 2353 1307 2438 βίαιος
1322 2354 1429 2438 φθορά.
1474 2352 1521 2414 διὰ

231 2469 257 2518 ‘20
273 2458 357 2517 τοῦτο
378 2455 432 2537 γὰρ
454 2454 491 2517 τὰ
512 2454 587 2517 κατὰ
608 2453 692 2537 φύσιν
708 2454 887 2539 φθειρόμενα
909 2460 1023 2541 πρῶτον
1047 2456 1097 2538 μὲν
1120 2457 1160 2525 εἰς
1181 2455 1322 2541 ὑγρότητα
1347 2456 1520 2539 μεταβάλλει
1536 2471 1561 2513 ro

272 2561 315 2640 τῷ
339 2555 441 2639 μηκέτι
467 2560 580 2640 κρατεῖν
607 2557 670 2639 τὴν,
687 2555 717 2618 έν
744 2555 842 2627 αὐτοῖς
869 2557 1035 2643 θερμότητα
1062 2564 1115 2642 τῆς
1142 2559 1313 2644 ὑγρότητος,
1343 2563 1383 2628 ῶς
1409 2558 1520 2621 πέττειν

271 2658 361 2742 αδτλγν
388 2659 538 2736 δύνασθαι,
568 2657 650 2726 τέλος
671 2658 714 2734 δέ,
741 2665 793 2743 τῆς
819 2661 910 2744 αὐτῆς
937 2661 1091 2746 ὑγρότητος
1119 2663 1326 2746 διατμηθείσης
1352 2664 1399 2725 καὶ
1423 2682 1520 2724 συνεκ-

271 2762 427 2846 κριθείσης,
455 2759 659 2847 ἐκκρινομένης
684 2762 731 2823 καὶ
754 2762 969 2849 διακρινομένης
990 2769 1028 2847 τῇ
1053 2766 1219 2849 θερμότητι,
1247 2766 1283 2828 τά
1306 2765 1561 2848 ὑπολειπόμεναιο

273 2864 354 2948 ξηρά.
398 2866 503 2947 γίνεται
525 2864 581 2948 γάρ
604 2869 661 2927 τῶν
685 2863 857 2947 σηπομένων
881 2865 961 2935 τέλος
984 2869 1017 2931 rb
1039 2869 1080 2936 είς
1102 2873 1191 2932 ταῦτα
1214 2870 1398 2954 διαλυθῆναι,
1425 2868 1455 2937 ἐξ
1478 2869 1518 2931 ὧν

212 2979 252 3035 25
270 2965 383 3049 ἐγένετό
404 2991 436 3031 τε
458 2970 505 3031 καί
529 2966 668 3051 συνέστη,
696 2967 849 3050 ὑριζόντων
877 2971 924 3032 καὶ
947 2971 1105 3053 μιγνύντων
1128 2975 1171 3055 τῷ
1195 2971 1273 3056 ξηρῷ
1297 2973 1329 3035 rb
1352 2973 1436 3056 ὑγρὸν
1459 2976 1517 3033 τῶν

270 3075 437 3156 ποιητικῶν,
453 3071 473 3134 ἃ
487 3069 523 3155 ἧν
540 3072 572 3133 rb
587 3070 696 3154 θερμὸν
712 3072 760 3134 καὶ
775 3071 897 3156 ψυχρόν.
932 3074 1063 3155 γίνεται
1078 3071 1103 3138 δ’
1124 3076 1142 3158 ἡ
1159 3076 1275 3158 τοιαὺτη
1291 3075 1421 3159 φθορά,
1442 3098 1520 3138 τουτ·
1533 3090 1562 3133 νυ

270 3174 380 3259 έστινὴ
396 3174 579 3258 κατὰφύσιν,
603 3172 683 3236 όταν
703 3173 758 3237 διὰ
781 3175 817 3237 rb
833 3175 998 3261 περιέχον
1022 3182 1131 3261 κρατῇ
1147 3183 1205 3240 τοῦ
1229 3179 1419 3263 ὁρίζοντος,
1448 3177 1518 3262 όπερ

271 3275 306 3361 ἧν
323 3278 355 3340 rb
372 3279 479 3363 θερμδν
495 3276 732 3362 προηγουμένως,
755 3279 792 3341 rb
815 3280 1023 3363 ὁριζόμενον
1047 3279 1205 3344 ὑπἀὐτοῦ
1229 3281 1296 3366 δῆν
1312 3282 1395 3366 ὑγρόν
1418 3305 1449 3344 τε
1470 3283 1519 3344 καὶ

272 3379 367 3465 ξηρόν,
399 3380 625 3463 άναλισκυμένου
648 3381 704 3443 ὑπὸ
727 3386 779 3464 τῆς
806 3383 836 3444 ἐν
858 3387 901 3468 τῷ
925 3383 1088 3468 περιέχοντι
1111 3386 1240 3453 πλείονος
1267 3386 1444 3469 θερμότητος
1466 3389 1517 3447 τοῦ

201 3494 251 3548 30
269 3483 300 3546 ἐν
327 3489 387 3553 τοῖς
412 3484 613 3569 φθειρομένοις
639 3507 671 3546 τε
697 3485 745 3547 καὶ
772 3485 947 3569 σηπομένοις
974 3486 1084 3571 θερμοῦ
1112 3512 1131 3570 η
1154 3492 1212 3550 τῶν
1239 3488 1412 3573 πασχόντων
1436 3491 1518 3551 πλεο·
1532 3504 1559 3546 κε

269 3587 345 3657 νεξία
372 3588 487 3671 γίνεται.
532 3586 660 3650 καθόλου
685 3584 689 3672 ψ
713 3589 766 3673 γάρ
794 3589 881 3672 σῆψίς
905 3612 936 3651 τε
963 3595 1020 3651 τῶν
1049 3591 1221 3675 σηπομένων
1249 3592 1354 3673 γίνεται
1383 3591 1429 3654 διὰ
1455 3593 1503 3654 τὸν
1525 3597 1571 3654 212

272 3693 422 3775 χωρισμόν
436 3697 488 3775 τῆς
503 3691 618 3776 φόσεως
638 3692 668 3762 ἐξ
690 3693 797 3768 αὐτῶν,
820 3692 902 3774 φόσις
925 3691 950 3755 δ’
971 3693 1000 3755 ἐν
1016 3694 1131 3776 ἑκάστῳ
1147 3700 1198 3778 τῆς
1213 3697 1354 3778 κινήσεως
1376 3695 1405 3757 έν
1421 3695 1519 3765 αὐτοῖς

269 3792 359 3877 άρχη,
386 3793 462 3858 ἐστὶν
488 3791 515 3856 δ’
543 3793 573 3855 έν
596 3799 666 3857 πᾶσι
688 3799 748 3863 τοῖς
770 3795 842 3857 κατὰ
870 3795 953 3877 φύσιν
976 3804 1137 3860 συνεστῶσι
1160 3798 1385 3881 προηγουμένως
1405 3803 1517 3861 τοιοῦτο

269 3895 387 3979 θερμόν.
429 3895 496 3981 μεθ’
518 3895 534 3959 δ
553 3898 638 3979 λόγον
661 3897 796 3961 ἀπέδωκε
811 3899 938 3982 σήψεως,
961 3899 1074 3982 φθορὰν
1098 3898 1186 3983 αὐτὴν
1207 3901 1295 3962 εἰπὼν
1317 3900 1389 3964 εἶναι
1413 3907 1465 3984 τῆς
1487 3903 1516 3965 ἐν
1543 3919 1557 3960 ε

215 4015 249 4065 35
267 3999 382 4084 ἑκάστῳ
397 4000 420 4082 ψ
435 3999 609 4084 περιέχοντι.
647 4000 709 4063 ἐπεὶ
726 4002 758 4063 δὲ
779 4000 853 4065 κατ’
880 3998 1014 4065 ἔνδειαν
1038 4003 1170 4087 θερμοῦ
1192 4028 1211 4086 η
1228 4010 1324 4089 σῆψις,
1347 4009 1412 4067 πᾶν
1435 4006 1467 4067 δὲ
1481 4007 1514 4068 rb

267 4102 434 4186 τοιαύτης
449 4104 632 4185 δυνάμεως
646 4104 763 4172 ἐνδεὲς
778 4103 925 4189 ψυχρόν,
941 4105 1093 4190 ἀμφότερά
1108 4130 1170 4175 πως
1185 4109 1319 4191 ποιητικά
1334 4114 1385 4192 τῆς
1401 4108 1518 4193 σήψεως

218 4327 301 4382 braio
319 4326 382 4396 quid
401 4328 499 4381 excidit
515 4332 562 4394 τῆς
579 4328 699 4397 γενέσεως
717 4330 760 4381 καὶ
773 4326 868 4398 φθορᾶς
885 4329 959 4398 λόγον
976 4329 1093 4383 ἀπέδωκε
1173 4332 1189 4383 9
1208 4333 1332 4400 temptavi
1351 4331 1429 4401 μηδὲν
1448 4331 1568 4385 τοὺτων

216 4415 252 4484 τῷ
267 4416 327 4486 (μὴ)
344 4414 418 4485 λόγον
436 4417 475 4482 (lv
492 4415 696 4486 λόγῳ-εἷναιθ)
715 4435 740 4468 π.
759 4435 781 4469 τ.
805 4416 828 4469 ὑ.
846 4418 870 4469 ά.
890 4415 912 4469 ὑ.
932 4416 1032 4490 ἔχειν,
1050 4420 1071 4470 τί
1091 4420 1122 4470 cl.
1136 4419 1211 4472 Alex.
1230 4420 1262 4472 ad
1282 4421 1361 4473 Arist.
1375 4423 1433 4473 iret.
1448 4422 1534 4474 127ῐ9

219 4501 281 4573 1οη
301 4503 350 4555 (ἰοί.
370 4506 415 4571 Sp.
528 4503 559 4555 12
581 4504 598 4572 ἡ
619 4505 678 4556 add.
700 4505 766 4557 vict.
876 4507 906 4558 15
925 4505 986 4574 είγε]
1006 4506 1027 4558 εί
1046 4505 1072 4557 δὲ
1092 4511 1136 4573 Sp.
1156 4507 1213 4559 lorl.
1234 4515 1301 4560 recte
1405 4511 1436 4562 16
1460 4510 1570 4564 fortasse

216 4588 337 4660 (εὔλογον)
356 4591 402 4660 γίν.
488 4590 519 4643 18
536 4592 645 4644 fortasse
663 4591 738 4662 ζῴων
758 4592 873 4661 (λέγοιτο,
892 4592 986 4661 ἀπεψία
1005 4593 1030 4646 δέ
1049 4594 1089 4646 έπλ
1107 4599 1153 4663 τῆς
1170 4600 1265 4666 τρυφῆς
1283 4602 1335 4648 τῶν
1354 4592 1440 4666 ζῴων)
1459 4598 1490 4649 ci.
1510 4599 1527 4649 l.
1547 4615 1568 4651 c.

220 4675 319 4731 127116
420 4677 452 4730 22
481 4678 517 4738 ὡς
535 4677 617 4747 διατμ.
636 4697 652 4731 ε
670 4682 714 4746 Sp.
816 4681 848 4732 24
873 4682 1021 4751 σηπομένων
1042 4684 1121 4734 Victa
1146 4684 1336 4752 σημαινομένων
1359 4685 1419 4737 libri
1519 4685 1569 4737 ior·

217 4764 379 4818 lassembrb
449 4765 483 4818 28
502 4765 558 4836 δῆν
572 4767 678 4833 scripsi:
697 4765 755 4833 ἢδν
768 4768 840 4820 libri:
861 4766 889 4819 δν
902 4771 947 4835 Sp.
1020 4770 1053 4821 29
1072 4772 1118 4840 γὰρ
1137 4770 1265 4823 brrbl'ict.
1337 4773 1368 4825 31
1389 4771 1569 4840 τε]ἐπ1οοιιί.

217 4852 256 4918 Sp.
339 4851 373 4905 32
392 4851 492 4923 φὺσεως
506 4855 573 4906 vict.
586 4857 642 4919 Spa
662 4854 766 4924 σήψεως
787 4856 846 4908 libri
925 4856 951 4908 έν
964 4855 1120 4929 θερμότητος
1138 4859 1207 4910 aba
1287 4860 1320 4912 35
1339 4858 1506 4930 (θερμότητος
1523 4865 1570 4930 τῆς

217 4938 306 5004 (immo
324 4941 377 5011 τῇ)
397 4939 400 5010 ψ
422 4941 447 4992 δν
465 4941 515 5011 τῷ)
533 4959 587 5012 περ.
610 4943 673 4997 vict.
758 4944 790 4995 36
809 4944 926 5014 τοιαὺτης
944 4946 1049 5013 scripsi:
1062 4950 1114 5014 τῆς
1132 4946 1200 5009 libri,
1220 4946 1251 4998 cf.
1266 4947 1280 4997 l.
1297 4963 1318 4998 c.
1339 4946 1425 4999 127ι1
