3540 5610
212 303 274 366 144
464 298 628 371 [ΑΠΟΡΙΩΝ
648 298 709 355 ΚΑΙ
728 298 861 355 ΛΥΣΕΩΝ
881 297 1024 355 31331οΝ
1042 296 1229 354 ΤΕΤΑΡΤΟΝ
1247 301 1271 353 2.
1284 300 1313 369 3]

266 475 418 538 κολουδεῖν
439 479 477 559 τῆ
500 474 668 559 εὐδαιμονίᾳ
691 476 739 537 καὶ
761 474 834 536 εἶναι
858 478 978 555 σημεῖον
1001 479 1053 557 τῆς
1075 472 1234 557 παρουσίας
1255 471 1355 556 αὐτῆς.
1391 473 1460 537 ὅσον
1484 473 1517 536 δέ

264 578 337 662 πρὸς
358 579 390 641 τὸ
406 579 624 661 ἀνεμποδίστως
647 578 770 661 ἐνεργεῖν
794 575 923 660 δεύμεδα
945 577 1017 660 πρδς
1038 576 1088 645 τάς
1104 577 1218 661 ἀρετάς,
1241 574 1309 639 καθ’
1329 575 1365 645 ἃς
1387 574 1438 644 τὰς
1461 597 1518 637 τοι·
1532 589 1561 632 ευ

264 681 351 748 αύτας
378 679 453 765 (δεῖ)
479 681 603 765 ἐνεργεῖν
630 681 788 764 ἐνεργείας,
819 684 955 744 τοσούτου
982 680 1170 742 ἀπολείπεται
1196 683 1244 743 καὶ
1270 681 1289 763 ἡ
1317 678 1381 743 κατ’
1408 679 1518 762 ἀρετὴν

267 781 394 866 ἐνέργεια
415 789 466 846 τού
488 785 521 847 τὸ
544 785 631 847 πλέον
658 783 737 869 ἔχειν
764 785 793 846 ἐν
818 783 904 865 αύτῆ.
951 782 1068 865 ὅτιμὲν
1092 784 1314 866 ἀνδραποδῶδες
1339 783 1373 845 τδ
1396 782 1451 865 τῆν
1473 781 1519 844 εύ-

228 903 243 953 5
262 886 410 968 δαιμονίαν
432 888 566 950 τίδεσδαι
595 888 625 950 ἐν
647 893 710 954 ταῖς
732 892 911 970 σωματικαῖς
934 887 1050 969 ἡδοναῖς
1077 889 1125 950 καὶ
1151 891 1194 970 τῴ
1218 887 1425 970 ἀπολαυστικῷ
1449 885 1517 969 βίῳ,

263 989 370 1057 ἱκανῶς
393 990 481 1058 αύτδς
503 990 658 1060 ἐνεδείξατο
687 989 734 1052 διὰ
757 994 807 1051 τού
834 992 869 1051 τά
896 1012 929 1052 τε
950 989 1117 1072 ἀνδράποδα
1144 990 1192 1053 καί
1214 989 1251 1052 τὰ
1273 988 1446 1074 βοσκήματα
1468 989 1518 1050 τδν
1531 1002 1560 1045 ιο

262 1096 390 1154 τοιοῦτον
414 1093 474 1177 βίον
490 1093 603 1177 κρίνειν,
626 1093 673 1156 καὶ
689 1091 730 1154 ἔτι
746 1091 793 1154 διὰ
815 1096 865 1154 τού
881 1091 1125 1176 Σαρδαναπάλου·
1160 1091 1203 1155 ὅτι
1226 1093 1258 1156 δὲ
1275 1092 1350 1175 μηδὲ
1373 1091 1404 1154 ἐν
1420 1095 1484 1159 ταῖς
1508 1086 1513 1177 Ι

262 1194 335 1256 κατὰ
357 1196 457 1279 ψυχὴν
480 1195 632 1279 ἐνεργείαις
654 1196 684 1258 αἱ
706 1194 844 1278 ἐνέργειαι
860 1200 913 1277 τῆς
935 1196 1042 1278 ἡδονῆς
1064 1196 1160 1280 χάριν,
1184 1196 1258 1258 ἀλλά
1278 1197 1297 1278 ἡ
1319 1197 1409 1279 ἡδονὴ
1434 1200 1493 1258 τῶν
1517 1200 1569 1257 m

262 1293 422 1379 ἐνεργειῶν,
445 1300 542 1381 δῆλον.
577 1298 603 1360 εἰ
624 1297 677 1381 γὰρ
701 1298 749 1360 καὶ
772 1296 815 1360 δτι
831 1297 955 1377 μάλιστα
977 1299 1073 1380 ἡδεῖαι
1095 1299 1124 1360 αἱ
1147 1296 1209 1360 κατ’
1232 1298 1336 1382 ἀρετὴν
1359 1297 1513 1381 ἐνέργειαι,

212 1418 243 1466 10
262 1398 325 1461 ἀλλ’
353 1399 387 1462 οὐ
410 1406 462 1483 τῆς
483 1424 516 1482 γε
542 1402 649 1485 ἡδονῆς
676 1401 761 1464 ἕνεκα
784 1401 1008 1475 σπουδάζονται,
1036 1399 1102 1463 ἀλλ’
1130 1397 1264 1482 ἔμπαλιν.
1308 1400 1359 1470 τὰς
1382 1401 1436 1480 μὲν
1458 1400 1514 1484 γὰρ
1543 1417 1557 1459 ε

262 1500 325 1565 κατ’
354 1503 460 1586 άρετὴν
487 1503 629 1588 ἐνεργείας
655 1503 832 1586 αἱρούμεθα,
864 1501 916 1566 κάν
943 1502 1037 1586 λύπης
1062 1504 1111 1565 καὶ
1142 1503 1237 1567 πύνων
1265 1504 1352 1567 αἰτίαι
1379 1503 1518 1586 γίνωνταί

263 1629 343 1677 ποτε,
367 1609 406 1676 ῶς
429 1607 477 1668 ἐπὶ
500 1613 557 1669 τῶν
581 1605 655 1669 κατὰ
676 1607 728 1690 τὴν
744 1606 875 1689 ἀνδρείαν
898 1607 1049 1690 ἐνεργειῶν
1071 1607 1187 1689 γίνεται,
1210 1607 1317 1691 ἡδυνάς
1339 1607 1371 1671 δέ
1385 1606 1515 1692 αίσχράς

262 1707 400 1772 οὐδέποτε
422 1710 569 1792 αἱρεῖσθαι
591 1707 720 1791 εὔλογον,
744 1711 819 1773 ὥστε
841 1711 867 1772 εἰ
889 1711 919 1772 αἱ
943 1710 994 1793 μέν
1019 1709 1081 1773 κατ’
1103 1711 1208 1795 ἀρετὴν
1230 1710 1368 1795 ἐνέργειαι
1390 1709 1514 1793 αἱρεταί,

261 1809 315 1873 κάν
338 1812 411 1892 μετὰ
433 1811 527 1896 λύπης
550 1813 635 1890 ῶσιν,
664 1812 680 1875 δ
703 1813 827 1876 ἐναντίον
855 1813 915 1876 ἐστὶ
943 1815 980 1896 τῆ
1004 1815 1113 1897 ἡδονῆ,
1140 1815 1170 1877 αἱ
1193 1815 1226 1878 δέ
1248 1815 1349 1897 ἡδοναὶ
1372 1813 1515 1878 οὐδέποτε
1530 1828 1557 1871 ιο

212 1935 241 1983 15
261 1915 372 1999 αἱρεταὶ
388 1915 461 1997 μετὰ
483 1919 534 1978 τού
549 1917 678 1979 ἐναντίου
702 1920 739 1998 τῆ
757 1917 846 1999 ἀρετῆ
870 1939 900 1978 τε
924 1918 971 1978 καὶ
995 1920 1038 2001 τῴ
1055 1920 1148 2001 καλῷ,
1172 1919 1260 2001 δῆλον
1277 1920 1317 1986 ῶς
1331 1917 1383 1985 τὰς
1404 1915 1514 2000 ἡδονάς

261 2018 308 2081 διὰ
330 2017 382 2087 τὰς
404 2018 452 2081 ἐπὶ
474 2022 535 2088 ταῖς
558 2018 622 2082 κατ’
651 2020 755 2104 άρετῆν
777 2020 926 2102 γινομένας
949 2019 1102 2104 ἐνεργείαις
1124 2020 1297 2104 αἱρούμεθα,
1322 2021 1370 2084 καὶ
1392 2020 1442 2083 διὰ
1462 2018 1516 2088 τάς

262 2121 394 2191 τοιαύτας
417 2121 568 2205 ἐνεργείας.
614 2125 738 2205 μάλιστα
760 2122 785 2185 δ’
814 2121 848 2185 ἀν
872 2123 1032 2208 διακριδείη
1059 2128 1157 2199 τούτο,
1187 2124 1214 2186 εί
1239 2127 1277 2207 τῆ
1301 2123 1385 2208 φύσει
1409 2123 1514 2187 ἐπακο·
1529 2139 1555 2181 ιι

260 2224 458 2309 λουδὴσαντες
473 2225 703 2309 κατανυὴσαιμέν
727 2248 757 2288 τε
778 2227 824 2288 καὶ
840 2226 988 2310 λάβοιμεν,
1011 2224 1132 2310 πότερον
1148 2226 1271 2310 ποτέρου
1288 2228 1373 2312 χάριν
1389 2228 1408 2310 ἡ
1425 2227 1513 2312 φύσις

257 2329 327 2410 ἡμῖν
342 2327 429 2396 εὐδὺς
448 2326 606 2409 γινομένοις
628 2325 735 2391 ἔδωκεν
758 2330 810 2411 τῆν
832 2327 978 2411 ἐνέργειαν
1001 2330 1048 2391 διά
1071 2330 1122 2412 τὴν
1142 2331 1259 2413 ἡδονήν,
1284 2330 1303 2413 ἡ
1326 2329 1378 2413 τῆν
1401 2330 1511 2414 ἡδονὴν

207 2451 240 2498 20
259 2431 306 2495 διὰ
328 2430 379 2500 τὰς
402 2431 553 2514 ἐνεργείας.
592 2431 666 2493 ἀλλά
690 2433 747 2515 μὴν
769 2435 913 2516 γνώριμον
936 2434 969 2495 τὸ
991 2432 1043 2515 τῆν
1067 2433 1174 2515 ἡδυνὴν
1197 2439 1257 2502 τοῖς
1280 2429 1368 2517 ζῴοις
1390 2432 1439 2495 διὰ
1461 2433 1555 2501 τάςεο

260 2534 401 2619 ἐνεργείας
425 2536 481 2597 ύιτδ
503 2539 554 2617 τῆς
570 2534 687 2618 φύσεως
709 2534 855 2605 δεδύσδαι,
879 2536 905 2597 εἰ
921 2535 1021 2617 μέλλοι
1045 2536 1206 2606 σώζεσθαι·
1231 2536 1370 2600 ἀδύνατον
1393 2538 1448 2622 γὰρ
1463 2537 1513 2600 ού

258 2644 317 2707 τοῖς
345 2639 385 2721 μῆ
413 2637 608 2722 τρεφομένοις.
654 2637 748 2722 τούτῳ
771 2638 824 2721 τὴν
854 2639 902 2700 ἐπὶ
928 2644 990 2707 ταῖς
1016 2644 1136 2722 τροφαῖς
1162 2639 1270 2722 ἡδονὴν
1298 2637 1406 2724 ἔχομεν
1434 2638 1506 2723 παρ’

258 2741 362 2824 αὐτῆς,
386 2738 422 2803 δι’
451 2741 618 2824 ἡνὴδονῆν
642 2740 784 2824 ζητοῦμέν
807 2765 840 2804 τε
861 2743 913 2824 τὴν
935 2743 1046 2826 τρυφῆν
1070 2743 1110 2826 μῆ
1134 2747 1282 2826 παροῦσαν
1305 2745 1352 2805 καὶ
1375 2743 1512 2827 παρυύση
1526 2760 1554 2802 ὅ

259 2844 419 2928 χρῶμεδα,
451 2844 503 2926 τῆν
531 2844 589 2905 ἀπὸ
616 2850 673 2905 τῶν
703 2844 856 2928 βελτιόνων
883 2846 1024 2929 ἀσχολίαν
1050 2845 1202 2929 γινομένην
1230 2846 1301 2909 ποτέ
1329 2846 1376 2908 διὰ
1406 2846 1513 2930 ταύτης

206 2967 238 3015 ‘25
257 2945 526 3031 παραμυθούμενοι.
572 2948 751 3010 παντάπασιν
778 2948 833 3032 γάρ
860 2947 967 3010 ἄτοπον
994 2948 1027 3009 τὸ
1055 2947 1146 3031 λέγειν
1174 2948 1332 3032 τρέφεσθαι
1360 2950 1439 3031 ἡμᾶς
1468 2951 1509 3033 μῆ

261 3053 300 3118 ῶς
316 3047 555 3135 σωδησοβμένους
577 3049 625 3111 διὰ
640 3049 754 3125 τούτου,
777 3049 837 3112 ἀλλ’
859 3051 930 3134 ὑπὲρ
946 3056 997 3134 τῆς
1012 3053 1120 3134 ἡδονῆς
1142 3045 1195 3135 τῆς
1216 3049 1262 3114 ἐπ’
1283 3053 1375 3136 αύτῷ.
1411 3052 1488 3115 ἀλλὰ
1512 3061 1564 3116 277

259 3155 308 3217 καὶ
331 3155 383 3238 τῆν
399 3152 598 3235 ἐπιγινομένην
621 3158 680 3222 τοῖς
700 3154 879 3237 ἀφροδισίοις
897 3155 1014 3237 ἡδονήν,
1038 3153 1069 3216 εῖ
1081 3177 1121 3222 τις
1143 3161 1274 3239 φυσικῶς
1296 3155 1433 3231 ἐξετάζοι,
1457 3156 1512 3219 ούκ

257 3255 347 3319 ἄλλου
378 3259 463 3342 χάριν
494 3255 612 3339 εύρὴσει
643 3257 885 3341 παρεσπαρμένην
917 3258 935 3340 ἡ
963 3262 1014 3341 τῆς
1044 3258 1236 3334 τεκνοποιίας,
1268 3258 1350 3327 ὅπως
1376 3258 1432 3322 ύπδ
1459 3266 1512 3344 τῆς
1539 3277 1554 3320 ε

258 3362 365 3444 ἡδονῆς
388 3358 637 3444 παραπεμπόμενα
664 3359 699 3421 τὰ
723 3363 787 3441 ζῷα
810 3362 850 3443 μὴ
874 3361 946 3443 δκνῆ
974 3362 1046 3444 πρὸς
1068 3361 1116 3423 τὸν
1140 3360 1336 3445 ουνδυασμύν,
1364 3360 1396 3430 ὃς
1419 3362 1511 3434 αἴτιος

207 3481 241 3530 30
259 3467 311 3546 τῆς
338 3462 401 3525 κατ’
433 3462 509 3531 εἶδος
535 3468 596 3531 τοῖς
626 3459 712 3545 ζῴοις
744 3461 919 3546 ἀιδιότητος.
949 3461 986 3526 δι’
1021 3464 1056 3547 ἡν
1084 3466 1130 3526 καὶ
1160 3464 1246 3527 αὐτὸν
1278 3465 1428 3548 συμβαίνει
1461 3468 1511 3530 τδν

258 3563 366 3645 κύαμον
394 3565 494 3647 ὅμοιον
523 3567 568 3627 ἀεὶ
598 3564 691 3646 μένειν
720 3564 827 3648 ἑαυτῷ.
872 3566 898 3627 εί
920 3567 952 3628 δὲ
979 3572 1112 3649 φανερῶς
1140 3566 1187 3629 ἐπὶ
1216 3566 1323 3629 τούτων
1350 3568 1381 3630 αἱ
1408 3570 1512 3651 ἡδοναὶ

257 3672 316 3736 τοῖς
344 3668 430 3752 ζῴοις
455 3669 578 3749 γίνονται
605 3673 662 3728 τῶν
690 3667 841 3750 ἐνεργειῶν
868 3669 968 3751 χάριν,
1001 3671 1047 3731 καὶ
1071 3669 1118 3731 ἐπὶ
1145 3675 1203 3731 τῶν
1232 3667 1328 3732 ἀλλων
1356 3669 1511 3754 ἐνεργειῶν
1526 3690 1553 3732 ιο

257 3775 315 3833 τῶν
339 3771 412 3832 κατὰ
435 3771 520 3854 φύσιν
548 3769 640 3837 οὕτως
667 3767 745 3854 ἔχειν
774 3768 901 3852 εὔλογον.
946 3769 990 3832 δτι
1012 3772 1045 3833 δέ
1072 3769 1118 3855 ἐφ’
1147 3773 1188 3833 ῶν
1216 3775 1394 3858 συνυπάρχει
1421 3775 1454 3837 τύ
1479 3801 1511 3841 τε

257 3874 344 3935 καλὸν
368 3875 414 3936 καὶ
437 3875 455 3957 ἡ
479 3874 581 3955 ἡδονὴ,
605 3871 638 3935 ού
661 3873 693 3934 εδ
717 3875 805 3935 καλὸν
828 3879 880 3956 τῆς
901 3875 1009 3956 ἡδονῆς
1031 3877 1116 3959 χάριν
1139 3875 1262 3956 αἱρετόν,
1286 3873 1344 3939 ἀλλ’
1372 3879 1392 3960 ἡ
1416 3880 1510 3963 ἡδονὴ

204 3995 237 4042 35
256 3982 306 4039 τοῦ
329 3980 429 4050 καλοῦ,
459 3978 547 4057 δῆλον
569 3975 625 4058 (ῶς
647 3975 835 4058 ἐμνὴσδημεν
858 3975 931 4060 ἤδη)
956 3976 989 4040 ἐκ
1012 3982 1077 4051 τοῦ,
1105 3978 1131 4040 εί
1153 3977 1189 4062 ἡν
1216 3982 1268 4062 τῆς
1295 3980 1402 4063 ἡδονῆς
1424 3986 1512 4069 χάριν
1527 4002 1552 4044 ιι

203 4205 219 4257 2
238 4212 291 4261 ταῖς
309 4205 407 4274 ἀρεταῖς
425 4206 554 4258 Schwartz
644 4208 659 4258 3
679 4205 715 4259 δεῖ
733 4206 884 4259 add.s··’13·²a
897 4211 940 4273 Sp.
1030 4208 1045 4258 4
1065 4212 1109 4259 τού
1128 4207 1157 4259 τὸ
1176 4209 1228 4260 Βέ
1246 4211 1303 4277 Sp.:
1322 4216 1397 4264 τοῦτο
1412 4217 1493 4267 VFB¹

202 4293 285 4345 πλεῖον
305 4312 321 4344 υ
338 4296 395 4360 Sp.:
424 4293 508 4346 τέλεον
528 4295 656 4346 Schwartz
763 4294 827 4368 αύςῆ
848 4299 870 4346 V
977 4300 1022 4362 μὲν
1046 4295 1090 4347 οὖν
1111 4297 1168 4348 v²B
1192 4298 1258 4349 vict.
1277 4301 1320 4365 Sp.
1436 4302 1453 4354 6
1477 4304 1563 4357 ἐνεδεί-

203 4381 274 4446 ξατο]
299 4382 355 4433 Eth.
378 4381 435 4434 Nic.
455 4383 473 4445 l,
488 4384 510 4433 3.
535 4382 724 4450 1095b14sqq.
844 4384 858 4433 7
884 4381 1078 4450 Σαρδανάπαλον
1099 4388 1121 4435 V
1233 4387 1339 4456 ὃχάριν
1358 4388 1417 4439 coll.
1438 4396 1501 4444 ante
1519 4396 1563 4460 τῆς

202 4473 260 4522 FSa
366 4469 479 4539 δὴδτιαι
500 4471 534 4520 V¹
642 4470 674 4520 10
692 4489 719 4537 γε
738 4471 819 4522 Diels:
845 4488 871 4522 τε
890 4470 962 4523 libri:
987 4488 1036 4523 om.
1055 4473 1132 4538 aSp.
1243 4474 1273 4525 16
1292 4472 1331 4525 διὰ
1349 4475 1393 4532 τὰς
1411 4490 1493 4529 οπερ

202 4555 252 4624 ἐπί]
276 4557 302 4607 ἐν
324 4575 339 4607 ιι
361 4561 404 4623 Sp.
512 4559 641 4626 γινομένας
665 4560 704 4624 (ας
723 4560 751 4609 in
773 4560 811 4610 lit.
830 4560 863 4624 B)
882 4562 922 4610 Ba
943 4564 999 4624 Spa
1029 4562 1169 4628 γινομέναις
1189 4564 1233 4612 VF
1341 4561 1374 4613 22
1393 4564 1478 4634 τούτῳ
1492 4568 1563 4620 VB¹:

201 4644 299 4696 τούτων
318 4645 382 4697 δ’δε
402 4645 454 4714 ζῆν,
475 4644 511 4696 διδ
530 4645 612 4698 s²B·²a
631 4649 687 4713 Sp.:
708 4646 817 4699 sortasse
835 4647 928 4698 τοῦτο’
949 4666 997 4699 τοι
1015 4649 1045 4698 cf.
1066 4650 1097 4700 de
1116 4665 1158 4700 an.
1176 4649 1244 4713 825.
1265 4649 1321 4716 97‚1
1433 4652 1466 4706 25
1485 4673 1564 4726 παρα-

202 4732 360 4800 μυθούμενος
379 4734 413 4783 V¹
434 4736 508 4799 (corr.
529 4735 575 4797 V‘)
682 4734 716 4785 30
735 4733 813 4804 αύτῆν
834 4737 868 4786 V¹
889 4737 963 4801 (corr.
983 4739 1030 4801 νδ)
1137 4736 1277 4805 συμβαίνει]
1304 4738 1339 4806 μβ
1359 4741 1388 4791 in
1407 4741 1447 4792 lit.
1468 4746 1492 4790 V

202 4819 235 4872 33
259 4819 421 4892 συνυπάρχει]
441 4839 455 4871 υ
474 4837 512 4887 pr.
532 4823 560 4872 in
579 4821 617 4872 lit.
632 4822 700 4874 4-5
719 4822 769 4874 litt.
792 4828 813 4874 V
921 4824 953 4874 34
977 4822 1006 4875 τύ
1025 4825 1125 4893 ζὴτημα
1144 4829 1218 4877 τοῦτο
1238 4827 1372 4895 γέγραπται
1391 4828 1509 4890 αύτολιξὶ
1528 4825 1562 4882 δι’

201 4905 260 4959 ὅλου
279 4913 323 4960 τού
342 4912 372 4967 ῖς
391 4907 529 4978 κεφαλαίου
550 4914 572 4960 V
592 4926 641 4978 mg.
663 4910 694 4961 cf.
714 4910 782 4962 infra
805 4912 893 4974 1:31‚17
908 4927 944 4978 sq.
