3540 5610
869 1465 902 1539 ΙΙ

519 1653 584 1727 DE
614 1650 870 1727 CODIOIBUS
902 1653 1250 1745 QUAESTIONUM

288 1956 468 2024 Alexandri
484 1955 697 2036 Quaestiones
719 1957 805 2024 edidi
827 1957 870 2023 ad
889 1978 1033 2024 normam
1056 1958 1125 2025 eius
1148 1959 1277 2043 oodiois,
1300 1980 1363 2043 quo
1386 1982 1449 2026 uno
1473 1963 1565 2028 nobis

202 2087 356 2145 servatae
378 2085 463 2162 sunt,
486 2076 609 2144 Vnsnm
631 2077 795 2144 Minoum
818 2078 891 2144 258.
932 2078 973 2144 de
995 2098 1058 2161 quo
1081 2078 1211 2162 copiose
1234 2078 1284 2162 egi
1306 2078 1339 2144 in
1362 2079 1563 2163 praefatione
1586 2082 1613 2144 V

205 2196 382 2264 voluminis
404 2197 520 2282 prioris
541 2219 572 2284 p.
589 2198 669 2282 Vsq.
692 2218 777 2265 nuno
799 2197 880 2264 bueo
902 2204 935 2264 et
956 2204 1067 2283 repeto
1091 2206 1123 2264 et
1144 2197 1241 2264 addo.
1489 2284 1492 2289 ἦ

290 2316 560 2385 Membranaoeus
582 2324 631 2384 est
652 2317 773 2384 saeouli
796 2316 921 2401 decimi,
944 2316 1028 2382 foliis
1051 2324 1178 2382 constat
1194 2318 1258 2382 324
1279 2317 1401 2385 formae
1424 2319 1565 2405 minoris,

206 2436 270 2503 boe
291 2435 406 2503 ordine
429 2436 661 2517 Quaestionum
684 2437 782 2502 libros
804 2437 959 2504 eontinet:
987 2437 1041 2504 fol.
1060 2438 1177 2502 1-36'
1200 2438 1316 2504 librum
1338 2441 1459 2523 vulgati
1484 2440 1566 2505 ordi·

204 2556 257 2622 nis
280 2562 439 2641 quartum,
462 2556 614 2622 etr-69¹
628 2554 743 2621 librum
760 2555 906 2642 primum,
940 2558 1134 2623 nor-290*
1150 2558 1336 2642 seeundum,
1371 2561 1564 2625 2911--3221v

203 2675 346 2743 tertium.
379 2674 603 2744 intermediam
627 2682 752 2762 partem
768 2677 818 2743 De
832 2677 941 2742 anima
964 2677 1035 2742 libri
1059 2677 1122 2742 duo
1146 2677 1200 2760 qui
1222 2676 1366 2743 feruntur
1385 2686 1418 2745 et
1433 2680 1483 2746 De
1498 2680 1564 2746 fato

205 2796 438 2862 commentatio
459 2803 627 2882 oeoupant.
672 2795 776 2879 quarti
799 2803 907 2861 antem
930 2797 1052 2880 vulgati
1081 2796 1201 2861 ordinis
1231 2795 1303 2862 libri
1326 2797 1438 2863 titulus
1460 2805 1510 2865 est
1531 2799 1564 2864 in

203 2913 331 2980 Veneto
354 2917 502 3000 σχολικῶν
512 2915 537 3000 ¹)
558 2916 671 3002 ἠθικῶν
694 2915 908 3000 προβλημάτων
937 2917 1045 3001 βιβλίον
1074 2929 1103 2992 οῖ,
1133 2937 1205 2981 oum
1232 2917 1372 3000 capitum
1400 2938 1565 2985 enumera·

202 3154 323 3221 iterata
355 3153 388 3219 in
415 3156 505 3221 oaloe
526 3155 609 3240 libri,
641 3155 691 3222 oui
718 3161 889 3238 praeterea
915 3155 1023 3222 littera
1043 3154 1067 3219 Z
1089 3155 1271 3239 subscripta
1297 3162 1356 3239 est,
1384 3176 1466 3239 quae
1488 3158 1565 3240 qnid

202 3273 365 3357 significet
386 3293 451 3339 non
474 3274 569 3341 video
580 3273 614 3361 ¹).
657 3273 764 3340 differt
786 3272 991 3359 physicorum
1014 3272 1167 3339 librorum
1189 3295 1321 3341 nomen:
1342 3282 1473 3360 φυσικῶν
1497 3298 1563 3362 σχο-

201 3392 330 3481 taxeo&
358 3395 486 3478 ἀποριῶν
508 3396 557 3459 καὶ
579 3395 691 3460 λύσεων
713 3408 733 3459 ᾶ
756 3381 774 3480 β
795 3408 821 3477 γ.
866 3392 941 3459 inde
964 3400 1053 3479 patet
1075 3415 1139 3459 non
1163 3415 1273 3478 unum,
1297 3394 1354 3460 sed
1376 3395 1440 3461 duo
1463 3416 1564 3481 opera

202 3512 456 3593 Quaestionibus
482 3513 653 3598 contineri,
685 3533 819 3596 quorum
849 3512 965 3598 prioris
994 3519 1122 3596 praeter
1150 3513 1285 3597 primum
1312 3515 1410 3580 aeteri
1438 3515 1564 3599 periere

201 3633 287 3720 libri,
309 3633 443 3701 alterius
464 3640 531 3700 tres
553 3641 674 3700 extant
719 3639 931 3700 servaverunt
950 3631 1117 3716 pristinam
1137 3632 1221 3698 bano
1241 3634 1478 3699 distinctionem
1502 3635 1562 3698 soli

202 3754 364 3821 Marciani
386 3752 449 3818 258
471 3759 504 3818 et
525 3752 598 3818 261.
632 3751 745 3835 reliqui
768 3773 807 3819 eo
830 3759 961 3817 utuntur
983 3751 1106 3834 ordine,
1128 3772 1190 3834 quo
1207 3752 1315 3816 Viotor
1330 3753 1561 3838 Trinoavellns,

203 3874 356 3959 prineeps
377 3872 491 3957 editor,
514 3873 613 3940 libros
634 3870 801 3955 disposuit.

291 3992 415 4059 Eadem
441 3991 621 4077 diligentia,
649 4011 713 4074 qua
740 4010 781 4057 ex
807 3998 935 4058 vetusto
963 3993 1111 4075 exemplo
1135 3992 1185 4056 De
1215 3990 1324 4056 anima
1352 3991 1467 4057 librum
1495 4014 1566 4058 oum
1590 3994 1631 4057 Vl

202 4113 361 4179 mantissa
382 4112 552 4198 deseripsit
573 4111 723 4178 librarius
745 4112 864 4178 oodiois
880 4113 918 4189 V,
941 4133 1018 4177 usus
1040 4120 1089 4178 est
1111 4111 1143 4176 in
1160 4109 1417 4189 Quaestionibus.
1462 4114 1561 4178 mino-

201 4234 247 4299 ris
269 4232 400 4317 quidem
422 4231 593 4298 voluminis
619 4231 795 4316 particulas
822 4238 857 4296 nt
879 4231 941 4315 μέν,
968 4231 1011 4305 δέ,
1038 4234 1093 4316 γάρ
1119 4230 1236 4295 similia
1261 4250 1361 4316 saepe
1387 4239 1443 4297 aut
1465 4252 1563 4317 supra

200 4359 258 4418 aut
285 4350 370 4417 inira
397 4370 524 4417 versum
554 4349 689 4433 addidit,
722 4348 780 4416 sed
814 4368 888 4414 raro
916 4349 1120 4415 inveniuntur
1153 4369 1259 4434 voees,
1296 4371 1376 4433 quas
1407 4351 1440 4416 in
1473 4358 1561 4417 textu

200 4471 340 4537 omissas
358 4471 392 4536 in
407 4470 551 4554 margine
565 4468 706 4536 debebat
720 4470 879 4554 supplere,
903 4467 942 4533 of.
961 4469 1072 4553 1233?
1097 4469 1187 4553 128,l
1213 4471 1304 4553 131‚9
1330 4471 1443 4554 14⁰,13
1470 4472 1561 4554 146‚3

276 4643 296 4706 ¹)
314 4639 469 4712 urst-optes)
487 4642 660 4711 supplendum
679 4658 736 4694 esse
752 4642 901 4710 auspicatur
914 4641 994 4704 Diels,
1012 4643 1029 4693 i.
1040 4660 1061 4694 e.
1075 4643 1217 4708 quaerendi
1235 4649 1297 4694 sunt
1316 4643 1375 4695 libri
1389 4644 1496 4694 morales
1516 4645 1560 4710 oui

201 4734 264 4799 post
287 4731 400 4799 primum
418 4729 520 4782 desunt.
562 4730 682 4784 similiter
701 4731 749 4783 boo
768 4735 871 4799 signum
895 4731 923 4782 in
943 4731 1043 4782 lacunis
1067 4731 1105 4782 rel
1130 4730 1230 4782 mendis
1257 4748 1273 4781 a
1295 4731 1408 4783 librariis
1430 4732 1557 4783 interdum

200 4818 324 4873 adbiberi
342 4824 433 4871 notum
452 4822 499 4871 est.

271 4905 295 4972 ¹)
314 4904 425 4978 agallim
443 4912 504 4959 ante
522 4904 664 4958 seeundum
684 4910 709 4959 et
727 4906 831 4958 tertium
856 4907 957 4959 librum.
