3540 5610
1507 190 1531 249 θ

205 297 248 365 80
406 356 419 379 .
679 296 885 352 ALEXANDRI
906 296 951 351 DE
974 295 1083 350 hhnni

259 478 353 557 φήσαι
379 474 398 557 ή
421 474 573 558 ἀποφῆσαι
600 478 714 557 πρῶτον
740 469 821 534 αιίτό.
867 472 886 555 ή
909 470 963 555 γὰρ
991 471 1056 555 περὶ
1083 469 1119 532 τά
1134 471 1286 554 ,πρακτικὰ
1314 472 1431 557 τοιαύτη
1454 476 1505 536 τοῦ

258 576 392 661 ἐμψύχου
415 577 546 645 διάθεσις
567 576 644 639 αἰτία
666 580 718 658 τῆς
740 574 816 638 κατά
836 572 924 636 τόπον
947 573 1097 656 κινήσεως.
1134 575 1182 637 καὶ
1204 574 1259 658 γὰρ
1282 574 1329 638 ἐπὶ
1352 581 1409 639 τών
1431 579 1505 658 λογι·

245 683 318 756 Ικιῖιν
340 679 485 763 πράξεων,
515 680 591 762 λέγω
614 663 784 760 δὲ’λογικάς
810 676 861 746 τάς
883 676 939 739 ich
967 681 1024 738 τῶν
1047 679 1169 759 λογικῶν
1197 680 1301 742 τεκαὶ
1324 678 1504 761 κατὰλόγον

257 781 320 844 τινὰ
342 783 553 866 πραττομένας,
580 781 663 845 αὗται
686 780 719 844 δέ
740 781 811 843 εἰσιν
837 781 878 842 ών
900 779 985 862 λόγος
1007 783 1188 862 προηγεῖται,
1216 781 1250 849 ἀς
1271 782 1319 844 καὶ
1342 783 1449 866 κυρίως
1470 779 1505 844 ἀν
1518 797 1548 839 ιο

230 898 298 952 υτις
319 885 434 968 πράξεις
455 885 550 968 λέγοι,
577 883 756 948 καὶτούτων
779 884 815 966 δὴ
839 885 858 965 ἡ
881 882 958 966 ὁρμὴ
986 881 1034 945 καλ
1056 883 1075 965 ἡ
1100 880 1191 965 ὄρεξις
1213 884 1299 948 αἰτία.
1344 884 1427 947 οὐδὲν
1449 884 1504 968 γὰρ

258 985 362 1071 ὄφελος
384 993 434 1051 τοῦ
461 987 673 1074 βουλεύσασθαι
700 989 766 1071 περὶ
791 990 842 1048 τοῦ
870 984 1028 1069 πρακτέου,
1055 985 1081 1047 εἰ
1113 987 1153 1069 μή
1177 987 1225 1048 καὶ
1248 988 1414 1072 προαίρεσις
1435 987 1502 1049 ἐπα·
1613 1026 1618 1033 -

257 1091 451 1175 κυλουθήσαι,
480 1092 543 1176 ήτις
565 1091 642 1154 ἐστὶν
666 1088 756 1174 ὄρεξις
782 1088 963 1173 βουλευτική.
1009 1091 1050 1156 ώς
1072 1088 1126 1170 γὰρ
1148 1088 1179 1151 ἐν
1206 1091 1266 1158 τοῖς
1288 1090 1450 1174 θεωρητοῖς
1472 1089 1504 1152 τδ

256 1192 451 1277 συμπέρασμα
474 1195 505 1256 τδ
527 1194 575 1257 ἐπὶ
598 1196 658 1262 τοῖς
672 1191 900 1276 λαμβανομένοις
923 1190 1104 1274 δεικνύμενον
1127 1192 1266 1273 ήγνώσίς
1288 1193 1350 1256 ἐστι
1364 1197 1415 1255 τοῦ
1438 1214 1505 1275 προ-

255 1294 397 1378 κειμένου,
422 1296 514 1366 οότως
535 1298 565 1360 ἐν
581 1302 640 1366 τοῖς
662 1298 800 1380 πρακτοῖς
822 1295 841 1377 ἡ
862 1293 962 1377 πρᾶξις
984 1293 1017 1356 τδ
1040 1296 1092 1377 τῆς
1114 1294 1285 1378 βουλήσεως
1305 1296 1413 1377 γίνεται
1435 1315 1505 1376 συμ-

216 1412 243 1456 10
256 1396 400 1481 πέρασμα.
449 1398 512 1481 ἀμα
538 1423 569 1462 τε
595 1399 648 1482 γάρ
675 1395 812 1482 ἐδείχθη,
840 1394 884 1458 ότι
910 1396 968 1480 χρὴ
997 1397 1184 1478 μεταδιώκειν
1211 1420 1238 1458 τι
1264 1396 1283 1480 ή
1309 1397 1424 1481 φεόγειν
1452 1395 1506 1460 κάν

256 1503 275 1583 ή
300 1499 390 1585 ὄρεξις
411 1507 453 1585 τιβ
470 1501 616 1585 δειχθέντι
639 1500 783 1582 συνοδεόη
805 1503 889 1561 τοῦτο
904 1499 1020 1580 γίνεται,
1044 1497 1078 1561 ἂν
1100 1500 1140 1581 μή
1157 1522 1183 1562 τι
1206 1499 1239 1562 τδ
1261 1500 1373 1563 κωλόον
1396 1499 1506 1571 ἔξωθεν

255 1599 287 1685 ᾖ.
333 1603 425 1687 ὁγὰρ
448 1604 588 1689 ἐννοήσας
610 1602 653 1667 δτι
676 1603 760 1666 παντλ
783 1602 931 1687 ἀνθρώπῳ
956 1600 1180 1684 περιπατητέον,
1197 1602 1261 1681 ἐγώ
1285 1603 1317 1665 δέ
1339 1603 1505 1688 ἀνθρωπος,
1519 1619 1547 1661 ⁸
1616 1588 1626 1607 ”

256 1705 453 1790 συμπέρασμα
475 1710 598 1770 ποιεῖται
625 1711 682 1769 τῶν
709 1704 924 1789 προειρημένων
950 1706 1118 1788 προτάσεων
1148 1705 1181 1767 τδ
1208 1711 1384 1790 περιπατεῖν.
1429 1707 1505 1770 ἀλλά

258 1809 306 1871 καλ
330 1808 345 1871 ό
368 1809 506 1894 ἐννοήσας
529 1808 573 1873 ότι
592 1808 796 1892 σκεπάσματός
819 1831 867 1890 μοι
889 1808 942 1883 δεῖ,
965 1808 997 1870 τὸ
1018 1808 1050 1870 δὲ
1070 1809 1181 1891 ἱμάτιον
1203 1808 1367 1890 σκέπασμα,
1389 1810 1422 1873 rb
1438 1831 1506 1891 συμ·

215 1927 242 1971 15
257 1910 392 1996 πέρασμα
414 1913 447 1975 τδ
464 1910 595 1995 Ἵματιόυ
620 1935 668 1995 μοι
687 1911 743 1995 ἀρα
765 1909 825 1974 θεῖ’
846 1911 888 1981 εἰς
901 1910 934 1972 rb
957 1912 1181 1982 κατασκευάζειν
1204 1912 1315 1993 ἱμάτιον
1340 1912 1503 1998 μεταφέρει.

342 2012 401 2078 ch
423 2006 507 2078 αὗται
534 2015 585 2096 μὲν
613 2016 661 2078 καὶ
688 2018 817 2077 τοιαῦται
843 2015 873 2076 αἱ
895 2017 947 2096 τῆς
969 2011 1075 2095 ἀλόγου
1102 2018 1199 2098 ψυχῆς
1221 2015 1371 2098 δυνάμεις,
1401 2016 1448 2079 καὶ
1474 2017 1505 2078 αἱ

255 2116 329 2182 κατὰ
355 2116 461 2186 ταότας
492 2140 523 2179 τε
550 2118 598 2179 καὶ
631 2117 689 2179 ἀπδ
720 2116 827 2179 τούτων
856 2115 1008 2199 ἐνέργειαι,
1041 2117 1072 2179 αἳ
1098 2117 1212 2186 ποῖντως
1240 2117 1291 2200 μὲν
1325 2119 1373 2181 καὶ
1407 2118 1437 2181 ἐν
1466 2124 1504 2202 πή

189 2254 191 2258 ⁴
255 2223 357 2304 λογικῇ
384 2219 567 2304 περιέχονται
600 2223 643 2302 τῷ
671 2218 848 2303 τελειοτέραν
883 2219 935 2302 μὲν
962 2218 1034 2281 εἶναι
1067 2219 1187 2302 ταύτην,
1220 2220 1293 2285 εἶναι
1321 2223 1353 2285 δὲ
1380 2222 1432 2305 τὴν
1459 2245 1505 2286 τε·
1518 2239 1555 2297 ευΙ

255 2322 400 2409 λειοτέραν
433 2320 506 2384 κατὰ
532 2321 704 2405 προσθήκην
737 2324 886 2405 δυνάμεως
918 2322 937 2405 ἢ
966 2322 1116 2403 δυνάμεων
1143 2322 1177 2405 (ἡ
1205 2322 1259 2407 γὰρ
1294 2326 1397 2409 πρώτη
1424 2325 1505 2390 δόνα-

215 2441 243 2486 20
258 2449 303 2509 μις
344 2425 418 2489 κατὰ
458 2425 628 2510 προσθήκην
674 2425 736 2488 τινά
778 2427 928 2508 δυνάμεως
972 2425 1135 2509 τελεωτέρα
1176 2426 1311 2508 γίνεται),
1356 2424 1432 2491 ἔστιν
1473 2428 1507 2491 δέ

255 2529 334 2613 παρὰ
366 2527 472 2597 ταότας
507 2551 539 2591 τε
575 2529 623 2591 καὶ
660 2528 708 2590 ἐπὶ
741 2526 856 2597 ταόταις
889 2527 1007 2612 δύναμίς
1043 2550 1084 2596 τις
1120 2532 1218 2612 ψυχῆς
1255 2531 1303 2603 καὶ
1340 2531 1359 2613 ἡ
1393 2533 1505 2615 λογική,

255 2635 296 2701 ώς
318 2632 500 2717 προείρηται,
529 2632 640 2715 κριτική
664 2655 705 2700 τις
732 2628 805 2694 οὖσα
831 2631 880 2692 καὶ
905 2629 994 2714 αὕτη,
1021 2631 1057 2714 ἣν
1080 2630 1235 2714 ἄνθρωπος
1263 2631 1403 2716 ἐξαίρετον
1427 2630 1506 2718 ἔχων

255 2736 334 2819 παρὰ
360 2733 452 2799 τᾶλλα
480 2737 545 2819 ζῷα
567 2732 734 2817 τιμιώτερόν
764 2732 796 2796 τέ
818 2733 880 2797 ἐστι
907 2737 984 2818 ζῷον
1012 2735 1060 2796 καὶ
1088 2732 1277 2818 τελειότερον,
1306 2732 1373 2798 καθ’
1401 2736 1437 2818 ἣν
1460 2736 1505 2800 δώ·
1519 2753 1549 2796 ευ

254 2861 338 2923 ναμιν
370 2838 418 2901 καλ
450 2837 564 2920 λυγικδς
596 2838 735 2899 καλεῖται.
783 2836 846 2919 ήτις
873 2837 934 2899 ἐστὶ
966 2836 1086 2920 δύναμις
1115 2841 1215 2922 ψυχῆς
1243 2838 1322 2922 διττὴ
1356 2838 1404 2902 καλ
1430 2838 1505 2924 αὐτὴ

205 3077 271 3130 1-1
295 3077 312 3146 ἡ
331 3074 548 3146 γὰρ-κινήσεως]
567 3075 642 3128 Denn
661 3075 771 3128 δίαυλοι
789 3076 818 3127 in
836 3075 893 3129 dem
912 3076 1057 3141 Bescelten‚
1076 3078 1104 3130 in
1122 3077 1173 3129 den
1191 3076 1367 3146 Intelligibeln
1386 3078 1428 3132 die
1446 3078 1561 3132 Ursache

202 3165 288 3245 spinet
305 3164 454 3232 Bewegnng
472 3163 507 3215 im
527 3162 587 3215 Ortc
686 3163 701 3214 'i
721 3161 747 3214 ἐν
765 3170 816 3221 τοῖς
835 3162 984 3233 θεωρητοῖς]
1002 3164 1031 3215 in
1050 3163 1100 3216 den
1119 3164 1231 3233 Dingen,
1250 3165 1278 3216 in
1297 3164 1410 3218 welchen
1429 3166 1475 3218 des
1494 3167 1560 3220 Vor-

202 3252 319 3320 gesteilie
338 3252 372 3304 ist
477 3250 494 3302 8
516 3248 894 3321 συμπέρασμα-δακνόμενον]
913 3249 1164 3319 Schiussfclgerung‚
1182 3252 1276 3306 welche
1294 3253 1424 3307 crscheint
1441 3269 1490 3306 ens
1508 3254 1561 3307 den

121 3402 125 3407 ⁵
202 3339 349 3392 Primissen
449 3336 628 3407 9βουλήσεως
646 3338 821 3407 συμπέρασμα]
840 3337 990 3406 Fcigernng
1007 3338 1052 3391 des
1071 3338 1283 3408 Retschleges
1387 3340 1487 3393 10-12
1506 3341 1560 3410 ἅμα

201 3444 229 3478 τι
247 3423 433 3495 γὰρ-[ἕωθεν
451 3420 480 3500 j]
499 3427 575 3479 Denn
593 3442 620 3478 es
639 3426 674 3478 ist
685 3416 827 3489 ἐβόμβει,
848 3426 908 3478 dass
927 3426 974 3477 mit
992 3425 1050 3477 dem
1069 3426 1224 3495 Rctsehlege
1243 3427 1404 3494 (Beschluss)
1423 3430 1559 3483 sintreffen

201 3513 288 3566 misse
305 3514 351 3566 des
370 3513 521 3566 Anfsnchen
539 3515 611 3567 eines
629 3514 728 3581 Dinges
746 3513 807 3565 oder
826 3513 872 3565 das
889 3513 998 3565 Flichen
1016 3513 1166 3578 desselben,
1184 3515 1239 3567 und
1261 3515 1335 3580 dass,
1353 3532 1428 3568 wenn
1442 3518 1559 3586 jemand,

201 3601 259 3654 dem
278 3617 306 3654 es
318 3600 419 3669 gelingt
431 3599 476 3667 (i),
492 3601 540 3653 mit
552 3602 624 3654 einer
636 3603 761 3668 hieinnng
779 3599 930 3668 (Vernunfi)
948 3600 1055 3653 handelt
1075 3616 1122 3653 cus
1131 3601 1205 3670 jener
1218 3602 1352 3671 Begierde‚
1367 3604 1442 3672 jener
1454 3604 1558 3674 Gegen·

201 3689 279 3742 stand
296 3687 448 3757 susgcifihrt
460 3688 532 3753 wird,
550 3705 626 3741 wenn
644 3689 705 3741 hein
723 3688 876 3741 Hindemiss
895 3703 946 3740 ron
964 3704 1058 3740 sussen
1077 3704 1104 3741 cs
1124 3689 1272 3741 verhindert
1344 3690 1375 3743 13
1394 3693 1558 3763 συμπέρασμα

202 3776 388 3846 -περιιιατεῖν]
407 3791 436 3828 ιο
455 3776 517 3828 wird
536 3793 563 3829 er
581 3776 620 3829 sle
638 3775 786 3844 Folgerung
804 3775 849 3827 der
866 3775 960 3829 beiden
974 3776 1130 3840 Primissen
1149 3777 1242 3829 welche
1262 3794 1289 3830 er
1307 3779 1421 3831 erwihnt
1439 3781 1492 3846 het,
1512 3797 1558 3834 en·

201 3865 312 3917 nehmen
331 3863 445 3929 meissen,
464 3864 510 3916 des
529 3881 556 3917 cr
574 3865 637 3933 gehe
735 3860 798 3915 ἀλλὰ
816 3877 866 3913 om.
963 3863 994 3915 14
1013 3880 1055 3930 μοι
1072 3862 1120 3927 δεῖ]
1139 3864 1182 3915 ein
1201 3862 1278 3916 Glied
1296 3866 1386 3919 beders
1403 3868 1468 3936 [Bp:
1487 3870 1558 3921 mein

201 3951 288 4016 vater,
306 3951 374 4019 qnod
394 3955 541 4019 corruptum
560 3952 660 4004 ridetur
679 3968 712 4004 ex
730 3950 781 4002 ich
800 3950 851 4014 δή]
981 3948 1011 4002 15
1040 3950 1240 4020 συμπέρασμα..
1253 3953 1397 4022 μεταφέρει]
1417 3954 1459 4007 die
1477 3955 1558 4023 Fclge

202 4038 247 4090 der
265 4038 427 4091 Praemissen
446 4039 535 4107 bringi
552 4039 598 4090 ihn
617 4038 683 4090 dezu
808 4037 838 4089 16
866 4035 1106 4131 αὖται-τοιαῡτφι]
1126 4038 1182 4091 dies
1304 4032 1334 4091 17
1363 4046 1423 4109 post
1441 4042 1559 4114 ἐνέργειαι

202 4125 286 4178 additr
305 4125 360 4178 nnd
378 4126 433 4178 dies
452 4126 487 4178 ist
504 4127 560 4179 ihre
578 4125 786 4179 Bcsehndenheit
896 4124 926 4177 18
944 4124 970 4177 δὲ
988 4124 1035 4194 τὴν
1054 4139 1104 4176 om.
1217 4126 1318 4178 19-20
1335 4126 1484 4201 προσθήκην
1501 4130 1558 4183 τινὰ

201 4210 343 4280 δυνάμεως]
362 4212 442 4265 durch
461 4214 506 4266 des
524 4215 733 4267 iiinzuhcmmen
751 4213 823 4265 einer
840 4212 915 4265 Kraft
933 4227 984 4264 ron
1003 4212 1094 4280 irgend
1113 4213 1185 4265 einer
1203 4214 1252 4265 hrt
1358 4214 1389 4266 21
1409 4205 1453 4268 ιἰαὶ
1471 4231 1522 4269 ern.

202 4299 235 4351 22
253 4300 400 4370 ἣν-έγων]
419 4302 498 4355 durch
518 4304 555 4355 sie
573 4302 636 4354 wird
655 4301 700 4354 der
717 4301 822 4353 hiensch
840 4299 980 4368 specificirt
1075 4299 1109 4352 23
1126 4299 1285 4372 τιμιώτερόν]
1305 4302 1352 4354 das
1371 4302 1558 4357 bedentendste

200 4387 363 4458 τελειότερον]
382 4389 427 4442 das
447 4389 659 4442 vollkommcnste

202 4613 337 4687 ὀπράξεις
356 4613 385 4666 ἀν
402 4629 474 4672 τιςυ
580 4612 817 4682 θέπακολουθήσαι
836 4613 876 4665 Ve
986 4613 1016 4664 10
1035 4610 1073 4665 ότι
1091 4614 1126 4666 V:
1145 4612 1227 4683 ἀραα
1337 4614 1539 4686 11ουνοδεόηα

204 4702 235 4755 13
254 4709 353 4755 ποιεῖτε
444 4708 617 4773 πιριπατεῖνα
716 4701 747 4754 15
766 4701 800 4759 εἰς
818 4702 854 4753 V:
872 4699 942 4758 ώςυ
1036 4701 1065 4751 17
1086 4699 1233 4768 discripsi:
1253 4701 1278 4753 αἱ
1298 4703 1336 4755 Va
1433 4704 1467 4755 20
1487 4703 1558 4775 ,περὶ

201 4793 248 4860 τῆς
265 4788 369 4860 λογικῆς
387 4789 543 4857 δυνάμεως“.
580 4790 645 4843 ἔστιν
664 4789 690 4841 δέ
710 4790 748 4841 Va
842 4788 875 4841 23
894 4788 920 4839 τ’
940 4786 1003 4838 ἄλλα
1023 4789 1044 4840 λ’
1052 4805 1058 4838 ι
1076 4788 1107 4838 τὰ
1125 4787 1222 4840 ἅλλαιι
1315 4789 1348 4841 ’24
1367 4789 1431 4860 αθτὴ
1450 4791 1543 4859 scripsi

123 4933 126 4937 ,
203 4875 267 4949 αὕτη
287 4878 326 4931 Vs
