3540 5610
212 283 273 347 122
456 281 620 352 [ΑΠΟΡΙΩΝ
642 281 704 338 ΚΑΙ
722 279 854 338 ΛΥΣΕΩΝ
876 277 1017 336 ΒΙΒΛΙΟΝ
1036 276 1221 335 ΊἙΤΑΡΤΟΝ
1241 278 1322 347 3-4]

264 455 294 517 αἱ
317 454 387 526 έξεις
411 456 510 530 αόται,
537 457 563 519 εί
591 455 615 520 δ’
643 455 728 519 αὗται
753 458 883 538 λογικοῦ,
911 454 959 516 καὶ
986 456 1005 536 ἡ
1030 453 1120 537 μέση·
1149 453 1193 516 διδ
1216 453 1232 514 ό
1255 455 1322 519 παῖς
1349 448 1458 532 ἄλογος
1481 449 1523 510 ὢν
1550 463 1564 505 ὅ

264 554 325 618 οὔτ’
347 557 377 620 ἐν
401 560 490 643 ἀρετῇ
514 559 590 622 ἐστιν
614 557 673 621 οὔτ’
695 560 725 622 ἐν
748 558 834 641 κακία
857 554 917 618 οὔτ’
939 556 969 618 ἐν
992 560 1035 640 τῷ
1060 555 1166 637 μεταξὺ
1182 553 1302 635 τοότων,
1326 555 1429 635 ὥσπερ
1451 549 1515 614 οὐδ’

264 657 336 721 ἀλλο
359 685 385 723 τι
407 669 464 723 τῶν
481 659 620 744 ἀλόγων),
644 663 876 745 μεταβάλλοντας
899 659 924 722 δ’
945 659 986 726 είς
1006 660 1039 720 τό
1054 658 1169 739 λογικόν
1191 655 1280 724 εὐθὺς
1301 654 1374 718 εἶναι
1398 656 1517 727 κακούς,

265 761 325 823 ἀλλ’
346 764 380 825 οό
403 765 542 847 γίνεσθαι,
566 765 735 844 ὁμολογοῖεν
759 761 819 846 (ἂν)
842 763 889 826 διὰ
912 761 1020 826 τούτων
1043 765 1086 844 τῷ
1109 763 1217 844 λογικῷ
1243 756 1315 821 κατὰ
1338 757 1424 840 φύσιν
1446 755 1519 819 εἶναι
1534 772 1563 814 ιο

229 863 315 946 ὁτην
340 887 371 926 τε
394 866 505 928 ἀδικίαν
529 867 576 928 καί
598 866 650 948 τὴν
674 865 786 939 κακίαν,
808 864 838 927 εί
857 888 889 946 γε
912 864 942 927 ἐν
965 868 1003 946 τῇ
1027 864 1068 930 εἰς
1090 863 1123 924 τδ
1146 861 1260 943 λογικδν
1283 859 1433 943 μεταβολῇ
1458 859 1520 941 άμα

265 966 312 1028 καὶ
336 968 377 1035 εἰς
404 973 493 1031 ταῦτα
519 968 639 1049 γίνεται,
666 968 713 1029 καὶ
741 966 802 1030 ίσον
831 967 891 1029 ἐστὶ
919 963 950 1029 τὸ
978 966 1020 1033 εἰς
1046 963 1160 1045 λογικόν
1189 963 1379 1047 μεταβάλλειν
1407 965 1450 1045 τῷ
1480 962 1521 1029 εἰς

264 1070 379 1132 κακίαν·
412 1071 491 1154 παρὰ
517 1071 602 1154 φύσιν
630 1069 679 1134 οὖν
705 1076 747 1154 τῷ
775 1074 883 1154 λογικῷ
910 1071 929 1151 ἡ
961 1070 1061 1152 ἀρετή.
1107 1064 1149 1130 ἔτι
1170 1088 1203 1127 τε
1230 1064 1256 1128 εἰ
1279 1062 1356 1132 όλως
1381 1062 1460 1127 ἐστὶν
1487 1062 1520 1125 ἐκ

265 1173 366 1241 κακίας
389 1175 430 1242 εἰς
453 1175 558 1257 ἀρετὴν
587 1175 749 1257 μεταβολή,
777 1173 829 1255 τὴν
851 1171 952 1234 κακίαν
982 1170 1047 1253 ἤτοι
1073 1168 1222 1250 εὐκίνητον
1248 1168 1295 1231 καὶ
1318 1164 1518 1249 εόαπόβλητον
1535 1180 1562 1221 ιο

264 1273 379 1356 ἐροῦσιν
402 1276 420 1358 ἦ
447 1275 566 1358 μόνιμον
589 1277 637 1338 καὶ
661 1276 838 1357 δυσκίνητον.
884 1271 942 1336 ἀλλ’
971 1274 997 1335 εί
1021 1274 1072 1353 μὲν
1095 1271 1254 1354 εὐκίνητον,
1281 1270 1310 1332 τί
1329 1270 1365 1351 δή
1390 1290 1461 1330 ποτε
1484 1267 1517 1330 οὐ

211 1396 242 1443 10
263 1377 347 1462 ῥᾳδία
374 1379 393 1459 ἡ
422 1378 462 1444 είς
489 1377 539 1446 τὰς
567 1379 671 1462 ἀρετὰς
699 1378 731 1439 ἐκ
759 1382 811 1460 τῆς
838 1375 938 1444 κακίας
966 1375 1127 1459 μεταβολήγ
1160 1375 1186 1436 εἰ
1212 1374 1245 1436 δὲ
1273 1372 1440 1453 δυσκίνητον
1471 1372 1518 1433 καὶ

266 1479 401 1561 μόνιμον,
425 1481 514 1562 δῆλον
538 1483 578 1548 ὡς
600 1481 630 1542 ἐν
654 1484 690 1563 τῇ
715 1481 757 1547 εἰς
779 1479 885 1562 ἀρετὴν
908 1479 1056 1562 μεταβολῇ
1080 1477 1111 1546 ἐξ
1133 1477 1223 1559 αὐτῆς
1245 1479 1291 1539 δεῖ
1310 1478 1425 1559 πρῶτον
1449 1473 1518 1535 ἀπο·
1532 1488 1562 1530 εν

267 1582 411 1666 βληθῆναι
433 1587 485 1661 τῆς
508 1583 610 1650 κακίας
638 1583 670 1644 τό
694 1583 860 1662 δυσκίνητον
884 1581 931 1643 καὶ
956 1579 1091 1663 μόνιμον,
1119 1582 1138 1662 ἧ
1162 1602 1195 1661 γε
1216 1578 1264 1641 διά
1286 1577 1448 1660 μαθήσεως
1470 1578 1518 1638 καὶ

263 1684 417 1766 ἀσκήσεως
444 1685 485 1752 εἰς
511 1684 563 1766 τὴν
593 1685 698 1768 ἀρετὴν
727 1683 886 1767 μετέβαλλε
918 1685 966 1745 καί
997 1685 1037 1765 μὴ
1067 1682 1210 1766 ἐξαίφνης.
1261 1678 1321 1743 ἀλλ’
1349 1682 1375 1742 εἰ
1401 1682 1517 1762 πρῶτον

262 1786 411 1870 εὐκίνητος
428 1786 542 1867 γίνεται,
565 1786 601 1870 ἦν
624 1786 656 1849 δὲ
678 1785 799 1848 τὸεῖναι
821 1786 897 1868 αὐτῇ
920 1785 1006 1867 κακίηι
1029 1784 1058 1847 ἐν
1081 1788 1126 1867 τιγῖ
1147 1785 1322 1868 δυσκινήτιμ,
1344 1782 1375 1845 ἐν
1398 1777 1518 1867 ᾦέστιν
1532 1796 1561 1839 κο

212 1908 241 1955 15
261 1888 419 1970 εὐκίνητος,
442 1887 536 1950 οὐκέτ’
558 1887 592 1952 ἀν
616 1889 645 1950 ἐν
665 1888 760 1972 τοότιμ
785 1892 826 1958 ὡς
848 1889 933 1951 κακία
955 1887 1012 1971 εἴη.
1046 1887 1121 1950 ἀλλά
1145 1887 1202 1969 μὴν
1225 1885 1286 1949 οὐδ’
1307 1885 1407 1969 ἀρετή.
1453 1890 1518 1954 πῶς

261 1989 317 2073 άρα
344 1990 347 2073 Ι
372 1989 452 2054 ἔσται
475 1990 505 2052 ἐν
522 1990 598 2074 μέση
622 1991 673 2053 τινί
696 1991 755 2060 ἕξει
778 1991 794 2053 ό
816 1989 909 2058 οὕτως
931 1987 1020 2073 ἔχων,
1043 1990 1106 2052 ἐπεὶ
1130 1991 1177 2052 καί
1199 1990 1218 2071 ἡ
1240 1988 1386 2072 μεταβολὴ
1408 1989 1429 2070 ἡ
1453 1988 1494 2057 είς
1517 1994 1572 2052 234

261 2093 313 2175 τἠν
337 2093 441 2175 ἀρετὴν
465 2093 498 2156 ἐκ
518 2093 624 2176 ταύτης
647 2098 699 2176 τῆς
715 2091 876 2160 διαθέσεως
898 2093 1017 2174 γίνεται;
1040 2090 1080 2155 ἐτι
1105 2090 1129 2155 δ’
1151 2093 1177 2154 εί
1200 2093 1247 2154 καί
1270 2089 1313 2153 ότι
1338 2092 1465 2170 μάλιστα
1486 2092 1516 2153 οί

261 2195 361 2262 παῖδες
383 2194 466 2258 οὔπω
489 2197 545 2259 είσὶ
568 2198 676 2277 λογικοὶ
699 2197 746 2258 καὶ
770 2196 816 2258 διὰ
839 2198 923 2257 τοῦτο
951 2192 1018 2256 οὔτε
1041 2196 1148 2278 ἀρετὴν
1175 2192 1293 2280 ἔχουσιν
1315 2193 1382 2256 οὔτε
1404 2194 1517 2271 κακίαν,
1545 2210 1560 2252 ε

261 2296 335 2358 ἀλλά
363 2302 406 2381 τιγό
429 2298 558 2380 γίνεσθαι
585 2296 691 2366 αότοδς
718 2297 751 2360 ἐκ
778 2303 835 2359 τῶν
857 2298 951 2366 οὕτως
973 2297 1087 2379 ἀλόγων
1110 2298 1241 2380 λογικοός
1268 2320 1299 2360 τε
1327 2298 1376 2361 καὶ
1398 2296 1516 2375 κακυίνς,

206 2417 240 2463 20
261 2398 318 2461 εἶεν
342 2398 375 2461 ἂν
400 2399 429 2461 ἐν
454 2399 531 2482 μέση
555 2399 621 2467 έξει.
667 2399 777 2483 οὐγὰρ
801 2400 909 2483 όμοίως
931 2398 1010 2461 οὗτοι
1037 2398 1137 2482 ἄλογοι
1159 2405 1219 2467 τοῖς
1240 2399 1347 2475 ἀλλοις,
1371 2399 1441 2462 οὐδὲ
1462 2400 1518 2484 γὰρ

263 2499 296 2563 ἂν
319 2500 387 2564 οὐδὲ
414 2501 496 2564 αὐτοὶ
520 2503 644 2565 δεκτικοὶ
672 2503 773 2570 κακίας
796 2502 870 2586 ᾖσαν
893 2527 913 2585 η
942 2503 1056 2585 ἀρετῆς.
1100 2503 1127 2564 εί
1153 2502 1186 2564 δὲ
1214 2501 1371 2587 μηδέτερον
1397 2500 1519 2587 ἔχοντες

262 2604 394 2666 δύνανται
417 2604 553 2686 ἑκάτερον
577 2603 674 2666 αὐτῶν
694 2605 842 2678 δέξασθαι,
864 2602 918 2667 οόκ
941 2604 1012 2666 εἰσιν
1034 2604 1127 2673 οὕτως
1149 2603 1257 2686 άλογοι.
1294 2605 1327 2668 τδ
1351 2605 1388 2687 δὴ
1410 2604 1518 2687 ἄλογον
1532 2623 1560 2665 ιο

261 2707 294 2768 τό
317 2706 495 2769 ἐπιδεκτικόν
514 2705 613 2787 λόγου,
637 2705 708 2770 ἀλλο
733 2707 763 2770 όν
786 2710 837 2769 τοῦ
855 2707 998 2770 ἀδυνάτου
1022 2706 1218 2782 ἐπιδέξασθαι,
1241 2704 1338 2775 άλλως
1361 2705 1395 2769 ἂν
1410 2705 1518 2790 ἄλογον

258 2804 316 2888 εἴη,
344 2808 391 2870 καὶ
415 2807 472 2892 οὐχ
495 2808 587 2877 οὕτως
613 2810 646 2872 τὸ
672 2810 779 2892 κυρίως
802 2807 915 2890 άλογον.
961 2809 1019 2892 ἤδη
1042 2810 1090 2872 καὶ
1113 2811 1284 2877 κατάστασις
1307 2809 1326 2891 η
1349 2813 1399 2872 τοῦ
1424 2810 1519 2879 οὕτως

203 2927 236 2976 25
259 2910 365 2992 ἀλόγου
390 2910 436 2993 εἴη
460 2908 494 2972 ἀν
518 2912 593 2994 μέση
617 2911 682 2985 ἕξις,
706 2911 770 2973 ἐπεὶ
793 2911 906 2974 ἅπαντα
928 2911 969 2980 εἰς
992 2912 1127 2995 ἑκάτερον
1149 2917 1207 2974 τῶν
1228 2911 1363 2975 ἐναντίων
1386 2914 1405 2996 ἡ
1431 2936 1517 2995 μετα·
1531 2929 1557 2972 ιο

259 3013 343 3096 βολή,
370 3014 417 3075 καὶ
441 3013 533 3081 οὕτως
555 3013 618 3076 ἐστὶ
640 3016 759 3095 δυνάμει
781 3014 917 3096 ἑκάτερον
940 3018 998 3075 τῶν
1020 3013 1119 3098 ἀκρων
1142 3016 1183 3082 ως
1206 3014 1296 3097 μηδὲν
1319 3014 1351 3077 όν
1373 3015 1515 3099 ἐνεργείᾳ.

258 3112 319 3177 ἔστι
341 3117 396 3199 γάρ
418 3139 460 3183 τις
482 3116 531 3177 καί
553 3117 618 3199 περὶ
646 3116 694 3177 τδν
717 3117 805 3177 παῖδα
833 3114 889 3183 ἕξις
918 3138 948 3178 τε
971 3117 1019 3178 καὶ
1043 3118 1231 3191 κατάστασις,
1258 3114 1309 3200 ἀφ’
1337 3117 1374 3200 ἧς
1395 3118 1438 3186 είς
1460 3119 1514 3201 τὴν

259 3217 359 3280 κακίαν
383 3218 430 3280 καὶ
453 3218 505 3300 τἠν
534 3218 638 3301 ἀρετὴν
668 3216 830 3302 μεταβολή,
858 3219 921 3301 ἥτις
947 3218 977 3280 ἐν
1004 3218 1098 3281 οὐδενὶ
1125 3223 1182 3280 τῶν
1206 3219 1312 3303 κυρίως
1338 3220 1388 3283 καὶ
1411 3220 1557 3289 άπλῶςεν

259 3319 374 3402 ἀλόγων
396 3320 560 3403 λεγομένων
583 3320 668 3383 ἐστίν.

202 3599 237 3648 30
258 3580 312 3644 IV.
355 3579 519 3662 Ἀπορίας
541 3578 638 3646 λύσις
661 3579 906 3661 τῇςλεγοόσης
929 3579 1064 3664 όργάνιμ
1089 3579 1149 3661 μὲν
1173 3581 1281 3663 μηδὲν
1304 3581 1394 3644 εἶναι
1417 3582 1516 3645 ἐναν·

256 3683 344 3759 τίον,
372 3682 510 3767 πλοότιμ
537 3681 573 3744 δὲ
596 3682 718 3744 πενίαν
746 3681 914 3758 ἐναντίον,
942 3682 996 3743 διδ
1020 3683 1065 3764 μὴ
1088 3680 1177 3743 εἶναι
1203 3684 1259 3744 τὸν
1286 3687 1435 3747 πλοῦτον
1459 3683 1557 3770 ὄρει
1593 3721 1595 3724 -

827 3807 940 3868 γανον.

342 3956 393 4040 Τῷ
412 3957 525 4040 ὀργάνῳ
549 3955 632 4019 οὐδέν
655 3956 731 4018 ἐστιν
754 3955 890 4031 ἐναντίον,
913 3955 1030 4040 πλοότιμ
1054 3958 1086 4020 δὲ
1104 3955 1107 4041 ί
1125 3955 1201 4020 ἔστιν
1224 3978 1250 4018 τι
1272 3955 1409 4033 ἐναντίον,
1433 3958 1493 4045 οὐχ
1515 3967 1569 4025 235

256 4061 272 4122 ό
300 4063 423 4127 πλοῦτος
456 4057 585 4142 ὄργανον.
634 4060 660 4121 εί
692 4059 743 4140 μὲν
776 4058 905 4121 καθόλου
933 4059 1077 4142 λαμβάνοι
1106 4058 1207 4141 μηδενί
1239 4057 1354 4143 ὀργάνῳ
1384 4058 1460 4124 εἶναί
1487 4086 1515 4125 τι

202 4349 217 4402 3
237 4351 333 4407 κακοὺς
351 4349 366 4418 ίγ
387 4349 534 4408 σπουδαίους
547 4347 599 4402 ἀλλ’
610 4352 645 4402 Βι
735 4352 750 4400 4
770 4347 916 4418 ὁμολογοῖεν
935 4348 987 4412 <άν>
1000 4350 1058 4417 Sp.:
1077 4347 1311 4417 όμολογοίενθθὸε
1331 4351 1479 4421 όμολογτῐεν
1493 4357 1533 4408 Βε

202 4437 233 4488 12
253 4436 425 4505 μόγνγγμονθ
532 4437 606 4507 ἦγε]
626 4437 649 4489 εί
665 4456 691 4505 γε
711 4439 785 4490 LS²F
807 4439 873 4489 Vict.
893 4439 950 4503 Sp.:
976 4436 1073 4506 ἧγτιι
1184 4435 1214 4488 13
1232 4437 1452 4507 μετίβαλεεὸμ.

204 4527 235 4576 14
254 4522 353 4594 αθτηε
442 4523 520 4595 κακία
539 4528 597 4592 Sp.:
617 4526 694 4576 κακία
713 4525 771 4577 libri
864 4524 894 4575 16
914 4519 952 4592 ἀρ’
972 4523 1019 4575 οίικ
1039 4525 1107 4576 coni.
1120 4526 1165 4590 Sp.
1254 4525 1334 4590 ἔσται]
1353 4527 1419 4578 ἐστὶν
1439 4532 1514 4597 ινὸμ.

204 4612 235 4664 19
261 4611 384 4664 οὔτωσθ
488 4610 1000 4681 war,m*1]ff¹zqzemtviet.8p.:
1026 4610 1305 4681 ίοιῑυοεοθδηῂαὶ]
1384 4614 1431 4667 ’25
1450 4615 1565 4682 ἅπαντα]

201 4700 298 4770 ἀπαντᾷ
317 4702 373 4766 Sp.:
398 4699 506 4752 fortasse
525 4696 576 4752 ἀπ’
596 4699 690 4751 αὺτοῦ
710 4699 825 4768 (αόπηςῖ)
926 4699 959 4750 28
985 4698 1125 4768 μεταβολή]
1151 4698 1302 4769 μεταβάλλει
1325 4703 1395 4754 coni.
1414 4705 1459 4770 Sp.

201 4788 217 4857 ἡ
230 4791 303 4839 τισθ
393 4787 426 4839 29
445 4787 588 4855 λεγομένων
601 4785 670 4854 (λεγο
683 4789 712 4839 in
724 4787 763 4838 lit.
776 4787 822 4853 V)]
841 4785 962 4856 λεγομένη
977 4787 1048 4838 θ”Βε
1060 4789 1104 4853 Sp.
1194 4786 1228 4838 33
1248 4787 1296 4839 οὐκ
1308 4787 1356 4858 άρα
1369 4787 1455 4842 s²B²a
1467 4793 1512 4859 Sp.

201 4873 234 4925 34
253 4873 387 4943 λαμβάνοι]
410 4876 596 4938 ,καταπατεῖτε
617 4874 661 4926 sed
680 4874 789 4927 fortasse
808 4875 849 4926 hic
871 4881 896 4926 et
915 4880 1005 4942 postea
1024 4872 1192 4943 λαμβάνοιτο“
1214 4877 1258 4940 Sp.
