3540 5610
682 329 885 386 nnnxnnnnl
904 329 949 385 DE
968 328 1079 384 ΑΝΙΜΑ
1520 328 1559 393 13

256 508 328 570 ποτὲ
350 508 402 590 μὲν
433 507 487 593 γὰρ
511 508 638 591 ἰσχυρῶν
666 505 756 569 όντων
787 511 843 568 τῶν
872 505 955 574 ἐκτὸς
981 505 1095 579 αἰτίων,
1122 503 1141 567 ἂ
1167 504 1186 587 ἢ
1210 505 1297 589 δργίην
1324 505 1343 588 ἢ
1371 503 1504 589 φύβυνῆ

256 610 411 692 ἐπιθυμίαν
434 610 455 695 ἧ
470 634 496 673 τι
517 614 629 673 τοιοῦτο
652 610 747 676 πάθος
761 607 833 672 ἄλλο
856 612 942 671 κινεῖν
958 608 1008 671 οἷά
1021 631 1062 682 τε,
1085 608 1104 691 ᾖ
1121 606 1203 670 οὐδὲν
1215 608 1379 691 ’πάσχομεν
1402 607 1505 669 παντά-
1518 622 1547 664 ευ

256 734 342 775 τοισιν
364 713 383 797 ἡ
407 714 583 780 ἐπιπολαίως
609 712 710 775 τεκαὶ
736 711 808 794 πρὸς
835 711 943 793 ὀλίγον,
969 711 1039 772 ποτὲ
1061 709 1094 772 δὲ
1116 716 1226 793 μικρῶν
1254 711 1302 773 καὶ
1324 715 1382 772 τῶν
1404 708 1506 794 τυχόν·

255 838 314 877 των
335 820 394 878 τῶν
416 816 499 884 ἐκτδς
521 812 611 878 όντων
635 814 851 897 ύπερβαλλομεν
878 819 937 882 τοῖς
960 813 1097 888 πάθεσιν,
1127 812 1194 875 όταν
1218 813 1290 896 δργῷ
1312 836 1344 875 τε
1370 813 1418 874 καί
1440 836 1506 897 προ-

225 916 528 1002 παρεσκευασμένον
554 911 576 1002 ᾖ
610 918 657 979 καὶ
685 915 847 999 ἐπιτήδειον
874 916 945 999 πρὸς
971 916 1003 977 τδ
1031 915 1126 984 πάθος
1152 916 1184 977 τδ
1211 920 1298 998 σῶμα
1325 915 1344 998 ἢ
1372 915 1419 977 διά
1445 938 1506 977 τινα

255 1019 364 1085 ἔνδειαν
387 1022 406 1105 ἢ
429 1021 477 1084 διὰ
498 1021 613 1104 πλῆθος
634 1020 653 1103 ἦ
677 1018 724 1082 διὰ
744 1023 849 1103 χυμῶν
873 1041 956 1080 τινων
979 1017 1149 1101 παράθεσιν.
1183 1019 1307 1101 καὶγὰρ
1331 1015 1507 1101 ὀργιζόμεθα

257 1125 329 1208 βᾷον
352 1126 445 1208 χολῆς
460 1122 675 1205 πλεοναζούσης
697 1122 745 1184 καὶ
760 1120 932 1206 φοβούμεθα
954 1120 1002 1182 καὶ
1023 1119 1194 1202 λυπούμεθα
1217 1123 1356 1188 πολλάκις
1379 1121 1426 1183 ἐπὶ
1447 1125 1506 1189 τοῖς

255 1231 392 1313 τυχοῦσιν
413 1229 456 1312 τῷ
480 1227 512 1289 τὸ
536 1231 622 1307 σῶμα
644 1226 730 1308 ημῶν
752 1224 829 1287 οὕτω
852 1246 914 1291 πως
937 1219 1024 1306 ἔχειν.

339 1328 501 1393 Δεικνύοιτο
525 1327 551 1391 δ’
579 1327 614 1391 ἂν
636 1327 712 1397 εἶδος
733 1326 807 1390 ούσα
834 1328 852 1410 η
876 1326 956 1410 ψυχὴ
981 1327 1190 1407 τοῦσώματος
1218 1328 1264 1389 καὶ
1288 1327 1335 1389 διὰ
1361 1331 1411 1389 τοῦ
1434 1325 1547 1389 εἰναιεσ

216 1447 243 1490 ιο
257 1431 309 1513 μὲν
331 1431 422 1514 αὐτὴν
444 1431 474 1494 ἐν
498 1436 540 1516 τῷ
558 1434 672 1514 σώματι
692 1433 743 1492 τού
768 1428 846 1515 ζῷου
869 1429 941 1512 πρὸς
956 1427 1070 1490 πάντων
1094 1429 1311 1511 ὁμολογεῖσθαι,
1334 1431 1506 1514 πλεοναχῶς

256 1535 289 1596 δὲ
312 1533 455 1597 τοῦεῖναι
478 1532 508 1596 ἔν
530 1557 584 1597 τινι
606 1532 762 1616 λεγομένου
789 1531 863 1594 κατὰ
885 1530 976 1614 μηδὲν
998 1529 1070 1593 ἄλλο
1093 1529 1303 1615 σημαινόμενον
1327 1535 1377 1594 τοῶ
1400 1529 1429 1594 ἔν
1453 1556 1505 1596 τινι

255 1641 300 1719 τῷ
322 1639 434 1718 σώματι
457 1638 509 1720 τἠν
532 1637 630 1721 Ιβυχὴν
652 1634 724 1698 εἰναι
747 1635 896 1698 δύνασθαι.
942 1631 971 1696 ἔν
994 1656 1046 1695 τινι
1068 1634 1122 1716 γάρ
1145 1657 1171 1695 τι
1193 1633 1266 1697 εἶναι
1287 1634 1399 1715 λέγεται
1421 1635 1441 1718 ἢ
1464 1638 1506 1704 ῶς

255 1739 332 1808 εἶδος
354 1739 384 1801 ἐν
406 1738 496 1821 γένει,
523 1742 564 1808 ῶς
587 1737 740 1823 ἅνθρωπος
763 1737 792 1799 ἐν
819 1741 861 1821 τῷ
885 1733 972 1820 ζῷῳ.
1000 1735 1019 1818 ἢ
1043 1738 1084 1804 ῶς
1105 1736 1186 1818 γένος
1208 1736 1238 1798 ἐν
1261 1735 1379 1809 εἴδεσιν,
1410 1740 1450 1806 ῶς
1470 1738 1504 1799 τὸ
1519 1755 1547 1798 νυ

256 1846 334 1925 ζῷον
357 1842 387 1904 ἐν
410 1845 511 1924 πτηνῷ
536 1842 584 1903 καί
612 1844 693 1924 πεζῷ
716 1841 763 1902 καὶ
787 1839 897 1923 ἐνύδρῳ
924 1838 969 1920 (ἐν
991 1838 1045 1920 γὰρ
1067 1844 1126 1906 τοῖς
1152 1839 1186 1901 ἐκ
1208 1843 1259 1901 τοῦ
1281 1839 1382 1921 γένους
1404 1841 1504 1904 ἀντιδι-

214 1944 435 2028 ιοαιρουμένοις
458 1945 594 2028 ἀλλήλοις
616 1941 719 2006 εἴδεσιν
749 1943 781 2005 τδ
808 1941 945 2026 εἶναιτῷ
973 1942 1014 2009 εἰς
1035 1941 1108 2003 αύτδι
1137 1942 1327 2026 διαιρουμένη)
1350 1942 1454 2026 γένει),
1484 1970 1503 2029 η

255 2051 298 2116 ῶς
314 2047 399 2130 μέρος
422 2046 452 2109 ἐν
468 2043 539 2129 όλῳ,
563 2048 604 2114 ῶς
626 2046 726 2129 ἡχεὶρ
751 2045 779 2106 ἐν
803 2049 844 2129 τῷ
863 2047 986 2127 σώματι,
1009 2067 1028 2126 η
1046 2047 1085 2112 ῶς
1107 2045 1139 2106 τὸ
1155 2042 1222 2106 ὅλον
1246 2044 1275 2107 ἐν
1299 2050 1357 2114 τοῖς
1374 2045 1502 2129 μέρεσιν·

256 2153 324 2215 όλον
346 2148 400 2232 γὰρ
422 2149 455 2210 τδ
481 2152 532 2210 τοῦ
561 2148 717 2229 ἀνθρώπου
744 2150 830 2229 σῶμα
857 2145 929 2208 εἰναι
951 2147 1064 2227 λέγεται
1092 2146 1122 2208 ἐν
1145 2150 1259 2230 κεφαλῇ
1288 2149 1337 2210 καὶ
1363 2152 1504 2236 τραχήλῳ

256 2255 305 2316 καὶ
327 2253 441 2335 θώρακι
464 2253 512 2315 καὶ
534 2256 594 2319 τοῖς
616 2249 727 2324 ἄλλοις,
756 2246 821 2332 μεθ’
851 2250 891 2312 ῶν
920 2249 951 2311 τὸ
975 2249 1041 2311 όλον
1064 2249 1280 2335 ἀναπληροῦται
1303 2255 1398 2332 σῶμα.
1444 2250 1504 2315 ἔστι

255 2380 282 2417 τι
304 2353 335 2417 ἔν
351 2378 403 2417 τινι
425 2355 473 2416 καὶ
497 2358 538 2424 ῶς
560 2353 590 2416 ἐν
605 2353 712 2436 ἀγγείῳ
735 2353 783 2415 καὶ
807 2355 847 2421 ῶς
869 2353 899 2414 ἐν
920 2349 1013 2436 τύπῳ,
1038 2355 1077 2420 ῶς
1099 2352 1220 2437 λέγομεν
1242 2353 1338 2416 Δίωνα
1361 2355 1390 2416 ἐν
1413 2355 1505 2439 ἀγορᾷ

212 2474 240 2518 :n
253 2457 326 2521 εἶναι
349 2459 396 2520 καὶ
418 2458 466 2519 τδν
489 2455 565 2519 οἶνον
588 2456 676 2541 ἐντῷ
700 2455 839 2538 κεραμίῳ.
877 2455 925 2517 καὶ
947 2454 983 2518 τδι
1005 2453 1210 2538 συμβεβηκότα
1234 2456 1266 2520 δέ
1289 2477 1359 2519 τισιν
1383 2457 1412 2519 ἐν
1435 2458 1506 2521 ἐκεί·
1519 2475 1548 2518 οε

254 2585 313 2630 νοις
335 2559 407 2622 εἶναι
435 2559 561 2641 λέγεται,
589 2561 630 2626 ῶς
655 2558 688 2620 τδ
715 2558 816 2620 λευκδν
843 2557 873 2619 ἐν
902 2560 944 2642 τῷ
973 2560 1070 2641 λευκῷ
1103 2559 1217 2640 σώματι
1244 2557 1370 2640 λέγεται,
1400 2561 1504 2625 καὶτὰ

254 2663 419 2748 κεκραμένα
441 2662 471 2724 ἐν
494 2665 536 2745 τῷ
559 2661 589 2730 ἐξ
611 2659 707 2722 αὐτῶν
730 2658 802 2721 εἶναι
825 2661 959 2742 κράματι,
981 2662 1022 2729 ῶς
1045 2659 1074 2721 ἐν
1098 2664 1140 2745 τῷ
1163 2660 1316 2743 οἰνομέλιτι
1336 2661 1416 2725 τότε
1438 2664 1503 2744 με’λι

255 2769 304 2829 καὶ
328 2768 344 2830 ό
367 2765 452 2834 οἰνος.
496 2764 574 2848 παρὰ
597 2762 662 2830 τοὺς
688 2748 857 2846 εἰρημένους
883 2762 1006 2847 τρόπους
1027 2761 1058 2825 ἔν
1080 2785 1133 2825 τινι
1160 2762 1232 2825 εἶναι
1259 2763 1442 2847 λέγεταικαὶ
1466 2770 1506 2837 ῶς

255 2869 333 2938 εἶδος
354 2869 384 2932 ἐν
408 2869 474 2951 ὕλη.
519 2865 587 2929 καθ’
615 2864 631 2926 δ
654 2867 708 2948 γάρ
731 2889 756 2927 τι
782 2862 815 2927 ἔκ
838 2888 921 2927 τινων
945 2864 975 2927 δν
998 2865 1069 2928 αὐτὸ
1092 2866 1125 2928 τδ
1148 2865 1220 2928 εἶναι
1242 2864 1316 2952 ἔχει,
1339 2868 1416 2932 τοῦτ’
1444 2867 1505 2933 ἔστι

205 3128 214 3178 1
245 3124 335 3195 ὀργὴν]
366 3126 446 3193 Serge
473 3124 618 3191 (Kummer)
761 3123 777 3173 3
805 3124 848 3174 καὶ
875 3129 927 3174 τῶν
955 3122 1096 3192 τυχόντων]
1125 3124 1257 3176 schweehe
1392 3127 1409 3178 4
1438 3125 1559 3196 ὐπτρβάλ-

201 3214 278 3282 λομεν
297 3219 350 3270 τοῖς
368 3210 483 3280 πάθεσιν]
509 3227 536 3264 es
558 3194 753 3277 nnerwnltigen'
767 3225 817 3262 uns
840 3211 895 3262 ihre
917 3211 1063 3263 Eindrsreke
1087 3211 1145 3262 sehr
1215 3248 1216 3252 ,
1272 3213 1350 3264 4-6
1379 3211 1438 3266 ὅταν
1456 3213 1558 3285 δργᾷ-

202 3299 309 3369 ἔνδειαν]
328 3300 381 3352 Des
400 3299 533 3368 geschieht
552 3314 625 3351 wenn
644 3299 682 3351 sie
700 3297 751 3350 den
763 3298 826 3350 Leib
845 3298 945 3363 treffen,
964 3296 1088 3350 nnchdern
1108 3313 1199 3349 ernon
1217 3298 1332 3353 frr'rherer
1346 3301 1461 3355 Zeither
1480 3304 1560 3355 bereit

202 3405 265 3454 war,
282 3386 396 3456 pnssend
413 3385 455 3439 ι’ύτ
473 3387 519 3438 des
537 3385 700 3454 Empfengen
719 3385 763 3437 des
782 3386 936 3466 Einqmcks,
957 3387 992 3438 eei
1013 3401 1041 3436 es
1058 3384 1137 3436 durch
1157 3385 1208 3438 den
1227 3387 1328 3457 Mangel
1436 3389 1452 3442 6
1479 3391 1558 3461 παρά·

202 3474 282 3544 θεσιν]
303 3474 568 3528 L'eberhendnehmen
586 3473 640 3525 und
660 3474 834 3542 Verbreitung
935 3474 985 3525 .10
1012 3477 1057 3524 τοῦ
1076 3470 1142 3541 ζῷου
1161 3489 1211 3526 om.
1332 3476 1359 3526 ll
1390 3479 1434 3528 τοῦ
1454 3475 1516 3526 εἶναι
1534 3474 1560 3526 ἔν

202 3563 262 3632 τινι]
281 3564 329 3615 das
348 3563 417 3629 Βίας
439 3563 466 3614 in
485 3563 570 3614 einem
589 3561 674 3630 Dinge
693 3559 807 3629 [videtur
826 3563 908 3631 igitur
926 3576 979 3613 non
998 3560 1092 3629 legisse
1110 3561 1183 3629 εἰναι]
1306 3564 1372 3615 κατὰ
1391 3563 1467 3634 μηδὲν
1486 3562 1558 3631 ἄλλο]

202 3651 289 3703 addit:
310 3650 348 3701 ele
368 3651 395 3701 in
410 3651 497 3716 jenem
607 3648 637 3700 13
657 3649 740 3717 ἐντῷ
759 3647 829 3718 ζῴῳ]
850 3651 883 3700 irn
904 3648 1042 3701 Lebenden
1148 3648 1177 3700 τὸ
1196 3648 1273 3718 ζῷον]
1292 3651 1338 3703 das
1357 3651 1478 3704 Lebende

205 3738 316 3790 14-15
344 3737 369 3788 ἐν
388 3735 556 3805 γὰρ-γένει]
580 3736 649 3788 denn
672 3735 714 3787 die
739 3737 861 3789 Existenz
885 3736 930 3788 der
949 3735 1066 3803 Gattung
1089 3736 1123 3788 ist
1141 3735 1252 3788 ffirwahr
1274 3738 1302 3789 in
1321 3739 1393 3789 ihren
1414 3740 1507 3803 Ανιειι,
1531 3739 1559 3791 in

203 3826 297 3878 welche
316 3825 405 3892 geteilt
424 3840 455 3875 zu
475 3824 576 3875 werden
595 3823 649 3874 ihre
669 3823 755 3875 Weise
778 3825 826 3887 ist,
851 3824 936 3876 indern
960 3824 1047 3892 einige
1070 3824 1120 3876 den
1139 3825 1252 3876 anderen
1271 3826 1419 3892 gegensrber
1437 3827 1481 3892 (=
1502 3830 1559 3878 ent-

203 3914 298 3981 gegen)
318 3919 417 3980 gesetzt
436 3909 518 3978 [sind]
628 3910 728 3963 15-16
748 3910 764 3981 ἢ
783 3911 820 3968 ὡς
837 3911 973 3982 μέρος-ἐν
991 3913 1031 3979 τῷ
1049 3908 1148 3978 σώματι
1166 3926 1216 3963 οιυ.
1326 3912 1356 3964 18
1375 3917 1449 3979 σῶμα
1467 3927 1517 3965 om.

205 4000 308 4052 18—19
326 3999 404 4051 ἰστι-
411 3997 495 4068 τόπῳ]
514 3999 575 4051 Man
593 4006 653 4066 sagr
671 4000 735 4051 auch
755 4014 807 4051 von
826 3999 876 4051 den
894 3998 1022 4066 Κύτροτιι,
1040 3998 1101 4050 dass
1120 3999 1164 4050 ein
1182 3999 1252 4067 [θος
1270 4000 1297 4051 ίυ
1317 4001 1400 4052 einern
1420 3998 1558 4069 [anderen]

203 4088 287 4152 Dinge
307 4089 343 4140 rei
364 4088 492 4140 entweder
514 4087 542 4139 in
565 4086 610 4138 der
629 4087 716 4139 Weise
735 4088 841 4150 deenen,
866 4086 912 4138 des
937 4086 966 4137 in
984 4087 1068 4138 einem
1088 4085 1194 4139 Geffisse
1213 4089 1261 4152 ist,
1284 4087 1345 4140 oder·
1363 4088 1390 4139 in
1410 4087 1454 4139 der
1475 4089 1559 4141 Weise

201 4175 303 4239 desen,
322 4175 368 4227 das
386 4176 413 4228 in
433 4175 516 4226 einem
537 4172 597 4225 Orte
616 4175 651 4226 ist
759 4176 790 4225 Ιθ
809 4170 904 4241 Δίωνα]
925 4172 988 4225 Ζείύ
1099 4173 1200 4226 20-21
1231 4176 1274 4227 καὶ
1292 4174 1430 4227 ταὶ-εἰναι
1449 4174 1557 4246 λέγεται]

201 4264 262 4315 λίπα
280 4267 340 4331 segt
359 4263 424 4315 auch
444 4264 472 4314 ἰιι
491 4261 536 4314 der
555 4262 643 4314 Weise
662 4262 707 4315 des
726 4261 834 4326 Zufalls‚
852 4261 912 4313 dass
930 4262 973 4314 ein
992 4262 1063 4329 Ding
1080 4264 1109 4315 in
1128 4262 1212 4315 einem
1231 4260 1316 4329 Dinge
1335 4263 1372 4315 sei
1468 4263 1499 4315 21
1520 4262 1559 4315 λί·

202 4349 283 4419 γιται]
304 4352 339 4403 ist

204 4493 502 4500 --.-.-.—.----.-
516 4494 533 4499 -·
546 4494 603 4499 w...-

201 4580 217 4629 3
236 4577 390 4635 ἐπιπολαίως
408 4578 444 4630 K:
463 4577 603 4636 ἑπιπολίως
623 4579 661 4629 Vn
733 4576 792 4649 πρὸς
811 4576 893 4645 ὀλίγον
915 4578 973 4629 VK:
992 4575 1139 4649 προσυλίγον
1158 4593 1174 4629 a
1249 4577 1264 4628 6
1283 4575 1370 4645 τινων]
1389 4595 1412 4630 τι
1431 4579 1460 4630 i11
1478 4578 1517 4631 lit.
1538 4579 1559 4630 V

200 4672 290 4724 ὅπως
310 4668 337 4718 in
358 4666 396 4717 lit.
417 4667 452 4717 V:
472 4685 527 4723 πως
546 4667 586 4719 Ka
676 4665 691 4717 θ
713 4672 848 4738 ,ποσαχῶς
866 4665 895 4717 τδ
915 4664 940 4717 ἰν
959 4670 1032 4716 τινι“.
1068 4663 1205 4717 διικνύοιτο
1227 4665 1290 4717 vlra
1373 4665 1389 4734 η
1409 4664 1479 4738 ψυχὴ
1498 4663 1559 4718 υδσα

200 4753 240 4805 Kn
350 4753 378 4804 ll
410 4754 471 4805 εἶναι
492 4769 542 4806 om.
561 4755 602 4806 Ka
710 4753 740 4805 l?
770 4752 879 4804 fortasse
898 4751 924 4803 ἐν
942 4754 979 4820 τῷ
998 4750 1097 4820 σώματι
1116 4751 1236 4818 cf.14,15
1260 4752 1285 4804 ἐν
1303 4758 1355 4810 τοῖς
1372 4751 1460 4805 εἴδεσιν
1477 4754 1503 4805 ἐν
1521 4757 1559 4822 τῷ

200 4840 299 4908 σώματι
317 4845 344 4893 et
365 4840 583 4906 14‚1·2‚25.15,10
688 4860 712 4893 τι
730 4840 791 4893 εἶναί
809 4857 833 4890 τι
851 4839 892 4891 Κυ
1000 4839 1083 4891 16.17
1103 4839 1120 4909 ἡ
1138 4840 1290 4912 χεὶρ-εἶναι
1308 4840 1404 4909 λέγεται
1422 4856 1473 4892 orn.
1492 4841 1515 4892 K

203 4928 233 4979 Ιῖ
251 4927 365 4999 κεφαλῇ]
386 4932 433 4981 snb
452 4948 465 4981 ε
483 4930 617 4997 paululum
636 4928 779 4982 erasumV
852 4928 886 4979 20
904 4927 1073 4997 κιραμείῳίί
1151 4925 1323 4992 2·1δν]θντι
1398 4928 1525 4980 τουτέστιν
1543 4944 1560 4978 υ
