3540 5610
684 301 887 354 Auuxluhul
911 302 955 354 DE
980 302 1090 359 Aulus
1527 307 1568 371 43

265 475 298 537 δὲ
319 478 383 556 φῶς
404 475 439 537 ἑκ
460 479 511 536 τοῦ
533 476 703 558 διαφανοῦς,
730 474 757 537 εἰ
778 475 811 537 τδ
833 475 958 558 φωτίζον
980 475 1052 539 αότδ
1076 477 1117 560 μῆ
1141 477 1276 561 παρείη),
1304 479 1365 542 ἀλλ’
1393 478 1454 544 ἔστι
1475 502 1516 547 τις
1531 495 1557 537 ro

263 575 356 658 ῆάπ’
382 576 556 661 ἀμφοτέρων
583 577 692 661 κίνησις
719 575 749 640 ἐν
777 579 837 646 τοῖς
859 577 1029 663 δεχομένοις
1055 577 1130 642 αὐτὰ
1157 578 1291 665 γινομένη
1314 583 1388 646 κατὰ
1411 606 1515 668 παρου-

264 679 327 742 σίαν
347 702 379 742 τε
401 681 449 743 καὶ
471 680 556 743 ποιὰν
578 678 694 764 σχέσιν,
720 681 761 747 ὡς
783 679 889 760 γίνεται
911 681 960 744 καὶ
982 680 1013 745 ἐν
1036 684 1096 751 τοῖς
1117 681 1288 766 κατόπτροις
1310 684 1345 747 τὰ
1367 686 1397 748 ἐν
1419 685 1518 755 αὐτοῖς

264 781 407 865 ὁρώμενα.
452 779 527 846 ἔστιν
556 779 606 845 σόν
633 776 696 843 κάτ’
724 778 882 864 ἐνέργειαν,
911 778 1016 867 ’ὥσπερ
1046 782 1142 862 εἶπον,
1176 785 1302 869 διαφανῆ
1329 788 1365 850 τὰ
1393 810 1516 873 πεφωτι-

233 882 364 965 tepere.
409 882 459 948 ότε
478 885 534 970 γὰρ
561 883 679 947 δόναται
707 883 911 966 διαφαίνεσθαί
935 909 962 948 τι
987 882 1053 948 κατ’
1082 885 1224 971 ἐνέργειαν
1247 887 1284 951 δι’
1311 888 1423 965 αὐτῶν,
1451 889 1517 953 τότε

262 987 324 1049 ἐστὶ
357 987 464 1071 κυρίως
495 1010 527 1050 τε
559 986 608 1050 καὶ
641 981 705 1048 κατ’
737 983 880 1071 ἐνέργειαν
908 990 1033 1073 διαφανῆ
1062 989 1115 1072 τῆν
1148 988 1315 1074 τελειότητα
1340 993 1388 1055 καὶ
1415 994 1448 1056 τδ
1479 993 1516 1055 el·

261 1092 341 1152 κεῖον
368 1088 445 1158 εἶδος
470 1088 546 1153 καθό
574 1090 635 1153 ἐστι
663 1090 789 1173 διαφανῆ
816 1089 895 1174 παρὰ
927 1094 978 1153 τοῦ
1005 1091 1103 1174 φωτός
1131 1092 1324 1177 λαμβάνοντα.
1373 1092 1435 1158 ἔστι
1460 1095 1515 1179 γὰρ

260 1195 326 1274 φῶς
358 1190 486 1275 ἐνέργεια
518 1192 567 1256 καὶ
599 1189 745 1276 τελειότης
777 1195 829 1255 τοῦ
862 1194 1018 1278 διαφανοῦς
1050 1194 1126 1257 καθὸ
1160 1198 1297 1258 τοιοῦτον.
1344 1198 1450 1279 γίνεται
1484 1199 1516 1261 δὲ

261 1292 329 1356 τόδε
360 1295 394 1356 τό
421 1298 486 1378 φῶς
518 1294 548 1357 ἐν
581 1299 626 1380 τῷ
661 1296 796 1379 διαφανεῖ
822 1294 966 1378 παρουσία
999 1296 1091 1379 πυρὸς
1122 1297 1142 1380 ῆ
1170 1301 1221 1360 τοῦ
1254 1298 1336 1361 θείου
1370 1303 1515 1384 σώματος.
1531 1317 1556 1359 ιε

219 1411 247 1455 1⁰
259 1396 335 1459 κατὰ
367 1396 470 1482 σχέσιν
503 1397 558 1480 γὰρ
592 1400 644 1460 τοῦ
676 1397 810 1480 φωτίζειν
844 1396 1004 1480 δυναμένου
1041 1399 1113 1482 πρὸς
1144 1398 1181 1462 τὰ
1212 1401 1391 1484 φωτίζεσθαι
1428 1427 1515 1488 πεφυ-

261 1499 334 1563 κότα
358 1501 393 1562 τὸ
420 1503 493 1584 φῶς.
538 1498 571 1563 αὖ
594 1499 649 1583 γὰρ
671 1503 759 1583 σῶμα
785 1499 818 1562 τό
846 1503 919 1584 φῶς.
963 1501 1007 1563 διδ
1034 1502 1084 1565 καὶ
1110 1500 1245 1586 ἀχρόνους
1270 1505 1384 1586 γίνεται.
1433 1504 1515 1567 εἰδὲ

260 1602 296 1664 τό
322 1607 430 1687 χρῶμα
453 1602 483 1665 ἐν
505 1602 581 1687 φωτὶ
607 1601 725 1684 όρατόν,
752 1602 802 1665 καὶ
826 1600 929 1665 τυότου
956 1602 1110 1688 κινητικόν.
1154 1609 1197 1690 τῷ
1220 1606 1275 1690 γὰρ
1296 1608 1330 1669 τδ
1353 1605 1416 1670 κατ’
1441 1607 1516 1691 ἐνέρ·

261 1727 340 1786 γειαν
362 1703 513 1790 διαφανίς,
541 1706 626 1768 τοῦτο
649 1703 674 1767 δ’
702 1704 764 1769 ἐστὶ
785 1704 818 1767 τό
841 1704 1075 1790 πεφωτισμένον,
1101 1713 1215 1790 πρῶτον
1237 1710 1361 1794 πάσχειν
1384 1709 1441 1772 ὑπὸ
1463 1713 1515 1773 τοῦ

264 1810 422 1891 χρώματος
443 1807 560 1889 (τούτου
583 1807 636 1891 γὰρ
650 1808 684 1871 τὸ
699 1813 809 1893 χρῶμα
823 1805 993 1891 κινητικόν),
1015 1808 1068 1893 τῆν
1084 1809 1117 1872 δὲ
1132 1808 1196 1893 ὄψιν
1219 1809 1275 1873 ὑπὸ
1291 1809 1404 1886 τούτου,
1426 1811 1515 1876 οὖσαν

223 1912 312 1973 τεκαὶ
334 1906 427 1994 αὐτῆν
442 1912 578 1994 διαφανῆ,
601 1909 695 1995 τυότιρ
717 1912 811 1993 ἡτῶν
827 1911 993 1994 χρωμάτων
1015 1911 1152 1996 αἴσθησίς
1174 1913 1273 1977 τεκαὶ
1295 1913 1386 1998 κρίσις
1401 1915 1515 1997 γίνεται,
1528 1934 1557 1975 ευ
1592 1922 1595 1928 “

261 2016 303 2081 ὡς
325 2015 469 2076 δέδεικται
490 2013 521 2076 ἐν
544 2016 605 2080 ταῖς
626 2013 692 2097 περὶ
713 2016 764 2075 τυό
786 2016 851 2081 πῶς
872 2013 986 2096 όρῶμεν
1008 2012 1196 2098 έζητημένοις
1218 2015 1312 2098 (ὥστε
1334 2014 1387 2080 οὐκ
1409 2016 1444 2080 ἂν
1467 2018 1513 2103 εἴη

193 2124 201 2137 ’
259 2118 405 2200 χρώματα
427 2115 483 2180 όσα
509 2116 612 2200 όρᾶται
635 2115 769 2186 σκότους·
805 2120 869 2184 πῶς
890 2115 923 2178 δὲ
944 2118 1035 2179 ταῦτα
1060 2117 1163 2200 δρᾶται
1188 2118 1237 2181 καὶ
1259 2117 1333 2187 τίνος
1354 2119 1514 2202 γινομένου,

261 2219 373 2287 ἐντοῖς
396 2220 534 2302 περὶτοῦ
557 2221 620 2288 πῶς
646 2219 761 2304 όρῶμεν
789 2219 837 2282 καὶ
864 2216 936 2281 αὐτὸ
958 2216 1093 2303 εἴρηται).
1138 2217 1191 2304 ἀφ’
1218 2220 1343 2285 ἑκάστου
1374 2222 1427 2308 γὰρ
1454 2229 1513 2286 τῶν

259 2322 373 2406 όρατῶν
400 2321 660 2407 άνακεχρωσμένον
687 2321 720 2384 τὸ
757 2325 822 2406 φῶς
850 2318 914 2383 κατ’
945 2319 1110 2404 εὐθυωρίαν
1137 2321 1308 2406 τεταγμένον
1340 2327 1404 2395 ταῖς
1438 2326 1512 2391 κατὰ

217 2441 246 2486 ιο
259 2431 344 2490 τοῦτο
372 2423 472 2494 οὔσαις
499 2423 600 2509 ὄψεσιν
625 2425 787 2488 διαδιδωσιν
814 2423 847 2486 τδ
874 2421 946 2487 ἴδιον
972 2423 1081 2500 πάθος,
1112 2426 1153 2494 ὡς
1179 2422 1230 2488 ἀπ’
1258 2424 1376 2491 ἐκείνων
1403 2425 1512 2494 ἔπαθεν

206 2616 275 2669 1-3
292 2611 480 2687 ἀλλ’-σχέσιν]
499 2612 631 2666 Vielmehr
647 2613 689 2666 die
701 2612 851 2681 Beweguug
868 2624 920 2663 νοιι
932 2608 1026 2663 beiden
1044 2609 1156 2664 ldrwehr
1167 2615 1282 2668 entsteht
1299 2617 1328 2669 iu
1340 2573 1390 2670 den
1407 2618 1500 2685 (durch
1512 2619 1565 2687 die)

205 2705 319 2772 Dingen,
337 2701 432 2755 welche
446 2700 579 2754 diesclbeu
596 2698 752 2752 eufnehmen
770 2698 851 2751 durch
863 2698 911 2750 das
924 2697 1144 2752 Geeeheuwerden
1162 2701 1216 2753 und
1229 2702 1308 2755 durch
1321 2704 1379 2757 eine
1392 2705 1441 2757 Art
1453 2722 1504 2759 νυιι
1517 2708 1565 2761 Be·

204 2791 318 2859 ziehung
390 2789 406 2842 5
428 2786 538 2840 ότι-δι’
560 2785 657 2855 αὐτῶν]
677 2801 752 2840 wenn
770 2801 797 2839 es
815 2784 928 2838 nhmlich
947 2783 1057 2853 mdglich
1077 2786 1121 2852 ist,
1139 2787 1199 2840 dese
1217 2789 1309 2858 irgend
1328 2793 1400 2845 eines
1418 2792 1463 2846 der
1481 2794 1566 2863 [linge

202 2878 369 2947 sapphirisch
388 2878 418 2929 in
435 2881 496 2929 ectu
514 2877 552 2929 sei
623 2874 691 2927 6-7
710 2870 895 2943 τδ-διαφανῆ]
914 2871 956 2924 die
969 2871 1046 2925 herm
1064 2873 1119 2926 und
1138 2873 1281 2945 deejenige‚
1300 2893 1352 2930 wes
1371 2879 1460 2946 ihnen,
1478 2882 1506 2934 iu
1524 2897 1565 2935 so·
1634 2944 1647 2973 ο

202 2965 262 3018 scm
280 2965 318 3017 sie
337 2963 500 3032 sapphirisch
519 2962 588 3027 sind,
605 2977 777 3031 engemeesen
793 2961 830 3013 ist
914 2959 943 3011 ll
964 2959 986 3011 τέ
1004 2958 1042 3029 δέ]
1062 2976 1137 3014 wenn
1155 2962 1222 3015 auch
1272 2980 1278 2993 ·
1306 2963 1408 3017 12-16
1426 2969 1466 3036 τῷ
1483 2968 1564 3038 γαρ-

202 3050 377 3122 έζητημένοις]
397 3051 467 3103 deun
482 3051 523 3103 die
536 3050 751 3119 Wehruehmuug
769 3048 814 3100 der
826 3045 930 3099 Ilarbcn
948 3048 1081 3113 geschicht
1097 3047 1217 3114 ldrwehr,
1236 3067 1310 3104 wenn
1324 3052 1370 3105 des
1384 3051 1566 3122 Sepphirische

202 3141 233 3192 in
252 3145 314 3192 ectu
332 3139 380 3201 ist,
402 3138 458 3190 und
475 3136 622 3207 desjeuigc‚
644 3136 752 3190 welches
771 3135 852 3187 schou
874 3133 1019 3187 heleuchtet
1036 3135 1085 3201 iet,
1108 3137 1172 3189 wird
1191 3144 1277 3191 zuerst
1294 3155 1345 3192 von
1364 3139 1409 3193 der
1427 3140 1510 3194 Ferbe
1528 3141 1565 3194 af·

203 3227 283 3290 ficirt,
301 3225 428 3279 nachdcm
446 3225 488 3278 die
506 3225 590 3278 llarbe
609 3224 745 3294 desjenige
763 3222 808 3288 ist,
825 3236 877 3274 νει
896 3236 924 3274 cs
943 3223 1051 3291 hewegt.
1082 3223 1173 3277 Darou
1192 3224 1254 3278 wird
1273 3226 1319 3279 des
1339 3227 1447 3281 Geeicht
1463 3227 1567 3294 elficirt

201 3312 331 3366 nachdem
351 3312 397 3365 des
416 3310 525 3365 Geslcht
547 3311 672 3365 cbenlclls
694 3309 842 3364 beleuchtet
858 3309 977 3374 worden,
1001 3310 1048 3363 wie
1067 3311 1189 3365 erlrutert
1207 3313 1308 3366 werden
1332 3314 1395 3366 wird
1414 3315 1442 3368 in
1460 3330 1565 3369 unserer

202 3401 359 3468 Forechung
377 3400 441 3453 dher
459 3399 506 3452 des
525 3398 641 3464 Gcsicht‚
659 3398 707 3451 wie
724 3412 752 3450 es
770 3396 808 3449 eei
910 3395 942 3448 18
960 3394 1066 3468 εἴρηται]
1086 3397 1169 3452 Futur
1271 3400 1374 3454 18-20
1391 3400 1436 3471 ἀφ’
1457 3402 1565 3456 ἑκάστου

203 3486 308 3539 -ῐδιυν
326 3483 418 3555 πάθος]
441 3486 511 3559 deun
533 3501 608 3539 wenn
633 3485 679 3538 des
697 3484 774 3538 Licht
796 3497 848 3536 ven
866 3483 951 3553 jedem
971 3483 1108 3547 einzelnen
1130 3486 1176 3539 der
1194 3487 1342 3540 sichtberen
1361 3488 1446 3558 Dinge
1471 3491 1564 3543 dessen

201 3575 288 3628 Farhc
307 3573 424 3627 crhelteu
436 3573 491 3639 het,
508 3574 562 3626 und
582 3573 625 3626 eiu
637 3571 716 3625 ledes
733 3585 784 3623 von
797 3571 887 3624 diesen
900 3570 999 3623 Beiden
1017 3571 1271 3641 gegeudbergestellt
1289 3575 1324 3626 ist
1342 3575 1370 3627 in
1383 3576 1476 3643 gradec
1488 3577 1564 3631 Linie

202 3663 262 3715 dem
281 3660 429 3714 Anblicken
454 3659 605 3729 [adspectus
628 3669 737 3726 ῃιγρζγγ)
751 3679 784 3702 =
798 3657 855 3710 vll
881 3658 935 3724 (καὶ
953 3656 1059 3726 αὐταῖς).
1095 3659 1163 3712 conf.
1182 3660 1277 3728 p.44‚7
1298 3672 1433 3731 numum,
1455 3663 1497 3716 die
1515 3664 1564 3717 Be·

200 3747 375 3801 trachlenden
390 3769 421 3792 =
434 3746 521 3817 κόραι,
544 3744 609 3814 st.]‚
628 3744 736 3798 welches
754 3745 796 3797 im
815 3745 933 3812 Sehen,
954 3761 984 3798 so
1002 3747 1092 3816 briugt
1110 3763 1138 3800 es
1156 3747 1236 3801 ihuen
1255 3748 1305 3801 deu
1326 3748 1433 3815 Umriss,
1451 3750 1565 3805 welcheu

201 3852 232 3888 cs
250 3835 438 3889 inehcsendere
456 3849 508 3888 νου
527 3835 608 3887 ihuen
626 3832 742 3887 ethelhere
759 3832 804 3885 het

205 4010 217 4060 l
246 4026 285 4066 τις
303 4008 399 4078 κίνησις
416 4008 434 4079 η
452 4007 581 4079 γινομένη]
601 4007 634 4061 cf.
656 4005 758 4061 152131
779 4006 823 4057 καὶ
841 4003 865 4058 εί
880 4024 917 4064 τις
934 4004 1038 4078 τοιαίντη
1057 4006 1123 4060 έστὶν
1142 4008 1168 4061 ἐν
1187 4006 1343 4081 διαφέρουσιν
1361 4009 1474 4079 σώμασιν
1490 4012 1563 4083 κοινῆ

202 4093 276 4162 φόσις
293 4095 310 4165 r}
328 4100 404 4148 τοῦτο
422 4094 546 4166 δυναμένη
653 4094 809 4164 Home
913 4093 1108 4166 άμφιυτέρωνα
1213 4095 1367 4168 έδιαφανῆ]
1385 4095 1409 4149 δι
1427 4098 1456 4150 iu
1473 4098 1545 4152 litv

201 4184 219 4237 5
237 4184 296 4236 τότέ
315 4182 377 4248 (sic)
396 4182 419 4234 V
515 4182 637 4252 ἐνέργειαν
655 4181 740 4235 αότῶν
758 4182 857 4252 legerat
874 4182 960 4234 Arabs
1054 4181 1071 4235 8
1092 4187 1162 4246 ,πῶς
1180 4181 1274 4252 γίνεται
1290 4182 1321 4237 τό
1338 4189 1395 4254 φῶς
1411 4184 1438 4237 έν
1456 4192 1493 4256 τῷ
1512 4184 1564 4239 δια-

201 4275 300 4340 'lm-²
329 4268 422 4338 γίνεται
441 4267 467 4323 δέ
485 4271 520 4322 V:
539 4268 633 4339 γίνεται
650 4268 712 4322 tle
807 4267 999 4341 9παρουσίαυ
1107 4270 1138 4324 15
1155 4268 1250 4340 τρόπῳ]
1270 4269 1303 4323 cf.
1320 4275 1358 4342 τῷ
1376 4272 1423 4343 γὰρ
1442 4271 1564 4346 εὔκρατον

202 4357 311 4425 μάλιστα
330 4356 392 4410 εἶναι
414 4355 443 4409 εδ
461 4362 535 4425 σῶμα
553 4354 623 4425 αὐτῷ
643 4354 694 4423 (διὰ
711 4354 787 4409 τοῦτο
809 4357 855 4427 γὰρ
873 4353 953 4422 κτλ.),
975 4355 1077 4426 τούτῳ
1096 4357 1140 4410 καὶ
1157 4357 1204 4427 την
1223 4357 1291 4429 ἁφὴν
1310 4359 1493 4432 ἀκριβεστάτην
1511 4350 1564 4436 ἔχει

205 4444 313 4497 132ν19
341 4447 379 4514 τῷ
399 4443 425 4497 δέ
443 4443 533 4498 ἄλλοτε
551 4441 616 4514 άλλη
635 4447 715 4496 ταῦτα
732 4443 793 4497 εἶναι
810 4445 854 4496 καὶ
872 4441 992 4496 δόνασθαι
1009 4450 1059 4497 πᾶν
1076 4443 1106 4498 τὸ
1125 4442 1153 4496 δν
1171 4443 1188 4516 ῆ
1206 4443 1330 4516 νοηθῆναι
1347 4444 1364 4517 ῆ
1383 4445 1432 4500 ὑπὸ
1450 4446 1564 4519 αἴσθησιν

201 4537 294 4594 πεσεῖν,
311 4529 414 4602 ταίιτφ
433 4533 514 4584 πάντα
531 4532 623 4601 γίνεται
643 4532 754 4585 140rin.
827 4530 858 4585 16
878 4531 905 4585 έν
922 4538 974 4591 τοῖς
987 4533 1042 4605 περὶ
1057 4535 1102 4585 τοῦ
1114 4538 1169 4592 πῶς
1187 4531 1287 4605 δρῶμεν
1300 4533 1473 4606 έζητημένοις]
1492 4536 1563 4590 hunc
1675 4532 1692 4569 ⁸

203 4617 296 4671 librum
310 4626 414 4672 exstare
432 4621 461 4672 in
479 4619 496 4671 l.
509 4620 553 4687 qui
571 4618 651 4671 fertur
668 4620 700 4672 de
717 4620 806 4672 anime
820 4619 901 4672 eltero
917 4620 1031 4672 coniecit
1043 4618 1179 4673 Fabricius
1191 4621 1222 4674 B.
1232 4620 1263 4674 d.
1278 4622 1310 4686 V,
1322 4620 1383 4688 660,
1400 4621 1513 4677 fruetule
1524 4625 1562 4677 ihi

202 4705 259 4758 ciue
281 4717 385 4759 serrata
408 4722 464 4760 esse
486 4707 542 4759 Vel.
560 4705 642 4770 Ruso,
664 4708 744 4759 Arist.
763 4706 856 4759 Pseud.
876 4706 927 4758 274
937 4722 975 4775 sq.
998 4711 1025 4758 et
1046 4706 1094 4758 hec
1117 4722 1204 4759 verum
1230 4712 1269 4760 eet
1291 4707 1323 4762 de
1340 4709 1401 4762 risu
1418 4709 1562 4763 secundum

202 4792 368 4847 Aristotelem
387 4791 700 4863 agi152122-153v13
718 4795 825 4863 passim.
838 4794 911 4847 locus
923 4793 1002 4859 43,18
1020 4793 1116 4844 citatus
1134 4792 1173 4847 ihi
1185 4809 1239 4848 nen
1252 4794 1348 4864 legitur
1420 4796 1452 4850 18
1469 4801 1515 4850 τοῦ
1532 4813 1561 4853 a:

150 4878 231 4943 ,td
250 4881 272 4931 V
384 4880 415 4933 19
434 4877 604 4953 ιόθεωρίανα
709 4879 744 4933 ‘20
761 4878 846 4941 οδσαις
863 4897 892 4934 e:
910 4880 1020 4934 ldrtesse
1039 4877 1186 4953 βλεποόσαις
