3540 5610
218 307 279 375 146
533 272 738 367 ιιοκιιιοιιι
762 310 805 365 ου
828 310 938 367 ιιιιιιι
962 309 1054 367 unm
1077 308 1250 368 ιιιιινιεοι

269 505 364 564 μενον.
408 484 486 568 παρὰ
509 485 545 569 δὴ
568 486 619 555 τὰς
640 485 773 557 τοιαύτας
796 486 935 571 διαφορὰς
961 490 1018 549 τῶν
1041 484 1198 570 δρωμένων
1224 486 1428 572 σχημάτωνὴ
1452 482 1518 569 ύψις

267 586 515 671 ἀντιλαμβάνεται.
559 589 611 673 τὴν
638 591 689 671 μὲν
712 590 765 674 γάρ
792 587 899 659 ἔξωθεν
928 591 1105 674 περιγραφὴν
1134 594 1192 652 τῶν
1215 588 1372 673 ὁρωμένων
1398 590 1437 672 τῇ
1460 590 1518 652 δια·
1531 603 1559 646 ει

267 694 344 772 φορᾷ
367 695 420 774 τῆς
441 689 533 775 χρόας
554 692 626 775 πρὸς
648 693 680 754 τδ
700 691 836 777 περιέχον
858 691 960 776 κρίνει·
984 691 1028 754 διδ
1051 693 1099 755 καί
1122 689 1267 776 δυσόρατα
1289 691 1308 775 ἢ
1329 691 1420 776 όρατά
1442 690 1511 754 καθ’

266 792 350 866 αὑτά,
373 791 451 862 ύσοις
474 793 619 879 ὁμόχρουν
641 795 674 857 τδ
697 793 842 879 περιέχον.
879 794 931 877 τὴν
954 793 986 856 δὲ
1006 793 1111 877 μεταξύ
1133 798 1186 878 τῆς
1208 792 1316 864 ἔξωθεν
1338 798 1518 879 περιγραφῆς

239 894 433 978 οέπιφάνειαν
461 896 607 982 ὁμόχρουν
636 897 687 981 μὲν
717 895 805 960 οὖσαν
833 896 880 960 καὶ
908 895 1042 960 ἐπίπεδον
1072 896 1206 979 τοιαύτην
1233 898 1281 960 καὶ
1309 899 1379 981 ὁρᾷ,
1407 897 1517 980 ὁμοίως

267 998 323 1061 ύπδ
346 1002 396 1061 τοδ
417 997 575 1084 χρώματος
600 1000 767 1082 κινουμένου
794 1003 846 1063 τοῦ
872 990 960 1062 αδτοδ
988 1000 1036 1061 καὶ
1063 999 1172 1083 ὁμοίως
1200 999 1367 1083 κινουμένου
1394 999 1443 1065 διὰ
1463 1003 1516 1063 τοῦ

267 1100 382 1183 μεταξύ.
426 1102 507 1166 εἰδὲ
534 1103 574 1187 μὴ
602 1102 736 1166 ἐπίπεδον
763 1101 809 1185 εἴη
838 1103 871 1165 τδ
900 1101 1019 1185 μεταξύ,
1047 1101 1122 1164 ἀλλὰ
1150 1101 1320 1185 ἀνώμαλον,
1347 1102 1374 1165 εί
1400 1105 1449 1166 καί
1472 1102 1514 1186 μὴ

265 1202 489 1289 ἀνομοιόχρουν,
512 1209 550 1287 τῇ
573 1205 757 1290 ἀνομοιότητι
779 1209 832 1288 τῆς
854 1207 904 1267 τοῦ
927 1206 1084 1288 χρώματος
1107 1204 1286 1289 ἀντιλήψεως
1307 1204 1405 1289 κρίνει.
1447 1203 1515 1267 οὔτε

264 1303 318 1389 γὰρ
341 1306 373 1368 τό
396 1311 460 1390 φώς
483 1308 590 1391 δμοίως
613 1309 661 1371 ἐπὶ
683 1311 775 1371 πάντα
807 1306 842 1370 τά
866 1305 951 1390 μόρια
977 1312 1027 1370 τοῦ
1050 1307 1207 1389 ἀνωμάλου
1235 1308 1330 1370 πίπτει
1354 1307 1401 1370 διὰ
1423 1307 1457 1370 τδ
1479 1306 1515 1369 τὰ
1528 1323 1557 1364 ου

225 1423 251 1467 ιι)
266 1407 317 1490 μὲν
339 1409 436 1472 αδτών
458 1408 530 1473 εἶναι
552 1414 647 1481 κοῖλα,
670 1409 705 1473 τὰ
728 1411 760 1474 δὲ
779 1412 880 1493 κυρτά,
903 1411 949 1472 καὶ
973 1410 1009 1471 τά
1032 1409 1083 1492 μὲν
1106 1408 1139 1471 έκ
1161 1410 1282 1491 πλαγίου
1303 1413 1355 1473 τοῦ
1377 1409 1514 1493 φωτίζον-

263 1535 326 1587 τος,
353 1512 390 1575 τά
411 1512 444 1575 δὲ
465 1512 644 1597 καταντικρύ.
689 1512 735 1576 διὰ
757 1512 811 1596 γὰρ
834 1511 938 1580 ταύτας
964 1511 1015 1579 τὰς
1036 1512 1190 1595 διαφοράς,
1217 1510 1270 1575 κάν
1293 1508 1510 1597 ύμωιύχρουνῇ

264 1615 297 1678 τδ
320 1615 479 1699 δρώμενον,
501 1616 537 1678 τὰ
559 1615 610 1696 μὲν
634 1614 859 1700 ἀχλυωδέστερα
881 1614 981 1687 αὐτοῦ,
1003 1613 1087 1677 τὰδὲ
1109 1613 1292 1698 εδσημότερα
1307 1614 1446 1699 φαίνεται,
1469 1616 1549 1679 οό-.“

263 1740 321 1785 τως
344 1717 433 1780 δὲτὰ
457 1719 509 1802 μὲν
531 1717 697 1803 είσέχοντα,
727 1719 763 1781 τά
785 1719 817 1780 δὲ
843 1716 980 1802 ἐξέχοντα
1002 1716 1190 1801 όραθησεται.
1234 1716 1250 1778 ὃ
1274 1716 1444 1801 μιμούμενοι
1466 1720 1514 1782 καὶ

263 1821 290 1882 οἱ
314 1822 476 1906 ζῳγράφοι,
507 1820 575 1884 όταν
599 1822 758 1906 βούλωνται
784 1819 881 1884 ἀνισον
903 1820 993 1889 δεῖξαι
1021 1819 1115 1904 ἐντῷ
1144 1818 1227 1904 αὐτῷ
1249 1818 1282 1882 δν
1304 1819 1449 1905 ἐπιπέδῳ.
1477 1820 1514 1883 τὰ

223 1938 248 1982 ιο
263 1921 316 2005 μὲν
337 1925 525 2006 φωτίζουσιν,
554 1923 589 1985 τά
611 1924 644 1987 δὲ
665 1923 887 1995 ἐπισκιάζουσιν.
931 1922 1008 1987 ούτω
1029 1922 1084 2007 γὰρ
1110 1922 1147 1986 τὰ
1169 1923 1221 2005 μὲν
1243 1921 1395 2006 ἐξέχοντα,
1423 1923 1458 1986 τὰ
1480 1923 1513 1985 δέ

261 2025 413 2111 εἰσέχοντα
434 2026 530 2090 αὐτῶν
553 2026 696 2110 φαίνεται,
727 2025 775 2088 καί
798 2024 934 2111 ἐξέχοντα
961 2025 1012 2107 μὲν
1034 2025 1070 2088 τά
1097 2027 1205 2106 μᾶλλον
1227 2024 1449 2109 πεφωτισμένα,
1475 2024 1512 2086 εί·
1526 2039 1553 2082 τε

262 2128 388 2212 σέχοντα
415 2125 453 2192 δέ
473 2130 509 2192 τά
532 2128 753 2211 ἐπεσκιασμένα.
799 2127 921 2211 μέγεθος
943 2129 975 2190 δὲ
998 2127 1052 2212 δρᾷ
1079 2127 1128 2190 καί
1154 2126 1241 2211 κρίνει
1268 2132 1306 2212 τῇ
1334 2132 1387 2191 τοῦ
1414 2130 1510 2190 κώνου

261 2232 351 2316 γωνία
376 2236 413 2315 τῇ
437 2234 509 2317 πρδς
533 2237 570 2314 τῇ
600 2229 664 2316 ὄψει
690 2230 892 2314 συνισταμένη.
937 2230 1012 2293 κατὰ
1036 2236 1130 2293 κῶνον
1156 2230 1210 2314 γάρ
1236 2232 1292 2315 όρᾷ
1319 2231 1354 2295 τά
1375 2231 1512 2315 δρώμενα

260 2336 389 2419 κορυφὴν
417 2335 468 2417 μὲν
496 2335 547 2418 τὴν
575 2332 663 2418 κόρην
686 2331 805 2418 ἔχοντα,
838 2333 921 2416 βάσιν
947 2332 980 2395 δὲ
1006 2332 1058 2415 τὴν
1081 2333 1232 2416 δρίζουσαν
1258 2318 1396 2416 γραμμὴν
1421 2332 1509 2395 τότε
1545 2318 1556 2341 ⁰

219 2437 406 2522 νυύρώμενον
433 2441 484 2500 τοδ
510 2422 653 2521 αἰσθητοῦ
680 2438 816 2518 σώματος
842 2436 890 2499 καλ
919 2436 970 2519 μή.
1014 2434 1120 2517 γίνεται
1148 2437 1180 2498 δὲ
1208 2424 1339 2505 όκώνος
1366 2434 1450 2504 οὗτος
1474 2435 1510 2499 οδ

260 2540 334 2605 κατὰ
356 2541 477 2604 ἀκτίνων
499 2537 629 2625 ἔκχυσιν,
657 2537 716 2602 ἀλλ’
745 2539 803 2602 ἀπδ
826 2542 878 2601 τοῦ
901 2537 1062 2623 δρωμένου.
1103 2543 1155 2621 τῆς
1175 2538 1230 2622 γὰρ
1252 2537 1343 2623 χρόας
1365 2543 1512 2622 κινητικῆς

259 2642 348 2727 οὔσης
375 2647 426 2706 τοῦ
452 2641 514 2707 κατ’
543 2641 685 2726 ἐνέργειαν
711 2643 866 2726 διαφανοῦς
892 2641 941 2704 καί
966 2645 1019 2724 τῆς
1051 2641 1082 2704 έν
1109 2639 1203 2725 τούτῳ
1229 2641 1381 2725 γινομένης
1407 2643 1507 2726 ὥσπερ

259 2749 401 2831 χρώσεως
422 2743 467 2810 ἐπ’
488 2745 604 2813 εὐθείας
625 2742 776 2827 γινομένης
798 2743 1005 2828 παραπλησίως
1027 2747 1069 2828 τῷ
1090 2743 1166 2827 φωτὶ
1188 2743 1274 2806 παντί
1293 2767 1325 2808 τε
1347 2748 1391 2829 τῷ
1406 2762 1550 2834 κάων-ω
1578 2812 1581 2818 ,

259 2849 338 2933 τικρδ
361 2848 617 2933 προσκαθημένης,
641 2847 764 2929 μαλιστα
787 2847 819 2909 δὲ
840 2849 899 2914 τοῖς
918 2846 1005 2914 λείοις
1027 2848 1075 2908 καί
1097 2848 1240 2930 λαμπροῖς
1262 2844 1455 2932 προσιζούσης
1476 2871 1509 2912 τε

218 2967 245 3009 αι
258 2953 305 3014 καὶ
328 2951 574 3036 προσλαμπούσης
595 2949 727 3033 (τοιαύτη
751 2951 782 3011 δέ
804 2950 853 3012 καὶ
874 2934 893 3032 ἦ
914 2947 1011 3033 κόρη),
1034 2949 1215 3012 συνίστανταί
1227 2971 1300 3018 τινες
1322 2950 1394 3033 πρδς
1415 2950 1507 3035 ταύτη

259 3060 346 3118 κῶνοι
369 3055 427 3118 ἀπδ
449 3057 499 3117 τοῦ
517 3052 676 3137 δρωμένου,
699 3052 754 3114 οἶοι
778 3053 829 3135 τὴν
845 3050 968 3136 ἔμφασιν
992 3051 1131 3136 δέχεσθαι
1154 3051 1206 3135 τὴν
1226 3048 1276 3114 ἀπ’
1296 3051 1396 3115 αὐτοῦ.
1433 3054 1508 3117 κατὰ

258 3159 312 3241 γὰρ
339 3161 432 3220 κῶνον
460 3157 583 3220 ἑκάστου
610 3160 667 3218 τῶν
694 3152 739 3217 ἐπ’
767 3154 883 3224 εὐθείας
912 3153 1067 3237 δρωμένων
1094 3155 1127 3217 τὸ
1149 3142 1232 3222 εἷδοέ
1251 3158 1303 3217 τοδ
1330 3154 1436 3237 δρατοδ
1458 3155 1507 3239 ἐμ-

258 3262 396 3344 φαίνεται.
441 3260 481 3322 ὧν
509 3261 611 3322 κώνων
638 3262 701 3326 ταῖς
727 3256 842 3338 γωνίαις
868 3255 904 3318 τὰ
926 3257 1016 3340 μείζω
1044 3258 1092 3320 καὶ
1122 3256 1158 3320 τά
1184 3256 1295 3320 ἐλάττω
1321 3257 1369 3320 καὶ
1398 3259 1434 3321 τά
1456 3257 1506 3323 ἴσα

259 3363 357 3446 κρίνει·
380 3362 416 3426 τά
440 3362 567 3445 μὲνγὰρ
590 3360 665 3429 ἴσαις
688 3361 822 3443 όρώμενα
843 3359 959 3441 γωνίαις
982 3358 1039 3431 ἴσα,
1065 3359 1101 3422 τὰ
1124 3359 1156 3422 δὲ
1179 3359 1305 3442 μείζοσιν
1329 3361 1420 3443 μείζω
1442 3365 1508 3446 δρᾷ.

217 3466 463 3550 υοάποστήματος
488 3465 521 3527 δὲ
550 3469 600 3527 τοῦ
628 3461 679 3547 ἀφ’
706 3463 796 3546 αὑτῆς
824 3461 895 3544 πρὸς
920 3462 953 3524 τὸ
981 3462 1128 3545 δρώμενον
1159 3462 1207 3525 καί
1237 3464 1430 3546 διαστήματος
1456 3469 1508 3528 τοῦ
1522 3481 1562 3551 ιι·

258 3568 363 3653 μεταξύ
385 3572 443 3631 τῶν
466 3566 623 3652 ὁρωμένων
646 3565 883 3649 ἀντιλαμβάνεται
903 3565 924 3647 ἡ
945 3562 1008 3648 ὄψις
1030 3568 1082 3627 τοῦ
1105 3565 1156 3647 μὲν
1179 3566 1373 3649 διαστήματος
1394 3570 1433 3649 τῇ
1455 3571 1507 3631 τοῦ

257 3675 353 3735 κώνου
374 3671 475 3754 γωνίᾳ,
497 3669 529 3738 ὃς
543 3670 602 3732 ἀπὸ
623 3673 674 3731 τοδ
698 3667 802 3748 μεταξὺ
825 3671 882 3729 τών
903 3665 1058 3751 δρωμένων
1081 3668 1129 3730 καὶ
1144 3666 1234 3731 αὐτοῦ
1256 3668 1420 3732 συνίσταται
1435 3671 1507 3755 πρὸς

257 3778 295 3858 τῇ
317 3772 392 3856 κόρη
414 3771 471 3857 (τῷ
495 3771 601 3854 ταύτης
622 3773 658 3854 δὴ
683 3769 800 3853 μεγέθει
823 3775 875 3852 τῆς
896 3769 1001 3851 γωνίας
1023 3769 1111 3854 κρίνει
1132 3770 1165 3833 τδ
1186 3771 1331 3856 διάστημα
1353 3776 1412 3833 τῶν
1435 3773 1508 3856 όρω·

258 3877 366 3960 μένων·
390 3874 455 3939 τότε
475 3875 529 3959 γὰρ
545 3875 701 3959 ἀφεστῶτα
717 3874 851 3957 ἀλλήλων
874 3872 936 3935 τινὰ
955 3873 1096 3958 φαίνεται,
1119 3872 1187 3936 όταν
1210 3874 1240 3936 ἐν
1262 3879 1306 3960 τῷ
1331 3874 1436 3958 μεταξὺ
1459 3874 1507 3938 αὖ·

216 3996 242 4039 ιιι
256 3984 314 4041 τῶν
336 3977 438 4064 ὁρατόν
461 4002 487 4041 τι
508 3974 559 4062 γ’γ).
585 3980 636 4039 τοῦ
663 3978 695 4039 δέ
724 3973 776 4059 ἀφ’
804 3975 894 4059 αὐτῆς
922 3975 1128 4060 ἀποστήματος
1154 3977 1322 4040 αἰσθάνεται
1350 3976 1399 4040 διά
1423 3998 1508 4063 συνη

203 4222 219 4273 3
242 4221 351 4273 fortasse
369 4217 385 4290 ἡ
403 4219 463 4289 <μη>
480 4215 557 4288 δρατὰ
646 4217 662 4269 5
685 4214 809 4285 ὁμόχρω-
826 4217 864 4268 sic
883 4217 911 4268 in
930 4216 1014 4268 medio
1032 4232 1108 4268 versu
1126 4217 1161 4267 V:
1184 4214 1289 4289 όμόχρω
1308 4232 1324 4268 ο
1412 4215 1429 4265 6
1451 4215 1561 4271 fortasse

203 4308 251 4361 ὑπὸ
269 4312 314 4360 τού
332 4305 468 4377 χρώματος
486 4306 656 4375 κινουμένη
677 4303 744 4370 (scil.
762 4303 779 4373 ἡ
799 4302 866 4374 ὄψις)
954 4303 994 4357 διά
1011 4308 1057 4356 τού
1075 4301 1180 4373 μεταξύ]
1200 4304 1336 4372 intellegas
1354 4303 1386 4357 de
1405 4318 1464 4357 ποτε
1481 4305 1561 4358 ἀπίετ-

203 4396 296 4448 medio.
332 4395 380 4448 hoc
398 4393 468 4447 onim
487 4392 564 4445 dicit:
591 4393 660 4443 visus
680 4392 849 4442 animadvertit
872 4393 1023 4459 superficiem
1047 4390 1189 4442 unicolorem
1215 4390 1298 4454 talem,
1323 4391 1405 4456 ριιαίιὶτ
1428 4401 1479 4451 σοι,
1502 4393 1560 4457 quia

201 4483 361 4550 aequabiliter
379 4499 426 4547 per
448 4481 549 4531 colorem
573 4491 677 4530 movetur
699 4477 803 4547 (ὁμοίως
820 4477 869 4530 ὑπὸ
890 4483 935 4530 τοῦ
958 4478 1093 4550 χρώματος
1115 4478 1276 4549 κινουμένη),
1299 4479 1388 4544 quippe
1411 4478 1456 4544 ριιί
1476 4491 1498 4529 ει
1520 4480 1562 4544 (in

202 4572 288 4636 quavis
305 4568 447 4635 superficiei
459 4568 601 4637 particula)
625 4568 686 4617 idem
712 4569 744 4617 sit
769 4565 828 4633 (δπδ
849 4571 895 4619 τοῦ
915 4566 1051 4640 χρώματος
1073 4571 1128 4618 τοῦ
1151 4566 1257 4632 αὐτοῦ)
1281 4578 1304 4616 τι
1326 4567 1489 4631 aequabiliter
1512 4584 1561 4616 ινιο·

200 4670 286 4709 veamr
299 4675 347 4726 per
365 4657 469 4725 εμοιίιιια
488 4655 651 4706 intermedium
670 4654 725 4721 (καὶ
744 4652 839 4721 δμοίως
857 4655 1002 4722 κινουμένου
1021 4653 1060 4706 διὰ
1077 4658 1123 4706 τοῦ
1140 4652 1245 4721 μεταξύ)
1318 4653 1350 4705 12
1368 4652 1562 4726 ἀχλυωδέστερα

201 4740 581 4814 aewmfflmfflmssffl
689 4739 1193 4810 Βηωψωπῃώμωῶ
1254 4738 1518 4811 ‘Mfflfflmn

200 4834 310 4885 fortasse
328 4834 373 4896 (τι)
390 4830 473 4884 άνισον
552 4830 581 4881 Ιδ
600 4828 686 4883 αὐτῶν
704 4845 788 4882 ουκο
870 4829 900 4882 17
918 4847 945 4880 τι
963 4830 1041 4882 mla
1120 4830 1151 4881 13
1169 4828 1296 4900 γιυντίηο
1375 4828 1408 4881 2ss
1427 4826 1563 4899 δίχιταιιι

200 4921 235 4975 35
254 4939 277 4975 τι
297 4921 325 4975 in
344 4920 384 4975 lit.
399 4920 419 4971 V
