3540 5610
781 303 978 356 PRAEFATIO
1509 315 1569 355 svn

298 477 336 541 In
365 477 556 559 colligendis
583 475 677 541 huius
711 475 860 542 editionis
887 473 1039 540 subsidiis
1073 476 1180 558 plures
1206 474 1264 541 viri
1300 473 1384 539 docti
1412 473 1569 540 benevole

211 616 265 661 me
291 596 493 663 adiuverunt.
537 596 583 662 ita
611 596 641 663 J.
665 595 842 681 Bywater
869 593 1068 661 confirmavit
1090 593 1306 661 Oxoniensem
1334 594 1374 659 de
1401 593 1509 658 anima
1536 600 1569 660 et

211 715 353 780 codicem
377 736 474 781 manu
502 716 654 800 scriptum
681 721 713 780 et
735 714 849 778 librum
873 734 959 778 anno
984 715 1063 779 1481
1092 714 1226 797 editum,
1256 713 1344 777 cuius
1373 713 1567 779 mentionem

210 833 287 898 lecit
311 834 478 899 Fabricius
501 833 643 920 (Harles)
667 833 748 898 Bibl.
772 832 886 898 Graec.
909 854 940 916 p.
956 834 1017 899 661
1041 834 1108 898 ns
1131 840 1163 899 et
1185 832 1260 898 adn.
1283 852 1335 916 ee,
1357 852 1422 896 nen
1445 830 1568 914 Aphro·

209 953 359 1018 disiensis
382 974 468 1037 esse,
496 953 554 1018 sed
577 952 672 1018 medii
701 953 773 1017 aevi
801 954 1074 1038 commentatoriS,
1102 961 1137 1018 ut
1159 954 1298 1037 videtur,
1325 951 1500 1018 Alexandri
1527 952 1568 1016 de

209 1072 419 1138 Alexandria.
465 1072 581 1137 deinde
604 1072 704 1136 Italus
727 1071 825 1136 libros
848 1091 920 1137 mea
943 1090 1041 1136 causa
1063 1072 1273 1156 inspexerunt
1296 1075 1332 1136 A.
1349 1073 1433 1136 lllau
1455 1071 1568 1136 Rorna-

208 1212 272 1255 nus
298 1199 330 1257 et
352 1191 523 1256 Eduardus
552 1211 642 1256 meus
664 1192 860 1257 Schwartz
885 1191 1072 1256 Bonnensis.
1116 1191 1261 1275 inprimis
1288 1211 1365 1256 vero
1389 1190 1567 1254 Guilelmus

206 1311 387 1395 Meyerus
415 1310 488 1374 olim
511 1309 730 1395 Monacensis,
762 1330 846 1375 nunc
869 1309 1090 1392 Gottingensis
1118 1319 1149 1375 et
1177 1310 1360 1375 Fridericus
1387 1309 1567 1375 Fliedner

206 1429 406 1493 Matritensis
426 1429 635 1512 evangelicae
657 1429 814 1495 ecclesiae
834 1429 978 1494 minister
994 1429 1148 1512 singulari
1170 1450 1221 1495 me
1236 1430 1450 1495 devinxerunt
1472 1430 1567 1495 bene·

203 1548 366 1632 volentia,
398 1568 531 1631 quorum
555 1550 638 1615 alter
661 1558 859 1615 correcturas
881 1549 1020 1634 exempli
1044 1550 1219 1614 Victoriani
1242 1549 1319 1612 milri
1343 1549 1512 1634 exscripsit
1534 1557 1567 1617 et

201 1668 433 1732 Monacensem
457 1665 571 1731 librum
592 1667 706 1734 iterum
729 1669 877 1752 contulit,
900 1671 983 1735 alter
1006 1677 1159 1753 excerpta
1180 1667 1382 1733 Matritensis
1403 1668 1436 1733 in
1460 1689 1565 1734 meum

200 1807 296 1852 usum
330 1787 482 1852 excussit.
531 1792 684 1870 quantum
713 1807 790 1853 vern
818 1789 954 1854 debeam
982 1789 1115 1854 consilio
1143 1795 1175 1853 et
1201 1787 1362 1853 amicitiae
1388 1788 1563 1853 Hermanni

203 1905 315 1970 Diels
338 1913 371 1970 et
393 1906 568 1971 Hermanni
585 1907 746 1991 Usener,
770 1928 834 1972 nnn
858 1928 988 1992 possum
1011 1908 1200 1991 singillatim
1224 1927 1421 1972 enumerare.
1457 1907 1563 1973 animo

204 2033 299 2108 grato
323 2024 401 2107 quid
423 2025 570 2110 sentiam,
594 2026 655 2111 ipsi
677 2027 789 2092 scient.

397 2282 505 2347 Kiliae
1279 2286 1338 2350 Iro
1361 2285 1476 2349 Bnuus.

288 2401 391 2466 mensi
415 2401 608 2468 Novembre.

242 5036 352 5086 Supplem.
367 5039 431 5076 Arist
447 5038 474 5076 ll.
489 5038 592 5079 Alexand.
608 5041 630 5079 d.
646 5041 729 5081 Auitus.
