3540 5610
649 329 705 402 [ου
728 333 839 388 Διιιιιι
860 333 963 388 mmm
985 331 1113 404 ιυευιι]
1499 331 1558 398 143

257 505 300 567 ὢν
322 506 355 569 τδ
371 504 429 569 ἀπδ
451 509 503 569 τοῦ
518 505 668 590 ύρωμένου
689 505 767 576 είδοτ
781 508 829 571 καί
848 512 956 593 χρῶμα
975 507 1133 591 διαγγέλλει
1155 511 1197 592 τῷ
1214 506 1388 593 αἰσθητικῷ.
1419 510 1504 570 τοῦτο

256 608 290 671 δέ
312 608 400 693 κρίνει
426 612 464 691 τῇ
487 608 635 694 προσβολῇ
667 613 704 693 τῇ
732 609 791 673 άπδ
814 611 923 674 τούτων
949 612 982 675 τδ
1008 610 1171 695 προσπεσὸν
1193 615 1311 695 χρῶμα.
1356 611 1429 693 αῦτη
1451 609 1505 692 γάρ

256 709 341 793 φύσις
362 711 531 796 αἰσθήσεως
551 712 584 774 τὸ
600 711 646 775 διὰ
660 716 718 775 τῶν
734 712 930 797 αἰσθητηρίων
953 712 987 776 τὰ
1012 710 1016 796 Ι
1041 712 1262 796 διαγγελλόμενα
1277 714 1378 796 κρίνειν
1394 712 1485 796 πάθη.
1505 727 1558 772 τοι,

256 810 318 875 ἔστι
340 814 373 876 ῦέ
395 813 430 877 ού
451 813 568 899 τοιαύτη
596 815 615 898 ἡ
639 815 668 878 ἐν
690 820 733 900 τῷ
757 815 821 899 αἰέρι
849 816 960 901 καὶτῷ
985 817 1118 899 διαφανεῖ
1143 820 1185 901 τῷ
1214 816 1286 879 κατὰ
1309 816 1426 897 δύναμιν
1449 813 1505 878 ύπό

226 931 288 978 ατε
308 919 361 978 τοῦ
384 917 474 1000 τωρδς
501 917 549 980 καί
575 922 632 978 τῶν
658 905 825 1000 χρωμάτων
847 919 955 1001 τροπή,
983 918 1084 981 ὁποίαν
1111 918 1206 1001 φαμὲν
1233 918 1263 981 ἐν
1290 921 1351 987 τοῖς
1376 918 1506 981 άλλοιουὲ

257 1017 354 1100 μένοις
375 1019 515 1102 γίνεσθαι.
558 1020 578 1101 ἡ
602 1018 653 1102 μέν
675 1018 729 1102 γὰρ
752 1020 904 1089 ἀλλοίωσις
930 1021 1039 1102 κίνησίς
1060 1021 1136 1084 ἐστιν
1158 1021 1206 1084 καὶ
1228 1020 1258 1083 ἐν
1280 1019 1378 1105 χρόνῳ
1400 1021 1505 1101 γίνεται

255 1122 401 1185 καὶκατὰ
426 1121 601 1206 μεταβολήν,
628 1121 661 1183 τὸ
684 1121 716 1184 δέ
738 1123 874 1206 διαφανὲς
900 1122 957 1207 οὐχ
979 1122 1071 1192 οῦτως
1093 1123 1125 1186 τὸ
1148 1127 1212 1208 φῶς
1233 1123 1281 1186 καὶ
1304 1122 1340 1186 τὰ
1361 1124 1504 1208 χρώματα

256 1223 389 1309 δέχεται,
416 1227 456 1293 ὡς
481 1224 661 1308 ηλλοιῦσθαι
690 1224 737 1286 καί
763 1229 868 1299 ταῦτα,
895 1223 955 1287 ἀλλ’
983 1223 1059 1288 ἔστιν
1087 1224 1179 1295 ούτως
1205 1222 1359 1309 λεγόμενον
1381 1225 1505 1309 πάσχειν

255 1326 289 1390 τὸ
316 1326 467 1412 διαφανές,
494 1329 536 1395 ὡς
560 1326 587 1389 εί
613 1328 660 1389 καὶ
686 1327 734 1389 τὸν
760 1326 850 1396 δεξιὸν
876 1326 1028 1411 γενόμενόν
1058 1351 1133 1397 τινος
1160 1326 1334 1391 πεπονθέναι
1362 1324 1441 1410 λέγοι
1464 1349 1506 1395 τις
1532 1341 1546 1384 σ
1579 1386 1584 1397 ,

212 1446 242 1490 ιυ
256 1430 333 1513 μήτε
355 1428 507 1513 κινηθέντα
529 1428 615 1492 αύτδν
639 1430 713 1513 μήτε
734 1452 761 1492 τι
782 1430 877 1498 πάθος
899 1429 1107 1514 ἀναδεξάμενον
1131 1429 1160 1492 ἐν
1182 1428 1273 1514 αὐτῷ.
1310 1428 1429 1513 τοιαύτη
1451 1429 1505 1513 γὰρ

256 1532 305 1595 καὶ
329 1533 348 1614 η
371 1537 422 1595 τοῦ
441 1534 596 1617 διαφανοῦς
618 1532 709 1615 τροπὴ
732 1534 806 1595 κατά
826 1555 858 1595 τε
879 1532 912 1594 τδ
928 1537 991 1617 φῶς
1013 1533 1061 1596 καὶ
1084 1533 1118 1595 τὰ
1137 1533 1294 1617 χρώματα·
1317 1554 1353 1614 τη
1378 1531 1432 1617 γὰρ
1454 1535 1506 1595 τοῦ

257 1635 434 1720 φωτίζοντος
456 1634 476 1716 ἡ
499 1632 705 1720 κεχρωσμένου
728 1635 871 1717 παρουσία
893 1635 1074 1697 τοιοῦτοντὸ
1097 1634 1231 1718 διαφανὲς
1252 1633 1372 1716 γίνεται,
1396 1636 1437 1702 ὡς
1458 1635 1506 1697 καὶ

256 1741 295 1821 τῇ
318 1741 369 1800 τοῦ
392 1735 423 1805 ἐξ
444 1736 600 1821 ἀριστερῶν
623 1737 820 1821 παραστάντος
843 1737 944 1821 σχέσει
967 1736 983 1799 ό
1005 1735 1108 1806 δεξιός·
1136 1740 1255 1820 σημεῖον
1278 1736 1310 1799 δέ
1332 1739 1383 1799 τοῦ
1406 1739 1504 1798 τοῦτον

256 1836 336 1924 ἔχειν
358 1838 408 1902 τὸν
429 1838 544 1922 τρόπον,
567 1838 611 1902 ύτι
633 1842 673 1908 ὡς
696 1839 711 1902 ύ
734 1838 823 1908 δεξιὸς
845 1839 965 1903 παύεται
988 1839 1079 1908 δεξιὸς
1101 1839 1141 1901 ὢν
1163 1840 1354 1922 μεταστάντος
1375 1840 1426 1900 τοῦ
1446 1838 1506 1923 dp:-

211 1959 242 2003 15
256 1946 375 2026 σπροῦ,
405 1939 496 2009 ούτως
523 1942 571 2004 καλ
593 1941 625 2004 τδ
648 1947 712 2027 φῶς
734 1941 855 2005 παύεται
882 1943 1072 2024 μεταστάντος
1098 1945 1148 2005 τοῦ
1171 1941 1353 2025 φωτίζοντος,
1397 1941 1507 2024 ὁμοίως

256 2046 291 2109 δέ
320 2045 369 2108 καὶ
399 2047 450 2107 τού
480 2043 604 2127 ὁρᾶσθαι
636 2043 797 2128 πεφυκότος
827 2042 948 2107 παύεται
974 2049 1101 2108 τοιοῦτον
1129 2042 1201 2107 εἶναι
1234 2046 1275 2113 ὡς
1301 2042 1384 2107 οὐδὲν
1411 2042 1506 2112 πάθος
1519 2059 1546 2102 ιο

255 2146 466 2229 ἀναδεξάμενον
489 2145 564 2208 κατὰ
585 2146 638 2230 τὴν
661 2146 691 2209 ἐν
713 2146 793 2231 αὐτῷ
812 2148 985 2232 μεταβολήν,
1008 2147 1084 2211 ἀλλὰ
1105 2145 1261 2230 γενομένης
1281 2145 1364 2232 αῦτιγῖ
1386 2150 1438 2231 τῆς
1459 2148 1504 2210 δο-

257 2249 368 2333 κούσης
389 2250 577 2318 ἀλλοιώσεως
598 2248 671 2312 κατὰ
693 2249 803 2335 σχέσιν.
840 2249 889 2312 καὶ
910 2246 1002 2314 ἔοικεν
1025 2251 1072 2314 καὶ
1094 2250 1126 2313 τδ
1149 2253 1212 2334 φῶς
1234 2248 1282 2312 καλ
1304 2248 1340 2312 τά
1361 2251 1506 2334 χρώματα

233 2351 355 2436 ’ἐντῷ
382 2353 516 2436 διαφανεῖ
534 2351 662 2433 γίνεσθαι
688 2352 787 2435 ὥσπερ
809 2352 856 2414 καὶ
884 2353 903 2435 ἡ
926 2352 993 2417 σκιά
1015 2353 1120 2436 τρόπον
1143 2353 1213 2415 τινά.
1259 2354 1300 2420 ὡς
1320 2350 1374 2434 γάρ
1396 2352 1415 2434 ἠ
1438 2351 1505 2415 σκιὰ

212 2470 245 2514 ευ
258 2459 296 2538 τῇ
318 2457 369 2517 τοῦ
390 2453 551 2518 ἐπισκοτεῖν
574 2453 735 2538 πεφυκότος
756 2454 900 2539 παρουσία
923 2455 953 2518 ἐν
975 2460 1034 2525 τοῖς
1051 2453 1301 2537 ἐπισκοτουμένοις
1322 2452 1437 2535 γίνεται,
1460 2453 1506 2517 ού·

257 2580 315 2626 τως
341 2556 375 2619 δέ
397 2557 444 2619 καί
468 2556 502 2618 τό
524 2561 588 2641 φῶς
614 2557 663 2619 καὶ
689 2556 724 2618 τά
750 2559 903 2641 χρώματα.
946 2555 1063 2644 ἀθρόως
1084 2560 1152 2639 γοῦν
1179 2556 1228 2620 καὶ
1254 2559 1344 2618 ταῦτα
1369 2559 1505 2620 τοσοῦτον

256 2660 306 2723 καλ
328 2659 422 2726 ούτως
443 2662 494 2721 τοῦ
517 2657 603 2742 ἀέρος
624 2658 825 2744 ἐπιλαμβάνει,
851 2658 920 2724 ὅσον
942 2660 1058 2724 δύναται
1081 2661 1139 2724 ἀπὸ
1162 2662 1212 2723 τοῦ
1234 2656 1371 2722 τοσούτου
1393 2659 1507 2743 διαστή-
1520 2675 1547 2717 ισ

257 2784 348 2844 ματος
369 2760 525 2845 ἐπιλαβεῖν,
548 2761 646 2845 ὥσπερ
670 2761 717 2824 καὶ
740 2762 759 2845 ἡ
781 2763 858 2825 σκιά.
898 2765 947 2827 καὶ
970 2763 986 2825 ὃ
1009 2760 1141 2847 μέγιστόν
1164 2761 1225 2825 ἐστι
1247 2763 1367 2844 σημεῖον
1390 2763 1440 2823 τοῦ
1463 2763 1504 2845 μὴ

256 2864 411 2928 ἀλλοίωσιν
439 2863 514 2947 μηδὲ
540 2863 648 2948 κίνησιν
670 2862 742 2927 εῖναι
764 2867 920 2949 διαφανοῦς
945 2866 979 2928 τδ
1004 2864 1165 2948 γινόμενον·
1199 2867 1256 2928 πᾶν
1277 2863 1332 2947 γὰρ
1361 2863 1394 2925 τό
1416 2863 1506 2926 κινού-

215 2981 344 3047 ασμενον
367 2966 397 3028 ἐν
412 2964 510 3052 χρόνιρ
532 2970 650 3030 κινεῖται
671 2967 719 3030 καὶ
734 2973 847 3051 πρῶτον
869 2956 918 3030 ἐπὶ
940 2967 976 3030 τὰ
995 2967 1137 3051 ἐγγυτέρω
1160 2969 1288 3051 πρόεισιν
1310 2967 1357 3030 καὶ
1380 2965 1410 3028 ἐν
1426 2966 1506 3029 ἐλάτ-

256 3093 317 3133 τονι
339 3066 449 3154 χρόνῳ,
471 3064 528 3131 εἶθ’
556 3069 648 3138 ούτως
670 3068 718 3131 ἐπὶ
739 3069 971 3155 τὰπορρωτέρω
994 3071 1042 3133 καὶ
1064 3069 1093 3132 ἐν
1117 3071 1240 3146 πλείονι,
1262 3070 1295 3133 τδ
1318 3070 1350 3132 δέ
1372 3072 1436 3152 φύς
1457 3070 1505 3132 καί

185 3160 194 3173 ’
256 3171 296 3235 τά
316 3170 380 3255 εῶη
403 3175 461 3233 τῶν
483 3170 638 3256 ὁρωμένων
661 3168 781 3254 ἀθρόως
806 3175 853 3236 καὶ
876 3172 985 3254 ὁμοίως
1011 3172 1042 3235 ἐν
1064 3174 1147 3235 παντὶ
1175 3178 1217 3257 τῷ
1240 3171 1315 3236 κατὰ
1336 3175 1425 3234 ταῦτα
1447 3172 1505 3234 δια·

258 3278 348 3359 φανεῖ
366 3274 482 3356 γίνεται,
505 3274 605 3357 ὥσπερ
626 3274 675 3337 καὶ
696 3275 715 3357 ἡ
739 3275 806 3338 σκιὰ
829 3276 876 3337 καὶ
899 3275 932 3338 τό
955 3273 1067 3344 σκότος.
1100 3275 1148 3338 καί
1169 3273 1224 3358 γὰρ
1246 3273 1308 3355 ἅμα
1329 3273 1359 3342 ἐξ
1381 3273 1506 3344 ἅπαντος

255 3380 309 3441 τοῦ
335 3377 491 3461 διαφανοῦς
516 3374 628 3439 άπεισιν
654 3376 687 3439 τὸ
715 3380 779 3460 φῶς
804 3378 853 3440 καὶ
879 3376 941 3459 ἅμα
967 3377 996 3440 ἐν
1022 3376 1105 3439 παντὶ
1131 3375 1246 3459 γίνεται.
1290 3376 1337 3440 διὰ
1360 3380 1444 3440 τοῦτο
1467 3377 1503 3460 δὴ
1518 3392 1547 3436 ευ

214 3481 306 3544 ωκαὶ
328 3477 463 3577 άχ’νως
483 3479 623 3543 δείκνυσιν
646 3479 662 3541 ύ
682 3477 884 3572 Ἀριστοτέλης
906 3478 1052 3572 γινόμενον
1074 3480 1107 3542 τὸ
1123 3479 1202 3576 όρᾶν.
1239 3482 1291 3543 τοῦ
1314 3479 1367 3562 γὰρ
1390 3480 1506 3565 χρόνου,

256 3582 289 3646 ἐν
310 3577 338 3668 ᾧ
361 3604 404 3651 τις
418 3581 483 3666 ὁρᾷ,
503 3580 605 3645 τούτου
627 3581 657 3644 ἐν
680 3577 813 3668 ῴτινιοῦν
836 3582 928 3667 μορίῳ
950 3583 999 3646 καὶ
1021 3587 1063 3667 τῷ
1087 3581 1204 3667 τυχόντι
1225 3586 1309 3645 τοῦτο
1332 3581 1396 3667 όρφῖ.
1430 3582 1449 3646 ἃ
1472 3583 1504 3646 δέ

256 3686 300 3770 μὴ
323 3686 414 3749 δεῖται
428 3683 535 3769 χρόνου
556 3686 627 3767 πρὸς
649 3685 681 3748 τὸ
697 3685 952 3769 συμπληρωθῆναί
972 3707 1004 3747 τε
1019 3686 1066 3747 καὶ
1081 3684 1281 3768 τελειωθῆναι,
1304 3689 1394 3748 ταῦτα
1415 3683 1503 3769 ἀχρύ-

256 3811 316 3858 νονς
336 3788 453 3870 γίνεται.
486 3785 520 3850 ού
542 3787 596 3872 γὰρ
618 3788 650 3850 τδ
673 3787 755 3861 εἶναι,
779 3786 854 3850 ἀλλὰ
874 3787 907 3849 τὸ
923 3787 1037 3850 δεῖσθαι
1061 3791 1197 3872 χρονικοῦ
1220 3786 1413 3870 διαστήματος
1435 3787 1506 3872 πρὸς

256 3891 290 3954 τδ
312 3890 505 3973 τελειωθῆναί
527 3913 559 3953 τε
580 3891 629 3953 καὶ
650 3890 784 3972 γενέσθαι
812 3888 878 3952 ὅλον
900 3888 923 3972 †
945 3890 1037 3958 υύτιυς
1058 3888 1127 3953 ούδέ
1148 3890 1181 3953 τὸ
1204 3888 1327 3974 ἥδεσθαι
1354 3889 1383 3953 ἐν
1406 3888 1505 3974 χρόνῳ

215 3995 375 4075 ειγίνεται.
418 3996 476 4056 τῶν
498 3992 531 4056 δέ
553 3995 699 4078 διαφανῶν
722 3994 758 4058 τὰ
780 3992 832 4078 μέν
855 3993 931 4056 ἐστιν
954 3993 1081 4078 ἐνεργείᾳ
1102 3995 1244 4077 διαφανῆ,
1265 3991 1304 4054 τὰ
1325 3991 1357 4053 δέ
1379 3993 1504 4074 δυνάμει.
1533 4017 1535 4021 ’

256 4095 386 4182 ἐνεργείᾳ
413 4095 465 4179 μὲν
487 4096 532 4159 ἀεὶ
560 4096 592 4159 τὸ
620 4096 650 4159 ἐν
677 4099 738 4164 τοῖς
759 4096 849 4165 θείοις
876 4097 926 4159 καὶ
951 4096 1051 4165 αίῦίοις
1074 4095 1222 4180 ῦιαφανές·
1259 4093 1429 4158 ἀνεπίδεκτα
1450 4093 1505 4178 γὰρ
1519 4109 1545 4152 ει

203 4409 221 4463 ³
237 4411 331 4482 κρίνειν
350 4409 374 4462 V
392 4422 433 4460 ex.
452 4407 533 4461 vict:
551 4406 630 4480 κρίνει
647 4425 663 4460 ιι
767 4408 843 4462 πάθει
860 4427 876 4463 α
981 4409 997 4463 5
1015 4405 1199 4476 ἀλλοιουμίνως
1217 4407 1263 4474 m’,
1280 4403 1459 4478 ηλλοιωμίνοις
1477 4405 1558 4460 m¹V:

204 4495 425 4564 ἐλλοιυυμίνοιςε
551 4495 582 4547 10
610 4496 636 4548 ίν
654 4495 724 4566 αύτῷ
743 4496 789 4562 ια’,
808 4497 834 4549 ίν
852 4496 939 4567 ταύτιγῖ
958 4498 1041 4549 m¹V:
1060 4497 1086 4549 ἐν
1105 4495 1209 4566 αύτῷα
1335 4496 1365 4547 16
1392 4498 1437 4546 τοῦ
1456 4492 1560 4563 ὁρᾶσθαι

204 4564 359 4656 ιεφυῖότος]
378 4599 414 4636 sc„
432 4583 600 4650 μεταστάντος
694 4584 723 4636 17
743 4583 896 4654 μεταβολήν]
916 4584 947 4636 τί.
967 4582 1020 4635 ουδ’
1042 4583 1106 4636 αύτιλ
1124 4583 1191 4635 κατὰ
1208 4583 1255 4651 τὴν
1274 4581 1300 4634 ἐν
1318 4579 1400 4638 αὐτοῖς
1419 4580 1560 4651 μεταβολὴν

204 4671 377 4726 ἐλλοιωθίντα
398 4669 490 4735 144,18
579 4669 612 4721 22
630 4670 750 4724 τοσούτου
769 4674 803 4724 V:
822 4670 970 4723 τοιούτουε
1064 4670 1097 4722 26
1116 4668 1209 4739 αῦτως]
1228 4688 1251 4720 ω
1269 4669 1296 4720 in
1315 4669 1354 4721 lit.
1368 4669 1389 4718 V
1479 4686 1560 4735 πορω·

205 4760 312 4832 τίροθ
419 4757 452 4810 29
480 4757 605 4811 άπισινλί
713 4759 748 4812 30
774 4758 896 4812 δείκνυσιν
914 4758 928 4811 ό
946 4755 1126 4830 Ἀριστοτέλης]
1145 4756 1178 4809 σί.
1196 4757 1278 4810 Praef.
1389 4754 1560 4825 γινόμενον]ν

207 4855 265 4915 μυεῖ
281 4865 296 4899 ο
315 4848 344 4899 in
362 4845 437 4898 litv
520 4844 622 4898 30—31
642 4851 687 4898 τοῦ
705 4845 845 4918 γὰρ-δρᾷ]
864 4847 888 4897 in
906 4847 993 4912 quavis
1007 4847 1132 4912 particula
1150 4846 1202 4896 ειίιε
1220 4845 1343 4914 temporis,
1359 4861 1406 4912 per
1424 4843 1489 4912 quod
1505 4844 1560 4909 φαῖι

129 4970 132 4977 .
208 4932 424 4999 Μῖάωνυά
439 4932 519 4999 videt)
540 4933 604 4985 νῖάει
708 4933 742 4987 32
760 4952 787 4987 τι
806 4949 891 4988 σακε
1035 4926 1041 4938 ’
