3540 5610
208 317 269 386 186
528 322 730 380 ALEXANDRI
754 325 798 378 DE
821 325 932 379 ANIMA
954 323 1046 378 LIBRI
1070 324 1241 379 MANTISSA

258 517 304 556 ται
332 498 431 580 φύσις,
464 496 528 560 ἀλλ’
562 496 619 568 έξει
645 502 730 561 τινῶν
763 498 854 562 αἰτίαν
887 499 1103 583 συμπίπτουσαν
1132 502 1192 568 τοῖς
1224 498 1399 582 γιγνομένοις
1431 496 1508 560 κατὰ

259 601 433 684 προαίρεσιν.
477 598 575 664 ἔτιδὲ
602 604 709 684 μᾶλλον
735 602 768 664 rb
795 602 874 665 δεὶον
901 603 948 666 καὶ
975 602 1006 664 αἱ
1035 601 1069 665 ἐκ
1094 601 1198 664 τούτου
1227 601 1370 687 βοίγδειαι,
1398 601 1446 663 καὶ
1476 601 1508 663 αἱ

258 700 327 786 παρ’
354 705 440 786 ἡμῶν
462 703 552 790 εύχαί
569 727 602 767 τε
622 705 670 767 καλ
686 703 801 785 δεήσεις
822 704 874 788 τὴν
897 705 1004 768 οἰκείαν
1025 707 1129 790 χώραν
1144 704 1329 788 φυλάξουσιν,
1352 702 1434 773 ὄντος
1454 707 1507 766 τοῦ
1520 720 1551 762 τυ

257 808 310 888 τῆς
336 807 513 891 εἱμαρμένης
543 807 682 870 τοιούτου.
726 807 901 890 ὁμολογήσει
928 808 961 870 δὲ
987 807 1098 876 τούτοις
1129 808 1177 870 καὶ
1203 807 1236 870 rb
1263 807 1430 889 λεγόμενον,
1464 806 1509 870 ότι

232 907 353 969 οπολλὰ
374 910 422 972 καὶ
444 910 524 994 παρὰ
546 915 647 994 μοῖραν
668 910 792 993 γίγνεται
817 910 864 973 καὶ
887 909 965 995 παρὰ
987 910 1039 992 τὴν
1062 909 1250 994 εἱμαρμένην,
1280 911 1321 979 ὥς
1342 934 1397 973 που
1419 911 1468 973 καὶ
1491 911 1508 973 ό

261 1011 384 1094 ποιητὴς
405 1012 538 1098 ἐμφαίνει
558 1013 650 1095 λέγων

505 1117 546 1200 μὴ
568 1117 616 1179 καὶ
639 1115 711 1199 ὑπὲρ
735 1119 836 1198 μοῖραν
859 1113 947 1197 δόμον
964 1113 1065 1184 Ἀιδος
1087 1116 1264 1200 εἰσαφίκηαι.

263 1216 422 1280 συνίσταιτο
445 1216 471 1281 δ’
499 1218 533 1282 ἂν
555 1221 609 1303 ἥδε
632 1220 651 1302 η
674 1216 743 1286 δόξα
765 1217 812 1280 καλ
836 1217 891 1279 ύπδ
913 1217 981 1287 τοὺς
1003 1219 1128 1300 μάντεις,
1151 1218 1181 1281 ἐν
1197 1219 1240 1287 οἱς
1262 1217 1448 1303 προλέγουσιν
1464 1218 1506 1300 μὴ

261 1319 353 1382 πάντα
376 1320 585 1406 ἐπιτυγχάνειν.
630 1321 656 1383 εἰ
678 1320 710 1382 δὲ
734 1320 774 1402 μὴ
796 1318 883 1401 τήνδε
904 1319 956 1402 τὴν
980 1318 1063 1389 δόξαν
1086 1322 1151 1405 περὶ
1173 1325 1226 1403 τῆς
1247 1319 1424 1404 εἱμαρμένης
1442 1320 1510 1388 τοὺς

221 1436 247 1480 10
263 1421 438 1507 ἀνθρώπους
464 1421 544 1508 ἔχειν
573 1423 764 1508 συμβέβηκεν,
792 1421 959 1505 δαυμαστδν
986 1422 1079 1485 οὐδέν.
1124 1424 1151 1485 οἱ
1173 1423 1227 1507 γὰρ
1254 1423 1355 1485 πολλοὶ
1376 1427 1436 1492 τοῖς
1458 1423 1553 1504 μένεα

258 1525 357 1595 τύποις
372 1525 406 1588 ού
421 1530 519 1594 κακῶς
541 1526 606 1610 περὶ
629 1529 691 1588 τῶν
707 1525 883 1609 πραγμάτων
900 1510 1099 1609 στοχάζονται,
1122 1525 1152 1587 ἐν
1175 1527 1208 1588 δὲ
1228 1530 1288 1595 τοῖς
1310 1522 1379 1589 καθ’
1401 1524 1509 1589 ἕκαστα

258 1629 306 1691 καί
328 1628 359 1690 ἐν
381 1633 424 1714 τῷ
449 1628 579 1712 διορίζειν
601 1651 632 1691 τε
655 1629 703 1692 κοιλ
730 1626 898 1711 ἐξακριβοῦν
921 1626 1013 1689 πολλὰ
1036 1628 1284 1711 διαμαρτάνουσιν.
1328 1629 1361 1691 rb
1385 1626 1508 1712 μὲνγὰρ

257 1730 383 1815 φύσεως,
409 1731 442 1793 rb
470 1730 502 1793 δὲ
529 1730 691 1815 ἐπιστήμης
720 1727 813 1813 ἔργον.
862 1729 920 1813 ἤδη
948 1729 980 1792 δὲ
1006 1734 1057 1791 τοῦ
1085 1735 1138 1814 τῆς
1164 1731 1342 1815 εἱμαρμένης
1367 1729 1509 1812 ὀνόματος

258 1831 460 1918 Ἀριστοτέλης
483 1835 655 1918 μνημονεύει
677 1835 725 1896 καί
747 1832 778 1895 ἐν
800 1837 842 1916 τῷ
859 1836 968 1917 πρώτῳ
983 1836 1042 1894 τῶν
1058 1831 1385 1917 Μετεωρολογουμένων
1401 1832 1506 1901 οὕτως·

219 1932 357 1999 mm&
383 1938 498 1999 πάντων
526 1937 635 2000 τούτων
668 1935 757 1999 αἴτιον
791 1935 985 2017 ὑποληπτέον,
1023 1934 1067 1997 ότι
1095 1936 1217 2018 γίγνεται
1244 1936 1292 1999 διὰ
1323 1934 1438 2020 χρόνων
1472 1936 1508 1998 εἱ-

261 2038 425 2123 μαρμένων,
454 2039 514 2102 οἱον
537 2039 568 2102 ἐν
590 2044 653 2108 ταῖς
674 2036 738 2101 κατ’
766 2037 894 2100 ἐνιαυτὸν
917 2039 1005 2121 ὥραις
1027 2041 1151 2122 χειμών,
1179 2039 1255 2102 οὕτω
1277 2037 1412 2122 περιόδου
1433 2039 1509 2106 τινδς

262 2143 390 2225 μεγαλης
419 2140 508 2224 μέγάς
534 2139 676 2228 χειμών.”
725 2137 816 2204 έοικεν
844 2141 876 2202 δὲ
907 2142 954 2202 διά
980 2163 1011 2202 τε
1035 2141 1144 2204 τούτων
1172 2141 1223 2224 τὴν
1249 2141 1426 2225 εἱμαρμένην
1454 2141 1506 2224 τὴν
1521 2157 1552 2200 συ

262 2245 347 2328 φύσιν
374 2243 466 2327 λέγειν
499 2243 594 2326 (οὖτοι
619 2244 674 2328 γὰρ
700 2243 869 2327 εἱμαρμένοι
895 2243 1011 2327 χρόνοι,
1043 2247 1157 2329 χειμών
1183 2268 1215 2307 τε
1241 2245 1289 2308 καὶ
1315 2249 1373 2307 τῶν
1400 2242 1507 2323 οἱὶλων,

259 2346 287 2409 οἱ
309 2347 432 2431 φυσικὰς
459 2346 509 2416 τολς
532 2345 739 2413 ἀνταποδόσεις
765 2343 883 2431 ἔχοντες
905 2346 958 2409 ούκ
981 2344 1101 2431 ἔχουσιν
1123 2346 1213 2416 αὐτὰς
1235 2348 1441 2431 α’παροιβάτους
1459 2348 1508 2411 καὶ

218 2466 246 2511 νο
259 2449 558 2534 κατηναγκασμένος),
581 2448 718 2512 ἀλλὰκαὶ
734 2448 764 2510 ἐν
786 2454 828 2532 τῷ
852 2449 975 2533 πέμπτῳ
997 2455 1050 2534 τὶης
1064 2449 1197 2532 Φυσικῆς
1208 2447 1395 2533 Ἀκροάσεως
1417 2449 1511 2518 οὕτως

259 2555 343 2616 πολιν
367 2552 543 2637 εἱμαρμένης
566 2551 754 2635 μνημονεύει·
783 2548 857 2635 “οἱρ’
885 2549 935 2613 οὖν
961 2552 1009 2614 καὶ
1038 2552 1162 2632 γενέσεις
1188 2555 1243 2617 εἱσὶ
1266 2554 1353 2638 βίαιοι
1379 2552 1508 2636 καὶούχ

258 2656 440 2740 εἱμαρμέναι,
468 2654 515 2723 αἱς
536 2654 659 2717 ἐναντίαι
686 2655 716 2716 αἱ
739 2651 813 2717 κατολ
834 2651 946 2736 φύσιν.”
996 2653 1042 2738 [η]
1070 2653 1106 2717 δι’
1135 2657 1175 2717 ὧν
1198 2657 1293 2726 πάλιν,
1323 2654 1366 2717 ότι
1389 2661 1431 2739 τῷ
1453 2660 1508 2738 τῆς

259 2758 435 2843 εἱμαρμένης
458 2755 577 2840 όνύματι
600 2755 647 2819 ἐπὶ
670 2763 727 2820 τῶν
750 2755 823 2821 κατὰ
845 2756 930 2840 φύσιν
951 2756 1125 2838 γιγνομένων
1147 2763 1265 2843 χρῆται,
1287 2761 1441 2841 γνώριμον.
1478 2759 1507 2820 εἰ

257 2860 311 2945 γάρ
335 2862 375 2945 μὴ
399 2866 441 2945 τῷ
463 2859 630 2943 εἱμαρμένιρ
657 2858 782 2921 ἐναντίον
808 2859 896 2943 φησὶν
923 2858 996 2921 εἶναι
1021 2859 1054 2921 rb
1082 2859 1155 2922 κατά
1177 2860 1271 2943 φύσιν,
1301 2866 1343 2945 τῷ
1367 2862 1399 2923 δὲ
1425 2860 1505 2944 παρὰ
1518 2877 1546 2919 τε

216 2979 244 3023 25
257 2964 309 3047 τὴν
332 2962 509 3047 εἱμαρμένην
532 2963 564 3025 rb
580 2959 647 3024 καθ’
668 2960 845 3045 εἱμαρμένην
868 2959 1004 3030 ἐναντίον,
1025 2960 1128 3023 ταύτδν
1151 2960 1186 3024 ἂν
1208 2962 1312 3048 εἴητῷ
1330 2963 1503 3046 κατὰφύσιν

257 3067 290 3129 rb
312 3065 380 3131 καθ’
408 3064 594 3150 εἱμαρμένην.
638 3062 671 3126 ού
693 3062 748 3146 γὰρ
771 3064 807 3146 δὴ
831 3064 921 3126 πλείω
949 3063 1010 3126 οἱύν
1033 3087 1064 3126 τε
1090 3064 1131 3126 ένλ
1154 3061 1213 3127 όντι
1239 3071 1282 3149 τῷ
1306 3065 1347 3149 μὴ
1372 3064 1439 3128 καθ’
1466 3067 1505 3128 εἱ-

258 3168 405 3254 μαρμένην
428 3168 541 3232 ἐναντία
562 3167 653 3250 λέγειν
676 3165 759 3239 είναι,
781 3165 814 3228 τό
837 3189 868 3229 τε
891 3164 959 3228 καθ’
987 3165 1174 3250 εἱμαρμένην,
1196 3168 1351 3253 προδήλως
1373 3167 1404 3231 ὃν
1427 3167 1505 3231 ἐναν-

258 3273 317 3335 τίον
339 3272 431 3357 αύτῷ,
456 3272 502 3334 καὶ
524 3271 557 3332 rb
579 3269 653 3333 κατὰ
675 3269 759 3353 φύσιν
782 3268 853 3332 ἄλλο
876 3268 907 3332 ὃν
931 3273 981 3331 τοῦ
997 3267 1066 3330 καθ’
1086 3270 1272 3353 εἱμαρμένην.
1316 3274 1507 3355 φανερώτατα

260 3375 292 3437 δὲ
321 3373 507 3458 Θεόφραστος
534 3373 673 3435 δείκνυσιν
701 3371 804 3434 ταύτὸν
832 3371 863 3435 ὃν
890 3373 923 3435 rb
950 3369 1017 3434 καθ’
1050 3371 1226 3455 εἱμαρμένην
1253 3378 1295 3458 τῷ
1322 3373 1396 3436 κατὰ
1422 3375 1506 3459 φύσιν
1520 3391 1548 3433 ιο

218 3478 289 3540 υυέν
317 3480 359 3561 τῷ
384 3475 584 3551 Καλλισθένει,
607 3464 657 3537 ’καὶ
687 3474 853 3558 Πολύζηλος
883 3475 915 3537 δὲ
944 3474 974 3536 ἐν
1001 3480 1044 3558 τῷ
1072 3475 1165 3543 οὕτως
1190 3475 1412 3561 ἐπιγραφομένῳ
1436 3476 1506 3562 Περὶ

256 3579 434 3663 εἱμαρμένης
456 3579 663 3661 συγγράμματι.

206 3803 216 3853 1
237 3800 317 3853 αἱτίαν
336 3800 430 3853 Bloch:
449 3800 536 3852 αἱτίων
556 3800 665 3853 VKCHa
753 3799 886 3866 συμπίπτει
904 3799 981 3851 ΟιοΙΙὶ
1071 3799 1087 3850 2
1106 3800 1131 3851 αἱ
1150 3799 1179 3851 ἐκ
1197 3800 1274 3852 ΚΗεε
1294 3800 1329 3858 ὡς
1348 3801 1377 3853 ἐκ
1396 3802 1428 3853 0:
1447 3802 1476 3854 ἐκ
1497 3804 1520 3854 V

203 3889 272 3941 3-4
290 3894 342 3940 τῶν
359 3886 443 3956 τῆςῦ
531 3887 548 3939 5
566 3887 612 3956 τὴν
631 3903 681 3938 om.
700 3887 723 3938 [1
812 3885 826 3938 ό
845 3885 961 3956 ποιητὴς]
980 3887 1055 3938 Hom.
1070 3887 1097 3939 11.
1116 3886 1211 3951 10336
1300 3888 1315 3938 6
1334 3887 1416 3957 λέγων
1434 3905 1484 3942 om.
1504 3891 1527 3942 Η

201 3975 429 4046 ἱὶιπιρμοῑρανὶἱ
517 3973 661 4027 8συνὶσται
679 3975 720 4026 Κε
807 3974 916 4025 fortasse
934 3973 982 4025 ἱνπὸ
1000 3977 1066 4038 (τοῦ)
1160 3973 1268 4044 9τηνδε
1287 3975 1377 4028 ουκῦ
1471 3979 1500 4029 11
1520 3981 1559 4048 τῷ

202 4060 264 4114 καθ’
285 4062 347 4115 Rea
455 4061 486 4113 14
505 4061 584 4131 ἐντῷ
603 4061 698 4133 πρώτῳ
717 4067 769 4113 τῶν
788 4057 1083 4132 Μετεωρολογουμένων]
1105 4063 1150 4113 Ar.
1169 4066 1229 4114 met.
1250 4063 1307 4127 1,14
1326 4062 1436 4116 352228

201 4148 474 4221 μιττορωλογουμένων
493 4151 513 4202 V
616 4149 646 4202 15
663 4148 822 4201 ὑπολείπεται
840 4149 917 4201 0τοὶἱὶ
1020 4147 1049 4199 17
1069 4149 1146 4216 μέγας
1165 4149 1328 4202 Aristoteles:
1347 4150 1412 4219 μέγα
1429 4151 1465 4202 H:
1485 4152 1559 4222 μέρος

179 4237 291 4293 ,λίΚΗε
377 4240 423 4306 τῆς
441 4237 629 4307 εἱμαρμίνεςΚ
722 4237 751 4287 18
769 4242 865 4308 γαμῶν
885 4238 906 4287 V
999 4236 1029 4287 19
1048 4234 1095 4287 ούκ
1114 4235 1252 4305 ίγοντεςΟ
1340 4236 1431 4295 αὐτοὺς
1449 4238 1511 4290 CKa

201 4325 290 4375 τεκαὶ
309 4323 387 4376 Orelli
491 4324 525 4376 20
544 4324 569 4376 έν
586 4326 624 4392 τῷ
643 4324 750 4393 πέμπτῳ
769 4327 814 4393 τῆς
834 4320 947 4393 Φυσικῆς
964 4320 1129 4392 Ἀκροάσεως]
1150 4325 1193 4376 Ar.
1212 4340 1283 4377 ause.
1301 4326 1376 4393 phys.
1388 4325 1431 4390 5‚5
1450 4326 1558 4379 130132

202 4411 235 4462 22
254 4411 270 4481 ἡ
290 4411 339 4463 del.
358 4411 437 4464 Orelli
546 4414 584 4478 τῷ
603 4427 653 4463 om.
672 4411 695 4462 11
805 4410 839 4462 *24
858 4426 932 4480 φησιν
951 4409 1011 4462 εἶναι
1028 4410 1138 4463 ἱναντὶον
1156 4412 1180 4463 11
1291 4411 1325 4464 28
1344 4413 1380 4484 μὴ
1399 4412 1461 4466 ἄλλο
1480 4414 1557 4467 Orelli

201 4497 236 4553 30
254 4496 421 4552 καλλιισὶἱίνιι
439 4499 461 4550 V
