3540 5610
201 350 243 414 54
675 348 878 403 annxndnnr
901 348 944 400 nn
969 346 1077 400 aaran
1140 326 1148 345 ⁶

255 522 365 606 κριτικὴ
389 526 447 583 τῶν
470 527 611 602 γευστῶν,
641 523 714 606 άπερ
737 523 808 585 εἰσὶν
836 523 862 583 οἱ
885 520 989 605 χυμοί,
1017 520 1049 581 τὸ
1073 520 1104 582 ῦὲ
1126 520 1246 602 γευστὸν
1269 519 1358 583 ἁπτόν
1382 542 1423 600 τι,
1449 516 1497 580 ὸιόι

256 624 308 706 γὰρ
331 625 409 707 ἁφῆς
436 625 455 706 ἡ
478 625 626 709 ἀντιληψις
649 626 747 688 αὑτοῦ.
792 625 836 686 td
858 622 912 686 οὑν
938 621 998 685 ἔστι
1020 623 1067 684 tid
1093 644 1167 689 τινος
1189 621 1307 706 μεταξό,
1337 620 1419 689 ὄντος
1441 622 1496 683 σόν·

256 749 345 808 ματος
366 726 455 790 ἄλλου
477 726 555 811 παρὰ
580 727 613 789 τὸ
635 727 783 808 γευστυιὸν
807 726 909 789 καὶτὸ
932 723 1063 806 γευστόν,
1090 726 1109 807 ἡ
1132 728 1228 806 γεῦσις
1249 725 1398 808 γινομένη,
1423 722 1498 786 ῦιότι

256 829 331 912 μηδὲ
352 830 372 912 ἡ
396 829 467 913 ἁφή.
505 829 537 890 τὸ
561 827 688 912 μὲνγὰρ
711 828 830 910 γευστὸν
852 825 958 912 χυμός,
982 827 998 889 ό
1021 827 1053 889 δὲ
1067 827 1162 911 χυμὸς
1184 824 1279 911 ὑγρόν,
1301 827 1334 889 τὸ
1357 827 1390 890 δὲ
1412 826 1497 909 ὑγρὸν

227 929 344 994 οόιπτόν
371 931 448 1015 (ἁφὴ
477 931 530 1016 γὰρ
558 927 694 1013 αἴσθησις
719 930 835 1015 ὑγροῦ),
863 931 939 992 ὥστε
965 929 1137 1011 τὸγευστὸν
1165 927 1264 993 ἁπτόν.
1309 929 1394 1014 ὑγρὸν
1421 929 1453 991 ῦὲ
1480 928 1540 990 όν)

256 1033 360 1119 χυμός,
382 1032 427 1096 ότι
449 1035 503 1118 ὑλη
525 1036 562 1116 τῇ
586 1031 717 1115 ποιότητι
738 1033 829 1116 ταότη
853 1033 885 1095 τὸ
902 1031 985 1115 ὑγρὸν
1009 1031 1086 1114 ὑὸωρ
1108 1033 1222 1113 γίνεται.
1256 1031 1338 1094 οῦὸὲν
1361 1031 1414 1115 γάρ
1436 1053 1497 1113 γευ·
1572 1080 1577 1087 .

256 1136 324 1199 στὸν
346 1133 414 1198 ἄνευ
437 1135 600 1220 ὑγρότητος.
644 1135 678 1197 τὸ
700 1134 754 1218 γάρ
776 1133 853 1217 ὑῦωρ
880 1132 994 1218 ἄχυμον
1021 1132 1052 1196 ὸν
1075 1132 1144 1197 καθ’
1171 1134 1256 1208 αὑτό,
1287 1134 1402 1219 πάσχον
1425 1131 1492 1196 καθ’

256 1237 271 1299 θ
297 1237 382 1321 ὑγρόν
405 1237 480 1302 ἐστιν
510 1237 640 1320 ὑπὸτῆς
667 1236 697 1299 ἐν
722 1242 760 1320 τῇ
786 1240 825 1319 γῇ
855 1235 1009 1320 ξηρότητος
1036 1224 1134 1319 οὑσης”
1151 1235 1278 1306 ἐναντίας
1304 1236 1400 1322 αὐτῷ,
1429 1235 1497 1298 όταν

255 1339 285 1403 ἐν
307 1339 385 1423 αὑτῇ
411 1334 436 1422 ἦ
458 1342 505 1404 καὶ
532 1339 569 1404 δι’
596 1339 686 1424 αὐτῆς
709 1339 778 1426 ῥέῃ,
806 1337 1029 1422 προσγινομένης
1052 1339 1126 1408 τινὸς
1148 1337 1232 1423 αίντγῦΙ
1252 1339 1299 1402 td
1321 1339 1499 1421 θερμότητος

216 1460 242 1503 ιο
255 1444 370 1528 πέψεως
396 1440 524 1528 ἔγχυμον
546 1443 661 1524 γίνεται.
704 1441 813 1524 γένεσις
838 1442 892 1526 γὰρ
919 1445 1017 1526 χυμοῦ
1047 1466 1066 1524 η
1090 1445 1140 1504 τοῦ
1168 1442 1256 1524 ὑγροῦ
1283 1442 1330 1504 tad
1356 1446 1406 1504 τοῦ
1428 1443 1498 1523 γεῶ·

256 1547 322 1614 ὸους
344 1544 431 1630 ξηροῦ
454 1546 589 1629 διήθησις
611 1545 817 1631 προσλαβοῦσα
839 1544 924 1629 πέψιν
953 1543 1084 1607 τινὰκαὶ
1107 1544 1242 1607 σὺστασιν
1269 1545 1316 1606 διά
1338 1567 1412 1613 τινος
1435 1545 1498 1625 θερ-
1514 1560 1539 1602 ιτ

257 1647 388 1731 μότητος.
424 1644 485 1711 κατ’
515 1647 585 1709 ἰδίαν
609 1647 733 1731 μὲνγὰρ
756 1647 890 1731 ἑκάτερον
913 1646 1008 1709 αὑτῶν
1024 1644 1150 1729 ἄχυμον,
1173 1645 1217 1709 ότι
1239 1648 1287 1709 καὶ
1309 1650 1365 1709 πᾶν
1389 1647 1513 1709 ἁπλοῦν·

256 1755 352 1833 σῶμα.
395 1753 414 1833 ἡ
438 1751 470 1813 δὲ
492 1747 565 1813 κατὰ
587 1749 635 1811 τὸν
658 1749 864 1833 προειρημένον
891 1746 996 1832 τρόπον
1020 1748 1092 1832 μῖξις
1118 1748 1213 1811 αὐτῶν
1235 1749 1369 1833 γινομένη
1393 1754 1498 1833 χυμῶν

255 1855 416 1938 γεννητική.
461 1851 584 1935 καὶγὰρ
607 1853 634 1914 οἱ
657 1851 687 1914 ἐν
709 1875 745 1935 τη
771 1856 810 1934 γη]
834 1853 984 1920 δοκοῦντες
1010 1850 1082 1914 εἶναι
1104 1851 1194 1935 χυμοὶ
1219 1852 1294 1915 κατὰ
1316 1851 1388 1935 μῖξιν
1411 1852 1498 1935 ὑγροῦ

216 1957 303 2020 naar
326 1956 461 2019 σόστασιν
485 1955 541 2017 ὑπὸ
565 1952 743 2036 θερμότητος
764 1954 915 2037 γινομένην
939 1955 989 2037 τὴν
1012 1953 1121 2036 γένεσιν
1144 1951 1274 2038 ἔχουσιν.
1312 1955 1368 2017 εἰσὶ
1389 1954 1442 2038 γὰρ
1465 1954 1496 2017 ἐν

196 2106 202 2119 .
255 2063 353 2142 τῇγη]
377 2055 654 2140 ἐγναταμεμιγμέναι
681 2057 729 2118 καὶ
753 2056 906 2140 ὑγρότητες
933 2058 980 2119 καὶ
1005 2056 1190 2140 θερμότητες.
1235 2057 1279 2119 διὸ
1302 2058 1350 2119 ναὶ
1373 2057 1497 2141 ὡρίσατο

171 2228 173 2231 .
254 2163 302 2225 τὸν
325 2161 420 2246 χυμὸν
439 2158 641 2243 Ἀριστοτέλης
668 2148 818 2226 πάθος”τὸ
842 2161 897 2222 ὑπὸ
923 2163 974 2222 τοῦ
1001 2159 1030 2221 ἐν
1058 2163 1095 2241 τῇ
1123 2164 1161 2243 γη
1188 2158 1274 2243 ξηροῦ
1297 2159 1444 2243 γινόμενον
1467 2159 1497 2222 ἐν

255 2269 297 2348 τῷ
322 2264 402 2347 ὑγρῷ
425 2267 477 2345 τῆς
498 2260 623 2344 γεύσεως
650 2265 701 2343 τῆς
724 2260 797 2324 κατὰ
820 2261 937 2344 δύναμιν
965 2262 1151 2325 ἀλλοιωτυιὸν
1174 2261 1214 2330 εἰς
1236 2262 1389 2346 ἐνέργειαν.
1433 2263 1497 2326 ἐπεὶ
1512 2279 1541 2322 ευ

253 2367 340 2430 δὲτὸ
363 2366 483 2448 γευστὸν
506 2362 606 2448 ὑγρόν,
637 2363 746 2446 ἀνάγκη
775 2366 807 2426 τὸ
831 2371 887 2427 τῶν
916 2369 1021 2450 χυμῶν
1048 2362 1248 2447 άντιληπτυιὸν
1276 2362 1395 2448 ὄργανον
1424 2367 1499 2450 μήτε

216 2469 421 2554 νυέντελεχείη
446 2467 530 2550 ὑγρὸν
558 2464 631 2528 εἶναι
658 2467 731 2549 μήτε
759 2467 897 2530 ἀῦόνατον
927 2468 1125 2551 ὑγραίνεσθαι,
1152 2466 1236 2549 εἴγε
1264 2466 1299 2530 δι’
1328 2468 1499 2548 όμοιῶσεως

254 2573 306 2656 μὲν
328 2570 520 2655 ἡαίσθητυιὴ
543 2567 701 2652 ἀντιληψις.
724 2592 743 2652 η
767 2569 799 2631 ῦὲ
818 2571 954 2651 ὁμοίωσις
977 2569 1013 2632 δι’
1034 2571 1229 2645 ἀλλοιώσεως,
1252 2595 1271 2653 η
1295 2570 1327 2633 δὲ
1346 2570 1499 2640 ἀλλοίωσις

253 2674 414 2760 μεταβολή·
443 2673 475 2734 τὸ
497 2670 551 2754 γὰρ
572 2671 613 2739 είς
635 2671 668 2733 τὸ
691 2671 791 2754 ὅμοιόν
814 2695 865 2734 τινι
889 2674 1068 2758 μεταβάλλον
1091 2673 1121 2742 ἐξ
1143 2672 1278 2754 ἀνομοίου
1301 2678 1424 2736 ποιεῖται
1445 2675 1498 2757 τὴν
1611 2754 1615 2765 Ι

255 2770 427 2862 με’ταβολήν.
472 2777 599 2837 τοιοῦτον
622 2773 654 2835 ῦὲ
676 2775 695 2856 ἡ
718 2776 845 2855 γλῶττα·
879 2774 1021 2858 οὔτεγὰρ
1049 2774 1122 2859 αὑτὴ
1146 2771 1214 2838 καθ’
1242 2775 1332 2858 αὑτὴν
1354 2776 1427 2858 ὑγροί
1447 2774 1497 2857 (οὑ

253 2880 307 2964 γὰρ
335 2877 369 2941 ἂν
396 2876 437 2941 ἔτι
465 2882 517 2958 τῆς
545 2877 695 2960 ἀλλοτρίας
724 2868 878 2960 ὑγρότητος
903 2874 1050 2959 ᾐσθάνετο
1079 2879 1121 2962 μὴ
1149 2879 1303 2961 πάσχουσα
1330 2875 1379 2939 ὑπ’
1406 2876 1497 2961 αὑτῆς

212 2980 289 3046 νσδί
318 2979 487 3065 όμοιότητα,
511 2980 550 3062 μὴ
573 2978 769 3062 αἰσθανομένη
783 2978 824 3053 ,δὲ
846 2982 896 3041 τοῦ
920 2979 1006 3064 ὑγροῦ
1029 2978 1090 3042 οὐδ’
1117 2978 1150 3042 ἂν
1173 2984 1223 3042 τοῦ
1246 2981 1275 3042 ἐν
1295 2979 1376 3065 αὐτῷ
1399 2985 1496 3066 χυμοῦ
1511 2996 1539 3040 νε

204 3264 214 3313 l
235 3260 265 3313 τὸ
284 3257 380 3327 ὃὲ-τι]
400 3259 445 3310 der
463 3255 621 3310 (iesehrnaelr
641 3256 675 3307 ist
693 3257 751 3307 eine
770 3256 817 3308 dri
836 3254 881 3307 des
901 3255 1051 3308 (tetensteten
1159 3256 1174 3307 2
1193 3255 1271 3325 ἁφῆς]
1291 3257 1375 3309 addit:
1396 3259 1531 3314 desselben

201 3347 218 3401 5
236 3345 301 3398 ῶστε
318 3344 347 3398 τὸ
359 3344 460 3413 γευστὸν
472 3342 563 3412 όπτόν]
582 3344 637 3396 niso
656 3343 756 3410 ergiebt
774 3343 839 3406 sich,
858 3342 917 3394 deas
937 3343 982 3395 daa
996 3338 1258 3413 Geachrnacksobjeirt
1271 3344 1424 3414 Tastobjekt
1441 3347 1553 3403 feneht

202 3436 251 3488 aei
372 3432 441 3486 5-6
468 3431 542 3505 ὑγρὸν
559 3427 698 3502 ὸὲ-ὑῦωρ
715 3429 818 3499 γίνεται]
842 3429 887 3483 der
905 3429 1064 3483 Gesehmaek
1083 3434 1118 3483 ist
1136 3431 1179 3482 die
1197 3430 1325 3496 Qualittt,
1349 3433 1442 3486 watche
1461 3436 1489 3488 in
1507 3434 1554 3489 der

201 3521 269 3590 Hyle
288 3521 333 3574 dea
352 3504 639 3589 Geschmncksobjeetes
658 3517 886 3585 (Schmeekbaren)
906 3519 947 3583 ist.
989 3519 1035 3570 iiie
1057 3518 1123 3585 Hyle
1141 3518 1186 3570 des
1208 3516 1498 3590 Geschmaeirsobjaktaa
1515 3523 1555 3577 ist

202 3608 388 3672 dasFeuchte‚
407 3607 485 3659 daea
503 3606 608 3658 Wasser
627 3608 661 3658 ist
770 3606 785 3656 7
813 3604 874 3657 καθ’
896 3604 957 3658 abad
976 3621 1026 3657 οιυ.
1132 3607 1200 3658 8-9
1228 3604 1388 3678 όταν-ῥέῃ]
1408 3610 1494 3662 indam
1513 3612 1554 3665 sie

202 3696 255 3763 (die
273 3694 350 3760 Erde)
373 3697 401 3748 in
419 3696 471 3748 ihm
490 3694 558 3761 (dem
577 3692 693 3758 Wassar)
716 3693 751 3745 ist
773 3693 827 3744 und
850 3710 877 3745 es
900 3695 927 3745 in
949 3694 1029 3745 ihrern
1050 3693 1206 3761 iturchgang
1224 3693 1345 3759 (Canalt)
1371 3696 1470 3764 bewegt

204 3785 234 3836 11
254 3781 378 3853 διήθησις]
397 3784 529 3851 Mengung
547 3781 596 3833 mit
695 3778 822 3849 αἰστασιν]
842 3780 1040 3833 Geteiltwerden
1143 3781 1173 3831 12
1192 3780 1322 3852 ἑκάτερον]
1342 3782 1426 3834 addit:
1447 3784 1554 3838 Wasaer

202 3871 258 3923 und
276 3870 343 3924 Erde
443 3868 473 3921 12
492 3867 530 3920 ότι
548 3869 593 3921 καὶ
610 3867 670 3936 πᾶν]
689 3867 774 3920 addit:
792 3867 849 3920 weil
865 3868 937 3938 jedes
956 3868 1015 3920 eine
1032 3882 1083 3919 ron
1102 3868 1196 3921 beiden
1214 3869 1242 3919 in
1262 3871 1346 3921 seiner
1365 3868 1554 3924 Geaamrntheit
1615 3874 1620 3883 '

205 3957 306 4011 13-14
323 3957 339 4027 ι]
358 3956 385 4010 δὲ
403 3953 648 4025 κατὰ-γεννητική]
667 3971 742 4008 weun
759 3958 821 4009 aber
839 3956 867 4008 in
885 3955 952 4019 dem,
971 3970 1022 4007 was
1041 3955 1168 4008 zwisehen
1188 3956 1279 4009 beiden
1298 3958 1342 4022 ist,
1361 3956 1403 4009 die
1421 3958 1554 4029 Mengnng

203 4045 317 4099 entateht
334 4046 363 4097 in
381 4045 426 4097 dar
443 4044 543 4108 Wairn,
568 4042 610 4095 die
629 4044 674 4095 wir
692 4042 847 4111 geschildert
864 4043 961 4106 haben,
980 4056 1009 4095 so
1028 4041 1129 4096 werden
1148 4041 1241 4095 daraus
1260 4043 1302 4095 die
1321 4042 1494 4098 Gaaehmieire
1513 4062 1553 4099 er-

204 4138 281 4202 aengt
389 4130 423 4195 15Ι
438 4129 563 4198 σῦστασιν]
583 4130 780 4184 Geteiitwerdan
892 4128 922 4181 18
940 4127 1058 4198 γεόσειυς]
1078 4130 1339 4198 Gesehmaeirsobjakt
1450 4133 1480 4184 19
1498 4120 1554 4187 τῶν

203 4219 306 4294 χυμῶν]
326 4220 368 4272 die
387 4217 600 4286 Feuehtigkeiten
706 4215 740 4269 20
758 4215 908 4287 ἐντελεχείᾳ]
926 4216 1010 4269 addit:
1029 4218 1075 4270 das
1094 4218 1176 4270 heiast
1194 4218 1222 4268 in
1240 4219 1325 4270 seiner
1345 4218 1508 4291 Voilendung

204 4306 238 4360 25
257 4305 310 4360 οὐδ’
332 4304 493 4375 όν-χυμυῦ]
510 4294 595 4358 ¹selbst
611 4305 674 4372 das.
686 4305 766 4369 nieht,
785 4320 838 4357 was
857 4304 931 4356 darin
951 4302 980 4371 [i.
991 4321 1013 4356 e.
1032 4305 1059 4356 in
1079 4304 1135 4357 darn
1155 4304 1298 4375 Fenchten]
1318 4307 1350 4358 ist

220 4466 303 4473 .--.,
339 4465 425 4470 --....

205 4564 220 4616 2
239 4563 339 4632 σώματι
356 4534 394 4616 υΙ
452 4564 468 4616 ι’)
488 4564 540 4634 ἁφὴ
560 4582 587 4617 a:
606 4563 658 4635 ἁφη
678 4567 699 4617 V
720 4564 827 4619 fortasse
846 4565 899 4636 ὸφγ]
983 4565 998 4616 6
1017 4580 1109 4633 graeca
1127 4581 1191 4618 sana
1210 4566 1338 4630 videntur,
1357 4572 1448 4635 gustus
1467 4574 1554 4623 antem

205 4652 331 4716 definitio,
350 4667 416 4719 quaa
434 4652 563 4720 corruptis
581 4651 717 4705 hebraicae
733 4653 953 4720 interpretationis
972 4653 1057 4705 verbis
1071 4655 1160 4705 subest
1178 4651 1291 4719 [„9asraa
1309 4653 1416 4719 qualitas
1429 4666 1472 4719 aar,
1490 4675 1554 4722 qaae

206 4741 229 4790 ιἰι
246 4737 397 4805 ραιιοόίίίυοι
416 4740 518 4788 materia
538 4737 627 4806 ineat“]
649 4738 719 4807 unde
737 4739 855 4805 fluxerit,
877 4755 938 4798 non,
952 4739 1027 4792 video
1138 4741 1153 4789 θ
1180 4740 1257 4809 ρίηα
1374 4741 1405 4793 10
1432 4741 1555 4808 γαίιὺὑους

205 4826 283 4878 sie-V
392 4826 423 4878 15
442 4827 572 4896 γινομένην
590 4842 617 4878 a:
637 4827 801 4895 γενομένης]
918 4827 948 4878 lii
967 4828 1039 4892 prius
1057 4828 1203 4879 aeterna
1301 4827 1400 4880 διὸκαὶ
1420 4827 1488 4898 κτλ]
1508 4833 1554 4883 Ar.

206 4913 237 4965 de
256 4912 527 4982 sens.4,441b19sq.
635 4912 817 4965 17τὸυω.ο
923 4914 956 4964 ti
975 4912 1130 4982 ησθάνετου
1237 4915 1270 4967 25
1289 4914 1314 4967 δὲ
1333 4917 1508 4983 surrentini
