3540 5610
202 322 262 386 118
521 317 722 372 ALEXANDRI
747 318 789 370 DE
815 317 925 370 ANlnA
947 317 1040 370 LIBRI
1063 316 1235 369 MANTISSA

252 496 303 554 τού
325 493 474 577 συμφύτου
500 491 661 575 πνεύματος
688 490 728 574 μὴ
752 491 865 554 δύναιτο
892 489 927 552 τὰ
952 494 1016 576 ζηῖα
1041 489 1128 565 εἰναι,
1156 490 1203 553 διὰ
1224 494 1310 552 τοῦτο
1332 486 1416 552 τούτύ
1438 487 1542 551 ἐστιευ

252 597 344 680 ψυχή.
389 594 513 678 καὶγὰρ
536 592 611 657 ἀλλα
634 593 696 655 τινοί
718 573 802 666 ἐστιν,
826 593 867 656 ών
890 592 947 677 οὐχ
968 593 1028 656 οῖύν
1051 615 1082 654 τε
1105 593 1197 677 χωρὶς
1219 592 1251 654 τδ
1275 595 1352 676 ξῷον
1374 590 1458 659 εἶναι,
1481 592 1500 654 ἃ

254 697 323 760 οὐδὲ
338 697 420 761 αὐτοὶ
442 698 542 782 ψυχὴν
557 696 698 780 λέγουσιν.
733 694 801 758 οὐδὲ
815 696 870 781 γὰρ
893 696 1014 779 αἵματος
1036 696 1128 780 χωρὶς
1151 694 1186 757 τὰ
1205 692 1307 779 ἔναιμα
1330 692 1399 759 οὐδὲ
1421 693 1502 777 ύγρύ·

252 823 337 883 τητοτ
359 800 444 868 ύλιυς.
1214 785 1218 791 ⁶

225 1021 239 1065 5
409 999 478 1070 Ὅτι
500 1005 642 1074 πλείους
664 1005 698 1066 αἱ
720 1008 782 1088 τῆς
802 1008 920 1088 ψυχῆς
941 962 1107 1085 δυνάμεις
1128 1004 1184 1067 καὶ
1207 1001 1246 1105 ρίι
1270 1003 1339 1087 μία.

332 1154 393 1222 Ὅτι
416 1159 456 1241 μὴ
480 1158 531 1239 μία
552 1158 572 1240 ἡ
594 1162 646 1241 τῆς
668 1161 768 1241 ψυχῆς
790 1157 922 1240 δύναμις,
950 1160 991 1225 ὡς
1013 1157 1064 1240 τὴν
1087 1154 1177 1240 αἰιτήν
1199 1179 1261 1225 ποις
1283 1153 1410 1241 ἔχουσαν
1432 1157 1504 1220 ποτε

254 1260 305 1341 μὲν
329 1261 520 1333 διανοεῖσθαι,
544 1260 613 1322 ποτὲ
637 1259 669 1322 δὲ
690 1259 868 1343 ὀργίζεσθαι,
896 1260 966 1322 ποτὲ
989 1257 1015 1322 δ’
1042 1258 1197 1341 ἐπιθυμεῖν
1219 1259 1298 1341 παρὰ
1320 1260 1421 1344 μέρος,
1449 1262 1504 1323 δει-

253 1362 335 1425 κτέον
357 1361 391 1426 ἔκ
413 1386 444 1425 τε
467 1368 519 1446 τῆς
541 1364 688 1446 διαμάχης
709 1367 767 1424 τῶν
790 1361 895 1424 παθῶν
917 1361 988 1444 πρὸς
1010 1361 1058 1423 τὸν
1081 1359 1164 1444 λόγον
1187 1365 1240 1444 τῆς
1254 1360 1303 1424 ἐπὶ
1325 1365 1376 1423 τοῦ
1399 1363 1502 1446 ἐγκρα·
1516 1378 1544 1421 τι

253 1469 320 1534 τούς
342 1466 391 1528 καί
414 1466 564 1549 ἀκρατοῦς.
605 1463 639 1526 ού
662 1465 714 1548 γὰρ
738 1468 788 1526 τού
811 1463 899 1526 αἰιτοῦ
923 1463 952 1525 ἐν
975 1462 1085 1532 τούτοις
1107 1464 1155 1525 καί
1177 1465 1197 1547 ἡ
1220 1464 1284 1545 νίκη
1307 1465 1355 1526 καί
1376 1465 1395 1546 ἡ
1418 1466 1502 1549 ἧττα.

213 1583 239 1626 ιο
253 1564 352 1630 ἔπειτα
374 1567 400 1630 εἰ
423 1567 455 1630 τδ
476 1567 528 1652 μὲν
550 1570 659 1652 χεῖρον,
680 1566 713 1628 τδ
736 1566 768 1629 δὲ
791 1565 901 1650 βέλτιον
924 1570 976 1648 τῆς
999 1571 1106 1650 ψυχῆς,
1130 1565 1248 1650 εὔλογον
1272 1566 1344 1630 ἄλλο
1366 1568 1503 1652 ἑκάτερον

253 1669 349 1747 αὐτῶν
376 1669 463 1743 εἰναι,
489 1667 588 1732 ἔπειτα
614 1667 813 1753 χωριζομένας
840 1668 891 1736 τὰς
919 1669 1066 1750 δυνάμεις,
1096 1669 1144 1731 καί
1166 1669 1200 1732 ού
1228 1671 1323 1738 ποίσας
1347 1670 1378 1732 ἐν
1404 1675 1501 1735 πᾶσιν.

254 1771 299 1834 δτι
320 1771 374 1856 γὰρ
396 1772 429 1835 τδ
451 1772 571 1856 φυτικὸν
593 1773 675 1856 ψυχή
699 1771 760 1834 ἐστι
782 1771 829 1833 καί
852 1775 950 1854 ψυχῆς
973 1769 1059 1855 μέρος
1081 1771 1129 1833 καὶ
1153 1772 1280 1856 δύναμις,
1302 1771 1336 1835 ού
1360 1772 1446 1858 μύρια
1468 1775 1501 1837 τδ

254 1874 408 1957 θρεπτικὸν
435 1875 483 1937 καί
508 1874 541 1936 τδ
568 1873 719 1956 αὐξητικὸν
745 1873 793 1935 καί
819 1871 999 1954 γεννητικύν,
1029 1872 1104 1935 ἀλλὰ
1130 1872 1202 1958 οὐχ,
1233 1874 1274 1943 ὥς
1303 1875 1376 1942 τινές
1403 1897 1502 1960 φασιν,

253 1977 348 2062 φύσις,
371 1975 499 2059 δείξομεν
522 1973 556 2038 ἔκ
577 2000 608 2039 τε
630 1981 680 2038 τοῦ
697 1975 854 2058 μὴ,ποίντα
875 1974 911 2037 τὰ
929 1974 1014 2059 φύσιν
1037 1973 1143 2060 ἔχοντα
1165 1977 1213 2038 καὶ
1228 1977 1301 2039 κατὰ
1323 1977 1408 2061 φύσιν
1433 1977 1502 2043 ὄντα
1515 1997 1545 2039 ιο

213 2096 239 2140 15
253 2078 331 2163 ἔχειν
353 2078 404 2147 τὰς
426 2080 559 2159 δυνάμεις
585 2078 698 2147 ταύτας.
742 2078 779 2139 τά
800 2078 906 2161 τεγδιρ
930 2079 1009 2140 ἁπλᾶ
1037 2080 1159 2159 σώματα
1181 2079 1266 2164 φύσει
1296 2078 1348 2161 μέν
1361 2067 1432 2144 ’ἐστι
1454 2083 1503 2144 καὶ

253 2181 318 2268 ἔχει
339 2181 436 2266 φύσιν,
463 2180 531 2244 οὔτε
557 2182 590 2244 δὲ
616 2181 749 2266 τρέφεται
775 2178 810 2243 δι’
838 2180 934 2242 αὑτῶν
961 2178 1028 2243 οὔτε
1051 2180 1165 2250 αὔξεται
1187 2180 1253 2245 ούτε
1274 2186 1368 2267 γεννᾷ.
1411 2181 1453 2246 ἔτι
1476 2184 1503 2247 εἰ

252 2287 285 2349 τδ
308 2284 421 2368 τρέφειν
444 2286 491 2347 καὶ
514 2284 546 2346 τδ
565 2281 658 2352 αὔξειν
681 2284 729 2345 καί
752 2286 851 2365 γεννοῖν
871 2281 996 2366 φύσεως,
1018 2284 1052 2346 ού
1075 2291 1185 2370 ψυχῆς,
1208 2285 1241 2347 τδ
1264 2283 1289 2348 δ’
1310 2286 1502 2349 αἰσθάνεσθαι

254 2392 366 2472 ψυχῆς,
389 2386 408 2469 ἢ
433 2384 534 2471 ῥητέον
557 2385 632 2468 μηδὲ
655 2388 706 2468 ζῆν
729 2385 823 2467 ἡμᾶς,
851 2383 919 2448 ὅταν
943 2386 983 2469 μ“η
1006 2386 1233 2471 αἰσθανώμεθα,
1256 2387 1275 2470 ἢ
1299 2387 1350 2450 δύο
1373 2389 1449 2459 ζωὰς
1471 2389 1501 2451 ἐν

252 2493 322 2573 ἡμῖν
345 2490 500 2574 ὑπάρχειν,
527 2485 598 2570 ὅπερ
611 2485 738 2549 ἄτοπον.
783 2485 826 2550 ἔτι
847 2488 873 2550 εἰ
895 2488 928 2551 τδ
952 2492 1004 2573 ξῆν
1030 2495 1129 2574 ψυχῆς
1151 2491 1307 2574 παρουσία,
1338 2493 1375 2572 ζῇ
1399 2491 1502 2554 δὲκαὶ

213 2607 241 2652 w
255 2592 290 2655 τὰ
306 2593 357 2674 τὴν
381 2591 502 2675 φυτικὴν
519 2590 636 2670 δύναμιν
652 2587 758 2673 ἔχοντα
774 2589 874 2673 μύνην,
897 2591 916 2673 ἡ
932 2592 1039 2675 φυτικίη
1062 2592 1180 2675 δύναμις
1195 2593 1278 2677 ψυχὴ
1296 2591 1329 2654 ἂν
1345 2591 1400 2676 εἴη.
1439 2593 1502 2675 ζωὴ

253 2696 307 2778 γάρ
329 2695 405 2758 ἐστιν
433 2695 452 2776 ἡ
479 2690 514 2756 δι’
542 2692 632 2756 αὑτοῦ
659 2694 752 2777 τροφή
779 2715 811 2755 τε
837 2694 886 2756 καί
912 2692 1039 2777 αὔξησις.
1083 2693 1176 2757 ἔτιεί
1204 2697 1237 2758 τδ
1264 2696 1349 2779 φύσει
1371 2696 1502 2780 χρῆσθαι
1517 2712 1547 2754 ιε

258 2801 310 2880 ζῖην
326 2797 411 2870 ἐστιν,
434 2796 471 2859 τὰ
486 2797 565 2859 ἁπλᾶ
587 2800 719 2880 στοιχεῖα
734 2795 906 2879 κατὰφύσιν
928 2797 1081 2880 κινούμενα
1103 2795 1165 2883 ζῴη
1182 2797 1226 2861 ἂν.
1261 2796 1302 2860 ἔτι
1317 2798 1343 2860 εἰ
1359 2798 1393 2889 τὰ
1415 2804 1502 2883 ψυχῇ

255 2900 306 2980 μὲν
329 2879 468 2984 χρώμενα
495 2903 549 2980 ζῇ,
577 2897 667 2961 τὰδὲ
693 2897 777 2982 φύσει
804 2901 944 2982 χρώμενα
973 2900 1006 2962 ού
1034 2905 1086 2983 ζῇ,
1116 2925 1134 2984 η
1158 2901 1243 2984 φύσις
1268 2900 1302 2963 ού
1325 2902 1416 2985 ψυχή.
1463 2898 1505 2963 ἔτι

254 3002 279 3064 εἰ
301 3001 337 3064 τὰ
360 3003 411 3085 μὲν
431 3006 516 3086 ,ψυχῇ
540 3003 678 3086 χρώμενα
702 3005 750 3083 ζῇ,
772 3001 809 3063 τὰ
831 3002 863 3064 δὲ
885 3001 918 3064 τδ
937 3004 1054 3086 φυτικδν
1078 3000 1184 3087 ἔχοντα
1206 3004 1254 3066 καί
1277 3002 1430 3087 θρεπτικὸν
1454 3008 1491 3087 ζῇ

214 3120 241 3163 25
255 3104 337 3189 ψυχὴ
365 3104 397 3166 τὸ
425 3104 578 3186 θρεπτικὸν
610 3104 658 3165 καί
691 3101 820 3187 φυτικόν.
869 3101 911 3166 ἔτι
938 3104 963 3166 εἰ
992 3105 1024 3167 τδ
1053 3106 1217 3188 γεννητικὸν
1251 3105 1349 3189 μόριον
1376 3105 1503 3190 ψυχικόν

254 3227 355 3291 φασιν,
383 3211 467 3268 τοῦτο
495 3207 527 3268 δὲ
554 3205 610 3268 ὑπὸ
638 3206 671 3268 τδ
698 3204 832 3290 φυτικύν,
866 3205 912 3289 εἴη
940 3205 974 3268 ἄν
1001 3208 1049 3270 καί
1076 3209 1109 3269 τδ
1136 3209 1256 3290 φυτικδν
1283 3213 1340 3270 πᾶν
1368 3207 1502 3293 ψυχικόν.

254 3308 397 3392 χρήσιμος
425 3308 458 3370 δὲ
479 3310 498 3391 ίη
521 3309 623 3371 τούτου
646 3308 729 3377 δεῖξις
752 3310 876 3390 μάλιστα
902 3312 974 3392 πρὸς
995 3307 1138 3378 απύδειξιν
1164 3315 1215 3372 τοῦ
1238 3310 1282 3373 δτι
1304 3310 1357 3373 οὐκ
1379 3311 1450 3374 εἰσίν
1473 3312 1504 3372 αἱ

255 3412 376 3494 Ιφυχιιιαὶ
398 3412 542 3495 διαφοραί,
564 3411 628 3495 περὶ
651 3412 728 3493 δτῇ
752 3415 835 3494 ψυχῇ
859 3411 1032 3494 ἠένέργεια,
1055 3411 1115 3474 ἀλλ’
1144 3411 1187 3475 ὅτι
1209 3412 1294 3475 αὐταὶ
1316 3415 1346 3476 αἱ
1369 3414 1504 3497 δυνάμεις
1518 3430 1547 3473 το

252 3517 305 3595 τῆς
327 3518 424 3597 ψυχῆς
447 3512 628 3597 διαφέρουσιν
651 3513 802 3596 ἀλλήλων,
830 3515 877 3576 καί
899 3515 957 3599 οὐχ
979 3514 1039 3577 οίύν
1062 3537 1093 3577 τε
1119 3538 1156 3597 ιη
1181 3515 1256 3598 αὐτῇ
1280 3517 1413 3599 δυνάμει,
1441 3516 1502 3580 οἷον

125 3666 130 3674 .
193 3619 292 3698 οοπη
315 3615 473 3699 αἰσθητικῇ
502 3622 605 3700 νοῆσαι
632 3617 651 3698 ἢ
675 3620 713 3699 τῇ
740 3621 860 3698 νοητικῇ
884 3616 1085 3680 αἰσθάνεσθαι.
1129 3617 1155 3680 εἰ
1177 3618 1230 3701 γὰρ
1256 3619 1359 3681 καὶτὸ
1382 3620 1503 3703 φυτικὸν

255 3719 389 3803 ψυχικόν,
414 3719 553 3782 ἀδύνατον
576 3721 608 3782 δὲ
630 3725 666 3801 τῇ
690 3719 765 3802 αὐτη
789 3720 909 3801 δυνάμει
937 3720 998 3802 ἅμα
1021 3717 1128 3781 πλέονα
1150 3721 1197 3782 καὶ
1220 3722 1344 3804 διάφορα
1368 3721 1503 3804 ἐνεργεῖν,

254 3821 353 3883 ἀεὶδὲ
376 3821 484 3906 ἐνεργεῖ
505 3822 625 3884 ἐπὶτῶν
649 3824 764 3892 ζώντων
789 3819 792 3905 γ
817 3821 850 3882 τδ
873 3821 1037 3904 θρεπτικόν,
1061 3820 1125 3904 ἤτοι
1144 3821 1280 3905 οὐδεμίαν
1303 3822 1394 3907 οῖλλην
1410 3824 1486 3909 ἐνέρ-
1504 3841 1556 3887 ιισι

252 3946 331 4005 γειαν
353 3923 543 4008 ἐνεμγήσομεν
566 3924 640 3987 κατὰ
661 3925 772 4008 ψυχήν,
799 3924 825 3986 εἰ
837 3923 899 4005 ’μία
920 3925 940 4007 ἡ
962 3924 1074 4008 ψυχικὴ
1097 3924 1228 4006 δύναμις,
1252 3949 1270 4009 η
1293 3927 1320 3988 εἰ
1342 3927 1390 3989 καὶ
1411 3926 1502 3998 ἄλλας

254 4025 434 4108 ἐνεργούμεν,
457 4026 517 4089 οἷον
539 4025 741 4109 αἰσθανώμεθα
762 4026 835 4089 κατὰ
857 4026 889 4089 τδ
911 4027 982 4090 αὐτὸ
1005 4028 1053 4089 καλ
1075 4026 1252 4110 τρεφόμεθα,
1279 4027 1313 4091 ού
1337 4033 1388 4112 μία
1410 4030 1429 4113 ἡ
1454 4036 1505 4115 ψυ-

213 4143 240 4186 ιιε
255 4129 326 4212 χικὴ
348 4128 480 4212 δύναμις,
506 4128 574 4192 οὐδέ
602 4153 665 4197 πως
692 4126 762 4213 ἔχον
789 4129 821 4192 τδ
850 4130 1021 4212 ἡγεμονικὸν
1048 4131 1112 4214 περὶ
1139 4130 1248 4193 ἕκαστα
1274 4130 1390 4215 ἐνεργεῖ.
1435 4133 1505 4197 οὐδὲ

253 4231 307 4315 γὰρ
330 4233 360 4294 αί
375 4230 474 4315 τέχναι
497 4235 535 4314 τῇ
550 4236 608 4294 τῶν
624 4231 752 4314 ἰιργοίναιν
768 4230 914 4315 ἑτερότητι
937 4232 988 4314 τὴν
1004 4232 1143 4316 διαφορὰν
1159 4230 1278 4319 ἔχουσιν
1297 4233 1365 4296 οὐδὲ
1380 4240 1422 4320 τῷ
1438 4237 1504 4320 περὶ

255 4333 345 4396 ἂκαί
367 4334 408 4395 ὧν
430 4336 516 4409 εἰσιν,
544 4332 603 4397 ἀλλ’
635 4331 710 4396 ἔστιν
737 4335 756 4417 ἡ
785 4333 911 4418 διαφορὰ
940 4333 1040 4403 αύταῖς
1062 4335 1137 4398 κατὰ
1163 4335 1215 4403 τὰς
1241 4336 1348 4405 οἰκείας
1370 4339 1505 4422 δυνάμεις
1531 4356 1546 4397 ε

254 4433 401 4519 πρότερον.
447 4434 489 4498 ἔτι
510 4436 637 4498 πλείοσιν
660 4436 830 4520 αἰσθήσεσιν
853 4437 1055 4522 αἰσθανύμεθα
1078 4437 1149 4521 ἅμα.
1194 4437 1235 4501 ἔτι
1257 4439 1283 4500 εἰ
1306 4438 1405 4523 πρᾶξίς
1427 4442 1503 4505 ἐστιν

201 4574 268 4627 δεῖ.
287 4575 345 4641 ‘27ss
454 4575 483 4626 ll
504 4574 569 4625 τάοι
677 4576 707 4627 14
731 4574 860 4641 υί.105,8
969 4576 999 4629 18
1021 4574 1192 4645 αἰσθανόμεθα
1211 4579 1250 4630 Va
1356 4578 1390 4630 20
1408 4581 1502 4652 φυτικη
1520 4583 1559 4636 V:

201 4663 343 4732 φυτικὴνε
448 4660 478 4713 21
499 4679 527 4713 τε
546 4676 630 4713 σαμε
735 4662 768 4714 ‘22
786 4662 840 4732 ζώη
859 4665 899 4716 Va
1003 4664 1036 4716 25
1056 4664 1163 4734 ψυχικόν
1182 4666 1217 4717 V:
1236 4665 1321 4735 ψυχὴν
1339 4682 1356 4717 α
1456 4668 1488 4719 27
1508 4668 1558 4722 ούκ

201 4749 260 4802 τίσίν
278 4748 346 4818 κτλ]
369 4750 523 4814 differentiae
542 4768 587 4799 non
611 4747 647 4817 [in
666 4750 701 4800 eis
719 4752 789 4800 rebus
804 4752 899 4814 μουίιυε
917 4751 996 4821 εναι],
1020 4753 1049 4802 de
1072 4755 1157 4818 quibus
1178 4755 1259 4803 anima
1282 4755 1346 4822 σφιλ,
1369 4754 1414 4807 sed
1437 4754 1469 4806 cf.
1489 4772 1513 4807 ν.
1522 4756 1558 4809 36

202 4834 258 4888 ούδὲ
276 4840 319 4905 τῷ
338 4835 427 4906 περίἃ
533 4836 566 4889 28
585 4835 658 4889 αύταὶ
676 4837 782 4904 scripsi:
800 4835 873 4889 αὗται
891 4839 932 4891 Va
1031 4839 1063 4892 31
1083 4838 1219 4893 πλείοναο
1325 4839 1358 4893 34
1378 4839 1523 4914 θρεφύμιθα
1542 4861 1560 4897 ⁸

201 4923 234 4976 37
254 4921 306 4976 ἀλλ’
328 4921 405 4992 ἐστιν]
425 4920 440 4975 λ
458 4921 522 4976 ἔστιν
540 4924 568 4976 in
585 4924 625 4977 lit.
636 4926 659 4978 V
