3540 5610
219 301 280 368 162
538 302 739 361 mmmm
765 304 807 360 οε
830 304 940 361 mmm
964 303 1057 360 οιΒιιι
1079 304 1252 361 mvsa&

271 477 458 559 μνημονεύειν
481 482 578 541 τινῶν·
606 479 801 562 διεγερθέντες
823 483 890 561 γοῦν
913 476 1030 564 ἔχουσιν
1053 480 1105 562 τὴν
1129 481 1245 564 μνήμην
1267 480 1316 542 καὶ
1337 477 1392 542 οὐκ
1413 480 1519 564 ἀπυβε·

272 579 426 664 βλήκασιν)
448 579 546 663 ὁμοιον
571 583 684 666 καὶτῷ
705 581 797 664 λέγειν
820 581 1020 665 κοιμωμένους
1043 583 1122 666 ὁρᾶν,
1146 582 1209 645 ἐπεὶ
1231 583 1279 645 καὶ
1302 581 1519 652 ἐξυπνισθέντες

270 682 376 764 ὁρῶσιν
399 685 446 746 καὶ
470 685 510 766 μὴ
534 684 680 769 ἀπέβαλον
702 685 754 768 τήν
777 684 895 766 δύναμιν
917 685 969 768 τὴν
992 685 1137 767 ὁρατικήν.
1177 682 1219 747 ἔτι
1241 685 1267 747 εἰ
1290 685 1330 768 μή
1354 689 1452 770 ψυχῆς
1473 683 1518 747 εὐ-

268 785 400 865 δαιμονία
422 790 558 870 ζητεῖται,
581 786 655 849 ἀλλά
678 787 845 871 ἀνθρώπου,
869 789 1050 868 ὁμολογεῖται
1072 787 1105 850 δὲ
1127 786 1175 849 τὸν
1191 786 1346 871 ἄνθρωπον
1368 788 1402 850 ἐκ
1416 792 1519 872 ψυχῆς

241 884 342 950 σεῖναι
363 888 411 950 καὶ
434 891 583 971 σώματος,
610 889 651 951 ῶν
679 889 816 974 ἑκατέρου
844 890 904 953 ἐστὶ
932 890 978 952 καὶ
1002 889 1099 971 ἀγαθὰ
1126 889 1218 952 οἰκεῖα
1248 890 1295 952 καὶ
1323 890 1398 953 κακά
1420 888 1518 975 διαφέ-

269 1012 354 1073 ροντα
376 990 527 1074 ἀλλήλων,
555 993 653 1076 ὥσπερ
676 990 725 1054 οὐν
749 993 796 1054 καὶ
819 991 893 1054 αὐτὰ
915 992 1051 1076 ἀλλήλων
1074 991 1172 1076 ἕτερα,
1200 995 1264 1061 πῶς
1285 990 1339 1055 οὐκ
1360 992 1521 1055 ἀκολουθεῖ
1533 1008 1560 1049 ιο

268 1092 301 1182 τὸ
324 1093 357 1156 τδ
380 1093 462 1162 τέλος
482 1097 533 1156 τοῦ
556 1093 585 1162 ἐξ
607 1095 716 1179 ἀμφοῖν
739 1092 819 1164 ὄντος
842 1095 890 1157 καὶ
910 1096 944 1156 τδ
964 1095 1074 1176 ἀγαθὸν
1097 1094 1286 1178 προσδεῖσθαι
1308 1099 1359 1157 τοῦ
1379 1094 1519 1178 ἑκατέρου

268 1194 391 1265 τούτων,
416 1195 446 1266 ἐξ
469 1197 510 1258 ῶν
536 1196 622 1276 ἐστιν,
650 1197 779 1279 ἀγαθού;
812 1197 838 1259 εί
861 1198 893 1259 δὲ
919 1200 1018 1272 τοῦτο,
1050 1195 1103 1259 οὐκ
1125 1195 1265 1279 αὔταρκες
1287 1196 1320 1259 τδ
1342 1202 1394 1280 τῆς
1416 1202 1519 1283 ψυχῆς

266 1297 377 1380 ἀγαθὸν
399 1299 471 1383 πρδς
492 1299 524 1361 τὸ
546 1303 597 1361 τού
620 1299 778 1384 ἀνθρώπου
800 1299 897 1373 τέλος,
924 1299 999 1362 ἀλλά
1021 1302 1067 1362 δεῖ
1085 1298 1168 1383 αὐτῷ
1191 1299 1239 1361 καὶ
1262 1303 1320 1362 τῶν
1340 1304 1394 1378 τοῦ
1416 1303 1517 1383 σῶμα·

227 1414 253 1459 1⁰
265 1423 324 1474 τος,
347 1403 482 1483 σώματος
504 1402 537 1463 δὲ
560 1401 656 1483 ἀγαθὰ
679 1403 780 1484 ὑγίεια,
803 1403 822 1485 ἢ
845 1402 949 1484 γίνεται
972 1403 1036 1485 περὶ
1059 1401 1110 1485 τὴν
1133 1407 1191 1463 τῶν
1214 1403 1337 1486 πρώτων
1360 1404 1516 1483 σωμάτων,

266 1503 296 1567 ἐν
319 1504 362 1573 οῖς
384 1505 461 1588 τῷδε
483 1504 515 1566 τδ
537 1502 619 1579 εἶναι,
642 1502 805 1588 εὐκρασίαν,
828 1504 922 1588 ίσχός,
948 1505 967 1588 ή
991 1505 1065 1567 ἐστιν
1088 1504 1118 1567 ἐν
1142 1508 1179 1588 τῇ
1204 1503 1317 1586 εὐτονίᾳ
1339 1509 1396 1565 τῶν
1420 1503 1517 1568 δευτέ-

265 1630 323 1691 ρων
345 1607 392 1669 καί
416 1606 447 1675 ἐξ
468 1605 585 1670 ἐκείνων
608 1606 801 1690 συγκειμένων
824 1608 983 1689 σωμάτων,
1011 1609 1129 1686 καλλος,
1157 1608 1175 1670 ὁ
1196 1607 1272 1670 ἐστιν
1295 1607 1325 1668 ἐν
1348 1611 1384 1689 τῇ
1408 1606 1516 1691 εὐσχη·

266 1709 378 1792 μοσύθη
402 1710 449 1772 καὶ
470 1710 630 1794 συμμετρίᾳ
651 1715 710 1772 τῶν
731 1711 833 1793 τρίτων
856 1709 913 1794 ήδη
937 1711 985 1772 καὶ
1005 1710 1223 1793 ἀνομοιομερῶν
1246 1711 1400 1791 σωμάτων,
1424 1709 1443 1771 ἀ
1466 1711 1514 1771 καὶ

265 1812 338 1896 μέρη
361 1816 411 1874 τοῦ
435 1814 570 1893 σώματος
596 1811 717 1895 λέγομεν
740 1817 883 1897 προσεχῆ.
927 1815 968 1881 ὡς
989 1811 1043 1896 γάρ
1066 1812 1113 1874 ἐπὶ
1135 1817 1187 1895 τῆς
1209 1817 1310 1897 φυχῆς
1331 1817 1433 1875 πασῶν
1456 1817 1515 1874 τῶν
1530 1827 1557 1869 ιε

225 1929 251 1975 15
264 1916 376 2000 ἀρετῶν
399 1913 466 1978 καθ’
495 1915 619 1999 ἑκάστην
641 1915 759 1998 δύναμιν
782 1915 866 1999 χρεία
892 1916 964 1999 πρὸς
990 1915 1022 1977 τδ
1046 1919 1095 1977 τοῦ
1117 1915 1275 1999 ἀνθρώπου
1298 1914 1394 1985 τέλος,
1423 1914 1516 1982 οὕτως

264 2019 297 2081 δὲ
319 2018 366 2081 καὶ
390 2017 437 2080 ἐπὶ
460 2022 510 2081 τοῦ
533 2020 678 2100 σώματος.
712 2015 754 2080 ἔτι
775 2018 801 2080 εί
823 2019 895 2102 πρδς
917 2017 936 2080 ἃ
957 2018 990 2080 ἐκ
1011 2019 1128 2102 φύσεως
1149 2017 1336 2103 όάνθρωπας
1357 2018 1514 2086 οἰκείωται,

263 2121 423 2184 ταῦτακαὶ
446 2118 524 2206 ἔχειν
546 2117 580 2182 εὐ
605 2119 737 2205 βούλεται
759 2122 777 2204 ἡ
802 2122 901 2205 ἀρετή,
924 2121 1085 2205 ἀβούλητον
1108 2121 1140 2184 δέ
1162 2121 1238 2184 ἐστιν
1261 2120 1337 2203 αὐτή
1360 2121 1393 2183 τὸ
1417 2121 1457 2204 μή
1480 2118 1513 2183 εὐ

265 2222 343 2309 ἔχειν
359 2227 457 2297 ταῦτα,
480 2223 625 2286 οἰκείωται
648 2222 671 2285 δ’
693 2224 726 2286 ἐκ
748 2222 864 2308 φύσεως
880 2224 977 2307 ὥσπερ
1000 2225 1072 2308 πρδς
1090 2224 1176 2286 αὐτὸν
1197 2222 1283 2291 αὐτὸς
1305 2224 1353 2286 καὶ
1375 2223 1411 2285 τδι
1428 2221 1514 2306 μόρια

264 2325 354 2389 αὐτοῦ
377 2327 425 2390 καὶ
449 2325 498 2394 τάς
522 2327 656 2410 δυναίμεις
676 2329 726 2389 καὶ
747 2326 798 2395 τάς
820 2325 996 2410 ἀκρότητας,
1022 2327 1114 2394 οὕτως
1137 2327 1169 2389 δὲ
1191 2328 1238 2389 καὶ
1261 2326 1332 2410 πρδς
1354 2325 1421 2395 τούς
1442 2328 1514 2409 πλη-

222 2444 250 2489 20
263 2429 334 2509 σίον,
356 2433 449 2511 γονεῖς
469 2452 500 2492 τε
521 2432 568 2492 καὶ
591 2429 701 2514 φιλυυς,
724 2429 855 2502 οἰκείους,
877 2429 995 2497 πολίτας
1017 2429 1197 2510 (κοινωνικόν
1219 2428 1272 2512 γάρ
1295 2429 1344 2491 καὶ
1367 2429 1513 2490 πολιτικὸν

263 2531 366 2617 ζῷον),
390 2533 479 2615 δῆλον
503 2535 543 2600 ῶς
563 2533 611 2594 καὶ
634 2535 723 2594 ταῦτα
745 2528 778 2593 εὐ
798 2528 903 2616 ἔχοντα
927 2532 973 2594 καὶ
996 2530 1149 2613 σωζόμενα
1172 2534 1303 2594 συντελοῖ
1322 2554 1349 2592 τι
1372 2529 1405 2592 ἀν
1429 2529 1510 2614 αὐτῷ
1525 2546 1556 2588 ευ

262 2635 333 2719 πρὸς
355 2635 388 2699 τὸ
410 2635 515 2698 οἰκεῖον
545 2634 655 2716 ἀγαθόν
678 2635 725 2696 καὶ
753 2633 834 2701 τέλος
863 2635 911 2696 καὶ
942 2635 1019 2697 όσων
1042 2633 1123 2719 αὐτῷ
1151 2635 1237 2719 χρεία
1258 2635 1331 2716 πρὸς
1352 2635 1384 2697 τδ
1408 2636 1512 2705 σώζειν

262 2736 401 2800 δύνασθαι
422 2735 510 2799 αὐτόν
532 2759 563 2799 τε
590 2737 636 2799 καὶ
660 2736 780 2799 ἕκαστον
804 2740 860 2797 τῶν
888 2737 960 2818 πρδς
986 2737 1005 2799 ἃ
1031 2737 1176 2799 οἰκείωται
1203 2736 1236 2799 ἐκ
1265 2736 1389 2820 φύσεως.
1434 2738 1512 2801 ὥστε

262 2841 309 2902 καὶ
332 2843 390 2902 τῶν
413 2839 568 2923 ὠφελίμων
592 2839 710 2920 ἀγαθῶν
732 2837 812 2923 αὐτῷ
837 2840 897 2921 δεῖ,
923 2837 983 2921 ἂῆ
1006 2839 1140 2922 ποιητικὰ
1162 2840 1267 2922 γίνεται
1294 2845 1352 2902 τῶν
1374 2839 1411 2902 δι’
1436 2839 1512 2903 αὐτὰ

220 2943 383 3026 εσαίρετῶν
411 2945 454 3026 τῷ
482 2941 631 3025 ἀνθρώπῳ
660 2940 765 3023 (ταῦτα
787 2941 819 3004 δέ
842 2941 917 3004 ἐστιν
944 2942 1015 3025 πρὸς
1041 2941 1060 3003 ἀ
1087 2942 1120 3005 ἐκ
1147 2941 1263 3026 φύσεως
1289 2941 1463 3024 οἰκείωται),
1492 2943 1511 3025 ἢ

261 3044 423 3130 φυλακτικά
444 3042 555 3116 αὐτῶν,
583 3043 601 3126 ή
624 3050 682 3106 τῶν
705 3044 838 3106 ἐναντίων
862 3043 960 3111 αὐτοῖς
982 3042 1144 3128 ἀλεξητικοί.
1189 3042 1231 3108 ἔτι
1254 3044 1280 3106 εί
1303 3045 1321 3127 ή
1345 3043 1511 3128 εὐδαιμονία

259 3149 467 3232 συμπλήρωσις
482 3148 612 3230 ἀγαθῶν,
635 3146 755 3209 ἕκαστον
779 3147 810 3209 δὲ
832 3150 889 3208 τῶν
912 3147 983 3230 πρὸς
1006 3146 1024 3208 ἃ
1047 3147 1211 3232 ἐκφύσεως
1233 3147 1412 3229 οἰκειιὸμεθά
1433 3148 1511 3211 ἐστιν

261 3249 369 3334 ἀγαθόν
391 3273 427 3324 τι,
451 3254 513 3318 πῶς
537 3248 570 3312 οὐ
593 3252 707 3313 πάντων
731 3252 776 3312 δεῖ
797 3248 904 3311 τούτων
926 3250 967 3317 είς
989 3249 1041 3332 τήν
1063 3250 1270 3333 συμπλήρωσιν
1293 3256 1350 3312 τῶν
1373 3251 1510 3332 ἀγαθῶν;
1525 3268 1552 3309 ευ

259 3355 292 3416 τδ
313 3353 369 3437 γάρ
395 3353 563 3415 οἰκειῶεθαι
590 3354 641 3436 μέν
668 3351 759 3434 λέγειν
787 3353 866 3434 ἡμᾶς
892 3352 963 3436 πρδς
985 3352 1091 3440 πλείω,
1124 3353 1214 3434 μηδὲν
1243 3350 1339 3434 μέντοι
1367 3353 1512 3436 διαφέρειν

219 3472 246 3516 συ
260 3457 329 3540 ἡμῖν
359 3456 493 3519 ὁπωσοῦν
520 3453 649 3540 ἐχόντων
679 3452 791 3527 αὐτῶν,
827 3453 980 3538 μαχόμενα
1007 3454 1099 3535 λέγειν
1130 3453 1216 3517 ἐστίν.
1266 3454 1292 3516 εἰ
1319 3455 1352 3516 δὲ
1379 3454 1509 3539 δεόμεθα

259 3558 370 3635 αὐτῶν,
392 3562 456 3627 πῶς
483 3557 517 3621 ἂν
540 3559 718 3639 εὐδαιμονεῖν
748 3579 789 3624 τις
814 3556 924 3640 λέγοιτο
952 3556 1188 3639 ἀπολειπομένων
1216 3556 1305 3620 αὐτοῦ
1332 3556 1441 3620 τούτων
1468 3560 1508 3621 ῶν

262 3663 362 3734 δεῖται,
384 3661 415 3724 εῖ
426 3685 458 3743 γε
473 3660 603 3728 ἀνενδεδς
617 3684 636 3742 η
653 3657 819 3741 εὐδαιμονία
845 3659 893 3721 καὶ
908 3659 1025 3722 τέλειον.
1063 3657 1104 3721 ἔτι
1127 3659 1153 3721 εἰ
1174 3660 1204 3722 αἱ
1220 3660 1311 3722 κοιναὶ
1334 3660 1399 3744 περὶ
1415 3659 1508 3724 εὐδαι-

196 3809 198 3815 -
260 3768 359 3846 μανίας
374 3762 477 3827 ἔννοιαι
492 3762 664 3847 αὐτάρκειάν
680 3785 711 3824 τε
733 3760 824 3844 αὐτήν
847 3764 925 3844 ζωῆς
947 3762 1071 3825 τίθενται
1093 3762 1244 3846 (ἀνεπιδεῆ
1267 3762 1322 3846 γὰρ
1344 3763 1393 3825 τὸν
1415 3763 1508 3827 εὐδαί-

260 3891 332 3951 μονα
354 3865 577 3951 προειλήφασιν)
603 3866 651 3928 καί
673 3865 724 3947 τὴν
747 3862 929 3947 εὐδαιμονίαν
952 3866 983 3927 τό
1008 3864 1131 3950 ἔσχατον
1153 3871 1211 3927 τῶν
1234 3864 1358 3948 δρεκτῶν
1382 3867 1508 3951 ὁπολαμ·

219 3986 246 4030 τιό
260 3972 394 4056 βαίνουσιν
417 3969 508 4051 (ἀλλὰ
523 3969 571 4031 καί
594 3970 626 4031 τδ
643 3971 694 4051 ίήν
717 3966 790 4029 κατὰ
809 3966 894 4050 φύσιν
917 3967 963 4029 καὶ
986 3967 1034 4028 τδν
1055 3966 1127 4030 κατὰ
1143 3968 1226 4053 φύσιν
1250 3969 1311 4053 βίον
1325 3969 1507 4052 εὐδαιμονίαν
1520 3988 1549 4029 ου

258 4073 402 4155 λέγουσιν,
429 4072 500 4156 πρὸς
527 4072 559 4134 δὲ
581 4070 692 4138 τούτοις
717 4070 749 4132 τδ
777 4066 808 4131 εὖ
833 4073 885 4151 ζῆν
917 4070 965 4132 καὶ
992 4070 1024 4131 τὸ
1053 4067 1085 4132 εὐ
1119 4071 1198 4155 βιοῦν
1225 4073 1273 4134 καὶ
1300 4072 1352 4155 τήν
1383 4071 1507 4144 εὐίωῖαν

257 4175 439 4258 εὐδαιμονίαν
461 4175 548 4248 φασὶν
571 4171 672 4255 εἶναι),
699 4171 725 4233 εἰ
747 4176 874 4234 τοιοῦτον
899 4173 949 4255 μὲν
973 4197 991 4254 η
1016 4172 1182 4255 εὐδαιμονία
1203 4173 1407 4258 προειληπται,
1435 4177 1507 4261 πρὸς

258 4277 347 4362 μηδὲν
375 4277 408 4339 δὲ
429 4276 536 4339 τούτων
560 4275 705 4357 αὐτάρκης
730 4298 749 4355 η
773 4275 878 4358 ἀρετή,
909 4274 970 4337 οὐδ’
999 4273 1032 4336 ἀν
1060 4277 1130 4358 πρδς
1157 4275 1337 4358 εὐδαιμονίαν
1360 4277 1507 4363 αὐταίρκης

204 4481 219 4532 2
246 4481 283 4550 τῷ
304 4480 409 4547 scripsi:
427 4479 457 4533 τὸ
478 4481 515 4531 Va
551 4480 583 4532 cf.
603 4479 680 4545 60,ὶύ
699 4478 785 4546 ὁμοιαν
803 4480 849 4550 γὰρ
867 4497 896 4530 το
915 4479 993 4547 λέγειν
1012 4483 1186 4552 κεχωρισμένα
1204 4479 1264 4533 εἶναι
1283 4482 1314 4532 τό
1332 4480 1497 4551 αἰσθανόμενα
1515 4489 1558 4555 τιή

202 4567 281 4636 λέγειν
356 4566 372 4619 3
392 4565 554 4636 εὐδαιμοίαιι
629 4568 644 4618 δ
664 4565 707 4616 οὐν
726 4566 775 4618 del.
795 4567 898 4635 Madvig
917 4566 970 4619 Cic.
990 4568 1020 4620 de
1040 4568 1084 4620 fin.
1097 4569 1220 4634 4,11‚⁴26,
1240 4568 1285 4621 sed
1304 4568 1336 4620 cf.
1357 4569 1412 4621 lnd.
1495 4572 1509 4623 ’ί
1527 4572 1558 4624 τὸ

201 4655 230 4707 τδ
249 4656 284 4706 V:
306 4653 335 4706 τδ
355 4671 370 4706 τι
462 4655 505 4705 καὶ
523 4654 552 4706 τό
571 4652 664 4724 ἀγαθὸν
683 4653 733 4706 del.
752 4653 855 4721 Madvig
874 4655 908 4705 ib.
1004 4656 1019 4705 θ
1038 4655 1166 4724 σώματος]
1186 4676 1198 4714 ς
1216 4657 1245 4708 in
1264 4656 1335 4708 lit.v
1433 4659 1461 4710 17
1481 4658 1511 4712 τδ
1529 4660 1558 4712 in

201 4743 276 4795 lit.v
368 4740 398 4793 18
416 4741 525 4794 αὐτδνα
614 4742 645 4793 ‘21
667 4740 809 4793 συντελεῖιι
898 4741 930 4793 23
950 4740 1051 4794 δόναται
1071 4744 1182 4796 λἰιιιΙιΙστ
1199 4743 1313 4812 Sylburg
1400 4743 1476 4796 αὐτὸν
1496 4747 1534 4798 Va

201 4830 244 4881 καὶ
262 4845 312 4881 om.
331 4845 347 4882 τι
435 4829 468 4882 24
488 4829 551 4882 αὐτοί
570 4829 682 4897 Sylburg
771 4829 803 4879 26
823 4828 843 4880 εί
861 4828 877 4900 ή
897 4844 947 4881 om.
965 4846 981 4881 υ
998 4830 1124 4883 Vualder:
1141 4831 1158 4901 ή
1177 4846 1226 4883 om.
1245 4831 1359 4899 Sylburg
1446 4832 1479 4886 27
1499 4833 1556 4887 ῖιια-

201 4932 259 4971 στον
278 4918 384 4988 scripsi:
402 4917 508 4971 διάστου
528 4920 566 4972 Va
654 4916 687 4969 32
706 4914 816 4975 ἀνενδτὲς
837 4917 871 4969 V:
891 4916 1007 4990 ἀνενδεὴς
1025 4934 1041 4971 ο
1059 4919 1090 4971 cf.
1111 4919 1166 4971 Ind.
1184 4935 1205 4971 υ.
1224 4934 1247 4969 ν.
1266 4923 1386 4971 neutrum
