3540 5610
211 305 254 369 64
697 302 849 360 ΑΙΙΟΡΙΩΝ
870 303 930 360 ml
951 301 1082 361 ΛΥΣΕΩΝ

265 476 341 559 λέγει
353 476 558 563 Ἀριστοτέλης
573 479 621 542 ἐπὶ
637 484 687 543 τοῦ
704 479 825 561 κόσμου,
841 480 867 542 εἰ
886 480 1005 562 γενητὸς
1020 477 1079 562 εἴη·
1096 479 1144 542 διὰ
1158 482 1244 542 τοῦτο
1258 479 1313 561 γάρ
1327 499 1414 562 φησιν
1430 477 1518 541 αὐτὸν

263 580 312 643 καὶ
334 582 549 667 φθαρήσεσθαι.
587 582 621 646 ού
644 583 698 667 γὰρ
721 584 812 652 οὕτως
835 581 941 667 ἔχοντα
963 583 1064 667 όρὰται
1087 583 1122 645 τὰ
1144 581 1292 665 γινόμενα·
1316 578 1384 643 οὔτε
1405 579 1462 663 γὰρ
1484 579 1518 641 τδ

265 683 374 768 βάθρον
397 686 429 748 τδ
452 685 486 748 ἐκ
508 690 559 748 τού
574 689 688 749 τοιοῦδε
710 685 796 754 ξύλου
819 686 935 767 γεγονός
954 686 1096 768 φυλάσσει
1117 685 1170 768 τὴν
1184 685 1302 766 δύναμιν
1325 681 1367 746 ἔτι
1389 685 1440 746 τοῦ
1463 705 1519 744 τοι·
1546 697 1560 737 ὅ

263 791 331 849 οῦτο
353 787 487 870 γενέσθαι
509 788 601 864 ξύλον,
625 787 686 851 οὐδ’
708 790 749 858 εἰς
770 788 856 852 ταύτὸ
879 789 898 870 ἡ
923 788 1069 872 μεταβολή
1092 788 1193 850 τεκαὶ
1216 787 1324 869 φθορά,
1346 783 1414 849 οὔθ’
1444 783 1518 849 όέκ

228 911 243 958 5
263 913 347 953 τινων
370 891 444 954 κατὰ
466 892 631 976 μεταβολὴν
653 890 801 974 γινόμενος
823 890 976 974 ἄνθρωπος
1005 892 1090 953 πάλιν
1111 891 1153 959 εἰς
1175 891 1272 954 ἐκεῖνα
1294 890 1459 974 φθείρεται,
1487 888 1519 958 ἐξ

264 995 304 1056 ὧν
332 996 351 1077 ἡ
380 994 490 1075 γένεσις
520 993 617 1080 αύτῷ,
647 993 714 1058 τόδε
740 994 774 1057 τό
801 991 931 1077 ἔμμηνον
959 995 1008 1056 καὶ
1034 993 1100 1057 τόδε
1125 995 1159 1057 τδ
1187 993 1312 1076 σπέρμα.
1357 993 1377 1075 ἦ
1405 992 1442 1055 τὰ
1464 992 1518 1074 μὲν
1534 1009 1561 1050 ια

262 1099 336 1161 κατὰ
357 1097 409 1166 τὰς
431 1097 536 1182 τέχνας
556 1096 691 1179 γινόμενα
719 1097 772 1160 οὐκ
795 1099 975 1180 ἀνακάμπτει
1003 1099 1087 1160 πάλιν
1116 1098 1164 1160 ἐπ1
1186 1097 1237 1163 τὰς
1261 1097 1344 1169 ὕλας,
1373 1098 1417 1160 ὅτι
1441 1098 1519 1179 μηδὲ

263 1199 298 1284 ἦν
322 1206 373 1285 τῆς
395 1201 501 1286 τέχνης
522 1199 604 1284 ἔργον
630 1203 649 1284 ἡ
674 1201 744 1283 ύλη,
771 1200 800 1269 ἐξ
823 1201 859 1284 ἧς
881 1201 973 1264 ἐποίει
1000 1202 1031 1264 τδ
1055 1198 1153 1285 ἔργον,
1182 1200 1257 1263 ἀλλὰ
1286 1198 1354 1283 μηδ’
1382 1199 1419 1283 ἦν
1443 1200 1520 1263 ἀντι-

262 1305 381 1388 κειμένη
405 1307 448 1387 τῷ
470 1301 547 1387 ἔργιρ
569 1303 724 1389 γινομένη),
752 1305 793 1372 εἰς
816 1303 831 1366 δ
854 1306 873 1387 ἡ
898 1304 1043 1388 μεταβολὴ
1067 1308 1109 1389 τῷ
1133 1303 1290 1387 γινομένῳ.
1335 1301 1406 1387 ἔχον
1430 1303 1463 1366 δὲ
1485 1305 1519 1366 τό
1534 1320 1560 1361 ιε

212 1428 242 1474 ιο
263 1408 450 1490 ὑποκείμενον
466 1405 585 1490 φυσικόν
606 1430 638 1469 τε
660 1406 692 1470 δν
708 1407 826 1489 δύναμιν
849 1411 901 1470 τοῦ
923 1406 1063 1476 δέξασθαί
1082 1431 1114 1469 τε
1133 1411 1219 1469 τοῦτο
1242 1407 1275 1469 τδ
1291 1405 1367 1474 εἶδος
1389 1408 1439 1469 καὶ
1464 1409 1517 1489 μή,

261 1510 314 1574 κὰν
338 1508 461 1593 δέξηται,
483 1511 630 1592 φυλάσσον
652 1511 704 1593 τὴν
727 1510 845 1592 δύναμιν
867 1512 920 1593 τἠν
943 1514 994 1572 τοῦ
1016 1511 1198 1595 χωρίζεσθαι
1224 1513 1275 1573 τοῦ
1298 1507 1392 1578 είδους
1415 1509 1431 1571 δ
1455 1509 1516 1572 ἐδέ-

261 1613 337 1688 ξατο,
360 1613 517 1698 χωρίζεταί
536 1635 566 1674 τε
588 1612 676 1675 αὐτοῦ
700 1614 746 1675 καὶ
766 1613 925 1697 φθείρεται,
948 1614 995 1676 καὶ
1018 1614 1123 1696 γίνεται
1146 1613 1227 1698 αύτῷ
1251 1615 1269 1697 ἡ
1293 1613 1391 1697 φθορὰ
1414 1612 1516 1695 ὥσπερ

261 1714 309 1779 οὖν
332 1718 380 1779 καὶ
402 1715 544 1799 ἡγένεσις
567 1716 622 1778 ύπδ
643 1714 751 1785 ἔξωθέν
774 1738 849 1784 τινος
871 1715 891 1800 ἤ
912 1740 987 1785 τινος
1008 1718 1151 1790 τοιούτου,
1173 1717 1200 1780 εἰ
1223 1719 1265 1786 ῶς
1279 1716 1410 1801 τεχνικδν
1433 1716 1516 1799 φθεί-
1530 1731 1559 1772 ει)

261 1843 348 1904 ροιτο,
372 1820 390 1902 ἢ
414 1820 471 1882 ὑπδ
493 1821 619 1903 φύσεως,
642 1820 669 1882 εἰ
690 1824 729 1903 τῇ
752 1824 803 1883 τοῦ
820 1819 1010 1900 ὑποκειμένου
1034 1822 1170 1902 σώματος
1190 1825 1300 1904 φυσικῇ
1323 1822 1423 1903 φθορᾷ
1447 1837 1516 1901 συμ-

210 1943 240 1992 15
260 1923 408 2007 φθείροιτο
435 1924 483 1986 καὶ
509 1923 541 1985 τό
565 1928 616 2006 τῆς
642 1922 748 2007 τέχνης
775 1920 866 2006 ἔργον.
912 1922 961 1985 ἐπὶ
985 1924 1017 1985 δέ
1041 1922 1118 2006 [τῆς]
1148 1927 1206 1985 τῶν
1235 1923 1322 2007 φύσει
1344 1921 1515 2005 γινομένων,

259 2028 359 2111 ὥσπερ
382 2023 431 2089 ούν
454 2027 487 2088 τὸ
509 2025 666 2108 γινόμενον,
691 2026 767 2088 ούτω
790 2027 838 2088 καὶ
860 2025 893 2088 τδ
917 2025 1103 2105 ὑποκείμενον
1125 2025 1220 2110 φύσει,
1244 2027 1291 2089 καὶ
1313 2023 1375 2089 ἔστι
1398 2030 1557 2109 πρῶτονκα

261 2130 312 2211 μὲν
336 2128 523 2210 ὑποκείμενον
546 2130 564 2211 ἡ
588 2128 653 2210 ύλη,
677 2129 739 2212 ἥτις
761 2127 901 2191 οὐδέποτέ
925 2127 928 2211 i
953 2128 1029 2190 ἐστιν
1052 2128 1180 2212 ἐνεργείᾳ
1202 2125 1271 2192 καθ’
1297 2130 1398 2213 αὑτήν,
1421 2129 1497 2213 ένερ·
1521 2134 1571 2190 121)

259 2233 321 2314 γείογ
344 2232 377 2294 δέ
400 2231 574 2313 ὑποκείμενα
597 2231 632 2293 τὰ
655 2235 801 2315 στοιχεῖα,
829 2230 928 2315 ἁῆδη
953 2233 1026 2314 μετά
1048 2255 1122 2301 τινος
1144 2230 1297 2315 ποιότητός
1318 2255 1350 2295 τε
1373 2231 1442 2295 όντα
1465 2232 1513 2295 καὶ

260 2335 455 2402 ἐναντιώσεως
483 2335 525 2402 εἰς
551 2333 663 2418 ἄλληλα
692 2335 864 2419 μεταβάλλει
892 2335 965 2397 κατὰ
992 2334 1042 2402 τὰς
1070 2335 1266 2408 ἐναντιώσεις,
1297 2334 1331 2404 ἃς
1354 2333 1418 2420 ἔχει
1440 2335 1513 2419 πρδς

207 2458 241 2506 20
261 2437 389 2522 ἄλληλα,
417 2442 470 2519 τῆς
492 2439 683 2520 ὑποκειμένης
704 2438 801 2506 αὐτοῖς
829 2438 900 2521 όλης
922 2442 1019 2520 κοινῆς
1046 2461 1078 2500 τε
1100 2436 1189 2521 οὔσης
1212 2440 1327 2522 ἁπάσης
1350 2441 1397 2501 καὶ
1421 2439 1514 2500 ἀλλοι-
1544 2456 1558 2495 ε

259 2541 348 2625 ούσης
370 2542 403 2603 τδ
427 2540 503 2608 εἶδος
524 2540 598 2603 κατὰ
619 2541 671 2624 τὴν
695 2541 905 2625 ἐπικρατοῦσαν
928 2546 981 2624 τῆς
1002 2539 1156 2624 ποιότητος
1178 2540 1353 2605 ἐναντίωσιν.
1390 2545 1434 2626 τῷ
1458 2541 1513 2625 γὰρ

257 2643 324 2707 τόδε
352 2668 378 2706 τι
403 2643 564 2725 γεγονέναι,
593 2642 672 2728 ἔχειν
701 2645 733 2706 δέ
760 2644 879 2725 δύναμιν
905 2646 952 2707 καὶ
980 2647 1030 2706 τοῦ
1057 2645 1088 2707 ἐν
1115 2650 1159 2728 τῷ
1187 2642 1308 2729 ἐναντίῳ
1335 2645 1419 2707 τοῦδε
1440 2643 1514 2706 εἶναι

258 2748 446 2831 φυλάσσουσα
469 2747 521 2829 τὴν
537 2746 654 2828 δύναμιν
679 2748 853 2832 μεταβάλλει
876 2748 946 2809 ποτὲ
969 2747 1016 2809 καὶ
1040 2748 1081 2815 εἰς
1096 2748 1203 2809 ἐκεῖνο·
1228 2748 1273 2809 διὸ
1297 2745 1379 2809 οὐδὲν
1403 2745 1515 2831 ἁφθαρ·
1531 2764 1560 2805 ια

259 2874 306 2913 τον
328 2855 386 2913 τῶν
409 2851 510 2912 ἁπλῶν
533 2851 634 2912 τεκαὶ
657 2856 783 2934 γενητῶν
808 2853 963 2932 σωμάτων.
1007 2851 1113 2932 γίνεται
1136 2851 1168 2913 δέ
1190 2850 1224 2913 ἐκ
1245 2855 1304 2913 τῶν
1327 2850 1428 2912 ἁπλῶν
1452 2850 1514 2913 τού-

206 2973 238 3023 25
258 2976 315 3015 των
338 2954 483 3033 σωμάτων
506 2954 554 3015 καὶ
575 2954 612 3015 τὰ
635 2953 759 3016 σύνθετα
787 2952 859 3016 κατὰ
883 2953 956 3035 μῖξίν
979 2977 1040 3017 τινα
1068 2956 1116 3016 καὶ
1139 2958 1240 3036 κρᾶσιν
1263 2954 1311 3017 καὶ
1334 2955 1513 3037 συμμετρίαν

257 3061 315 3119 τῶν
339 3057 506 3139 δυνάμεων,
533 3054 600 3118 καθ’
629 3057 664 3139 ἣν
687 3055 740 3118 οὐκ
763 3058 804 3125 εἰς
826 3056 856 3119 έν
878 3081 905 3118 τι
927 3062 984 3119 τῶν
1008 3058 1110 3120 ἁπλῶν
1133 3057 1281 3142 μεταβολὴ
1303 3058 1422 3139 γίνεται,
1447 3054 1507 3121 ἀλλ’
1530 3074 1559 3115 ιε

257 3159 298 3229 εἴς
325 3183 351 3221 τι
374 3159 479 3242 μεταξύ
507 3160 630 3244 μετέχον
658 3159 780 3222 ἁπασῶν
807 3164 864 3222 τῶν
891 3160 1053 3241 ποιοτήτων
1082 3183 1113 3223 τε
1141 3161 1189 3223 καὶ
1216 3161 1368 3243 δυνάμεων
1399 3165 1457 3222 τῶν
1479 3160 1511 3222 ἐν

257 3268 316 3331 τοῖς
340 3265 442 3332 ἁπλοῖς
465 3264 596 3346 σώμασιν
619 3263 831 3343 ὑποκειμένων,
861 3260 967 3348 ἔχοντα
990 3265 1022 3325 δὲ
1045 3263 1163 3343 δύναμιν
1186 3264 1234 3326 καὶ
1257 3268 1308 3326 τοῦ
1330 3263 1512 3348 χωρίζεσθαι

257 3368 341 3428 πάλιν
370 3364 420 3428 ἀπ’
449 3366 583 3448 ἀλλήλων
611 3365 646 3427 τὰ
675 3369 796 3446 σώματα
824 3367 904 3428 ἁπλᾶ
931 3367 963 3429 ἐκ
992 3372 1044 3451 τῆς
1072 3367 1207 3450 τοιαύτης
1235 3366 1338 3448 μίξεως
1360 3365 1516 3429 ἁναλύεταί

204 3488 238 3535 3ο
258 3493 289 3531 τε
312 3471 360 3532 καὶ
383 3469 550 3554 χωρίζεται.
593 3470 637 3531 διδ
661 3469 717 3553 οὐχ
740 3468 801 3531 οἷόν
823 3468 855 3530 τέ
877 3492 903 3530 τι
926 3475 983 3531 τῶν
1007 3469 1037 3538 ἐξ
1061 3468 1158 3531 αὐτῶν
1182 3469 1376 3552 συγκειμένων
1398 3468 1513 3553 ἁφθαρ-
1528 3486 1558 3528 ει)

257 3596 304 3635 τον
332 3571 413 3635 εἶναι.
462 3573 567 3654 γίνεται
594 3572 626 3633 δέ
652 3573 700 3633 καὶ
726 3574 745 3653 ί,
777 3577 834 3633 τῶν
865 3569 952 3657 ζῴων
981 3572 1090 3654 γένεσις
1120 3573 1194 3635 κατὰ
1222 3574 1397 3657 συμμετρίαν
1425 3580 1512 3636 τινῶν

258 3677 402 3758 σωμάτων
425 3675 482 3758 ἤδη
499 3673 681 3757 μεμιγμένων
704 3674 799 3736 αὐτῶν
814 3675 863 3757 (ού
886 3675 940 3760 γὰρ
964 3677 1073 3738 ἁπλοῦν
1097 3681 1184 3757 σῶμα
1206 3676 1239 3738 τδ
1254 3673 1409 3760 ἔμμηνον),
1432 3674 1504 3738 καθ’

258 3779 294 3861 ἣν
323 3779 498 3861 συμμετρίαν
525 3776 645 3862 ἔμψυχά
672 3801 703 3839 τε
729 3778 835 3860 γίνεται
861 3779 910 3841 καί
932 3778 1069 3862 ἡνωμένα
1096 3781 1144 3842 καὶ
1171 3780 1260 3842 τάσδε
1287 3778 1363 3846 τινὰς
1390 3778 1442 3847 τὰς
1464 3781 1511 3841 δυ·
1525 3795 1555 3837 οε

256 3883 356 3963 νάμεις
379 3879 494 3965 ἔχοντα.
544 3881 579 3964 ἧς
603 3876 645 3965 [ἢ]
670 3881 846 3963 συμμετρίας
868 3881 1011 3965 λυομένης
1036 3887 1078 3966 τῷ
1106 3881 1142 3944 τὰ
1168 3881 1198 3951 ἐξ
1225 3883 1266 3944 ῶν
1289 3880 1401 3964 ἐγένετο
1425 3904 1512 3964 μετα·

203 4004 236 4052 35
256 3984 397 4069 βάλλοντα
425 3985 467 4068 μὴ
491 3982 495 4067 i
520 3988 615 4066 τηρεῖν
644 3983 695 4052 τὰς
722 3985 869 4065 δυνάμεις,
898 3984 967 4048 καθ’
995 3985 1030 4053 ἃς
1056 4010 1075 4067 η
1104 3985 1279 4068 συμμετρία,
1306 3983 1444 4054 ἀνάλυσίς
1466 4008 1499 4047 τε
1523 3993 1565 4049 121

256 4088 305 4150 καὶ
328 4088 455 4155 διάλυσις
481 4085 577 4148 αὐτῶν
599 4086 703 4166 γίνεται
733 4085 785 4148 ούκ
809 4087 849 4155 εἰς
879 4087 915 4150 τὰ
937 4085 1038 4170 μηκέτ’
1066 4086 1101 4149 ἂν
1128 4087 1226 4156 αύτοῖς
1252 4086 1419 4170 σωζόμενα,
1447 4087 1509 4151 οἷον

257 4192 304 4252 καὶ
327 4190 359 4251 τδ
376 4187 515 4272 ἔμμηνον.
550 4192 634 4250 τούτο
658 4188 785 4272 μὲνγὰρ
809 4188 845 4273 ἦν
867 4189 916 4251 καὶ
935 4189 1005 4251 αύτδ
1029 4191 1176 4263 σύνθετον,
1200 4191 1263 4273 ἥτις
1278 4189 1412 4258 σύνθεσις
1436 4192 1511 4273 μετὰ
1538 4209 1553 4251 ο

254 4294 306 4376 τἠν
330 4295 447 4376 πρώτην
471 4292 543 4373 μῖξίν
566 4314 597 4353 τε
620 4292 667 4353 καὶ
691 4292 828 4374 ἁρμονίαν
856 4297 913 4354 τῶν
935 4292 965 4361 ἐξ
987 4294 1028 4354 ὧν
1051 4295 1070 4376 ἡ
1094 4293 1227 4361 σύνθεσις
1248 4298 1290 4378 τῷ
1315 4288 1385 4377 ζῴῳ
1408 4296 1508 4375 σωμά·

206 4474 215 4522 1
237 4472 313 4542 λέγει]
337 4474 368 4526 cf.
387 4475 418 4526 de
438 4474 515 4526 Caelo
530 4475 548 4536 1,
567 4478 607 4529 10.
627 4479 718 4530 mhi
812 4480 921 4532 fortasse
940 4481 1043 4551 γενητὸν
1062 4487 1088 4535 ei
1105 4482 1167 4535 αδτὸ
1264 4485 1281 4536 4
1300 4480 1357 4537 οὐδ’
1376 4485 1482 4552 scripsi:
1506 4483 1564 4538 οὔτ’

202 4560 261 4612 libri
391 4558 463 4631 οὔθ’]
490 4563 518 4616 ού
543 4565 590 4636 γὰρ
612 4568 679 4618 coni.
702 4568 746 4635 Sp.
873 4569 904 4620 10
928 4587 966 4638 pr.
984 4588 1011 4620 τε
1039 4570 1088 4622 del.
1107 4569 1152 4638 Sp.
1171 4575 1239 4623 recte
1356 4591 1382 4624 τε
1404 4576 1479 4624 τοῦτο
1503 4573 1564 4642 Sp.:

201 4664 229 4717 γε
251 4652 327 4701 τούτο
349 4650 408 4702 111)τί
512 4653 540 4703 11
565 4652 664 4723 δίξηται
682 4654 764 4708 1328221
783 4655 839 4722 Spa
865 4655 1077 4726 δέηταιθΒ1θΙθ
1191 4657 1222 4710 13
1244 4659 1266 4711 ιί
1283 4659 1319 4711 B²
1336 4659 1393 4726 Sp.:
1415 4658 1431 4729 ἢ
1453 4660 1515 4713 libri

205 4736 235 4787 14
258 4737 279 4787 ci
296 4735 331 4788 B²
348 4736 404 4805 Sp.:
429 4739 445 4807 ἡ
468 4739 527 4791 libri
646 4742 675 4794 15
698 4747 743 4811 της
765 4743 814 4794 del.
833 4743 877 4811 Sp.
995 4745 1026 4797 16
1048 4764 1094 4814 γιν.
1114 4750 1139 4799 et
1161 4747 1236 4799 ύποκ.
1255 4750 1339 4799 mutat
1359 4747 1491 4799 Schwartz

203 4822 236 4873 *22
260 4828 305 4875 τοῦ
327 4825 407 4877 θῶας
433 4829 472 4896 τῷ
491 4827 550 4880 libri
670 4828 703 4879 ‘29
728 4830 829 4898 μίξεως]
853 4850 875 4882 ω
894 4833 922 4883 in
944 4832 982 4884 lit.
999 4837 1023 4884 V
1140 4834 1182 4886 30.
1202 4835 1234 4887 31
1263 4833 1404 4906 ἄφθαρτον]
1426 4835 1471 4887 alt.
1492 4854 1510 4887 α
1535 4837 1563 4890 in

204 4909 242 4961 111.
254 4915 276 4962 V
360 4912 393 4963 32
412 4913 544 4983 ἐμμένοντα
633 4917 666 4967 34
685 4917 1097 4989 ἧςθρ.ι1γ118’Β“ε1γς1γΒ181α
1185 4922 1218 4974 36
1237 4921 1537 4991 αύτοῖς]1οτιαεεεαδτὰ
