3540 5610
706 326 848 384 ΒΙΒΛΙΟΝ
867 326 994 384 ΤΡΙΊῸΝ
1015 331 1083 383 8-9
1532 329 1574 393 95

263 506 309 585 τῷ
340 501 545 566 αἰσθάνεσθαι·
578 501 626 565 διδ
647 506 732 566 τοῦτο
757 502 812 586 γὰρ
839 502 886 566 καί
915 503 934 585 ή
962 501 1099 586 αἴσθησις
1125 503 1217 585 κρίσις
1245 524 1285 568 τις
1315 498 1387 562 εἰναι
1414 499 1519 578 δοκεῖ),

262 603 360 687 εόρῶν
382 626 409 667 τι
430 603 466 668 οὐ
489 603 576 689 μόνον
598 609 657 668 τῶν
679 604 814 668 ἐναντίων
842 603 980 687 ἀλλήλοις
1003 604 1152 687 αἰσθητῶν
1180 604 1230 672 τὰς
1253 602 1393 685 διαφορὰς
1415 605 1519 684 κρῖνον,

264 706 343 769 ἀλλὰ
367 706 558 770 καλπτίντων
583 712 642 770 τῶν
669 706 819 790 αἰσθητῶν
845 704 992 790 (κρίνομεν
1014 706 1070 789 γὰρ
1098 706 1218 774 καὶτὰς
1247 710 1305 766 τῶν
1327 704 1441 786 ὁρατῶν
1464 703 1521 766 δια·
1534 718 1562 759 τε

262 806 358 891 φορὰς
379 808 452 893 πρδτ
472 807 525 877 τὰς
546 811 605 871 τῶν
618 812 758 890 γευστῶν,
782 809 891 888 ὁμοίως
912 808 1008 870 δὲκαὶ
1031 808 1103 891 πρδς
1121 807 1171 875 τὰς
1186 811 1244 870 τῶν
1260 807 1422 876 ἀκουστῶν,
1445 803 1520 865 ἀλλὰ

220 928 239 976 5
261 911 313 973 καί
328 909 401 992 πρδτ
421 907 473 979 τὰς
494 913 553 973 τῶν
569 909 725 993 δσρρητῶν
748 908 796 971 καί
811 910 883 992 πρδς
906 908 958 977 τὰς
976 915 1035 972 τῶν
1051 909 1175 991 ἁπτῶν),
1199 913 1313 992 πρῶτον
1337 907 1389 990 μέν
1405 903 1517 990 ἔλαβεν,

260 1011 308 1074 ότι
330 1010 466 1094 αἰσθήσει
490 1009 495 1097 Ι
519 1013 609 1074 ταῦτα
629 1010 763 1095 κρίνομεν
784 1010 928 1094 (αἰσθητά
949 1034 980 1074 τε
995 1011 1050 1095 γάρ
1072 1011 1133 1074 ἐστι
1155 1011 1204 1074 καὶ
1227 1014 1268 1079 ῶς
1282 1010 1431 1091 αἰσθητῶν
1455 1005 1502 1070 αιἰ-
1527 1012 1570 1069 181

260 1118 323 1175 τῶν
345 1113 509 1195 πριαίμεθα
533 1114 586 1197 τὴν
609 1112 731 1197 κρίσιν),
762 1110 828 1193 μεθ’
857 1112 873 1175 ὃ
901 1110 1021 1186 ἔδειξεν,
1049 1112 1093 1176 ότι
1122 1114 1163 1196 μὴ
1192 1112 1253 1177 οἰόν
1282 1135 1313 1176 τε
1341 1111 1444 1195 κρίνειν
1467 1108 1520 1177 τὰς

260 1214 404 1299 δεαρορδς
423 1219 482 1278 τῶν
504 1214 655 1299 αἰσθητῶν
682 1216 724 1299 μὴ
747 1213 957 1296 αἰσθανόμενον
985 1213 1082 1278 αὐτῶν
1105 1215 1136 1277 ἐν
1157 1237 1189 1277 τε
1212 1213 1243 1276 δν
1267 1215 1315 1278 καί
1336 1210 1449 1276 ταύτόν.
1484 1208 1518 1272 οὐ
1546 1225 1559 1266 ὅ

260 1316 319 1400 γὰρ
340 1316 402 1381 οἰόν
422 1340 455 1381 τε
475 1319 509 1380 τὸ
536 1317 577 1401 μὴ
601 1316 812 1399 αἰσθανόμενον
839 1318 954 1379 πάντων
981 1317 1085 1400 κρίνειν
1107 1317 1203 1380 αὐτῶν
1232 1316 1282 1384 τὰς
1308 1316 1380 1399 πρὸς
1402 1312 1516 1396 ἄλληλα

202 1439 240 1484 ιο
260 1421 415 1505 διαφοράς·
443 1419 470 1484 εἰ
491 1419 546 1504 γὰρ
568 1422 619 1482 τοῦ
643 1417 695 1500 μέν
718 1417 801 1493 ἄλλο,
824 1422 874 1480 τοῦ
898 1417 924 1481 δ’
952 1417 1024 1481 ἄλλο
1046 1419 1224 1492 αἰσθάνοιτο,
1247 1416 1398 1500 οὐδέτερον
1419 1414 1516 1478 αὐτῶν

260 1520 378 1585 οἷόντε
397 1521 557 1606 γνωρίζειν,
579 1520 630 1584 τίνι
653 1519 690 1583 τὰ
712 1521 753 1583 ῶν
774 1516 942 1605 ήσθάνοντο
964 1520 1099 1604 ἀλλήλων
1123 1520 1261 1605 διαφέρει.
1302 1521 1350 1582 καί
1373 1518 1427 1601 γὰρ
1450 1515 1512 1580 οὐδ’
1532 1534 1559 1576 1ο

260 1622 295 1685 ἐν
317 1621 399 1708 ᾶλλιρ
420 1624 473 1687 τινί
495 1623 532 1709 ήν
554 1628 593 1706 τῇ
616 1623 753 1704 αἰσθήσει
775 1624 808 1685 τδ
831 1622 934 1705 κρίνειν
957 1623 976 1705 ἢ
1000 1621 1030 1684 ἐν
1053 1628 1095 1706 τῷ
1119 1622 1321 1686 αἰσθάνεσθαι.
1366 1621 1464 1704 λαβὼν
1487 1618 1513 1683 δ’

261 1723 298 1785 ἐκ
320 1724 428 1788 τοότων
455 1726 489 1789 τό
516 1724 547 1789 ἐν
569 1724 642 1788 εἰναι
671 1726 703 1788 τδ
730 1725 846 1787 πάντων
873 1723 1023 1809 αἰσθητῶν
1050 1723 1261 1806 αἰσθανόμενόν
1288 1746 1319 1786 τε
1349 1723 1396 1785 καὶ
1423 1726 1518 1806 κρίνον

260 1824 359 1888 αὐτῶν
387 1826 438 1897 τὰς
464 1828 615 1913 διαφοράς,
642 1826 748 1911 ἐφεξῆς
775 1823 889 1899 ἔδειξεν,
919 1824 963 1888 ότι
986 1828 1042 1902 καί,
1072 1827 1097 1889 εἰ
1120 1826 1151 1889 ἐν
1173 1830 1217 1910 τῷ
1240 1825 1322 1909 αὐτῷ
1346 1823 1446 1908 χρόνῳ
1469 1824 1517 1887 καί

204 1947 242 1996 15
261 1928 327 2011 ἅμα
348 1927 445 1992 αὐτῶν
467 1929 647 2006 αἰσθάνεται,
677 1927 727 1991 ότε
749 1927 835 2010 κρίνει
862 1927 913 1997 τὰς
940 1929 1080 2013 διαφορὰς
1107 1929 1203 1992 αἰτῶν
1225 1927 1272 2009 (εί
1289 1950 1331 2009 ηε,
1359 1925 1408 1989 ότε
1430 1926 1518 2010 κρίνει
1532 1941 1559 1982 ισ

259 2030 360 2105 αὐτάς,
386 2029 453 2094 τότε
474 2030 654 2105 αἰσθάνεται,
683 2030 769 2114 κρίνει
794 2026 819 2092 δ’
848 2029 910 2113 ἅμα
931 2028 983 2098 τὰς
1004 2030 1076 2113 πρδς
1098 2029 1211 2113 ἄλληλα
1233 2027 1330 2091 αὐτῶν
1352 2026 1518 2112 διαφοράς),

260 2133 311 2195 καί
338 2130 499 2196 αἰσθάνοιτ’
528 2130 563 2196 ἐν
590 2131 653 2215 ἅμα
679 2137 738 2195 τῶν
765 2131 955 2215 κρινομένων·
987 2132 1018 2195 ἐν
1046 2132 1101 2216 γὰρ
1128 2136 1170 2216 τῷ
1199 2131 1392 2195 αἰσθάνεσθαι
1414 2135 1451 2212 τῇ
1476 2130 1518 2192 αἰ-

259 2234 370 2318 σθήσει
397 2234 431 2297 τδ
453 2234 566 2319 κρίνειν.
596 2233 701 2296 ’ταῦτα
723 2233 836 2316 λαβών,
866 2233 900 2298 τό
922 2257 954 2297 τε
980 2235 1047 2316 μίαν
1075 2233 1210 2316 αἴσθησιν
1237 2232 1325 2307 εἶναι,
1354 2228 1375 2318 ή
1401 2234 1517 2296 πάντων
1531 2248 1559 2289 νυ

259 2334 477 2420 αἰσθανόμεθα,
497 2336 546 2400 καί
561 2335 595 2399 τδ
617 2335 680 2420 ἅμα
698 2335 893 2399 αἰσθάνεσθαι
916 2336 1024 2400 τούτων
1047 2337 1088 2399 ῶν
1109 2336 1171 2418 ἅμα
1194 2335 1281 2418 κρίνει
1303 2336 1354 2404 τὰς
1368 2337 1517 2420 διαφοράς,

200 2458 240 2504 το
258 2438 309 2501 ἐπί
330 2439 442 2509 τούτοις
463 2438 627 2523 ἠπόρησεν,
654 2437 719 2500 ἐπεὶ
745 2438 779 2500 τδ
806 2436 869 2500 κατ’
897 2438 1040 2520 ἐνέργειαν
1062 2437 1257 2500 αἰσθάνεσθαί
1280 2437 1341 2501 ἐστι
1367 2439 1400 2501 τδ
1424 2438 1456 2500 τδ
1479 2436 1517 2500 εἰ·

260 2542 311 2610 δυς
336 2545 390 2605 τοῦ
410 2540 555 2624 αἰσθητοῦ
580 2542 672 2625 χωρὶς
693 2544 747 2623 τῆς
768 2539 840 2623 ὕλης
865 2540 1036 2624 λαμβάνειν,
1066 2545 1131 2607 πῶς
1152 2537 1214 2602 οἶόν
1241 2562 1272 2601 τε
1299 2539 1329 2602 ἐν
1351 2564 1377 2604 τι
1401 2539 1432 2603 ὃν
1455 2540 1557 2620 ἅμαεσ

261 2643 404 2707 πλειόνων
429 2643 477 2706 καί
498 2646 558 2705 τῶν
580 2642 716 2705 ἐναντίων
738 2640 941 2705 αἰσθάνεσθαι.
985 2642 1011 2704 εἰ
1032 2641 1086 2725 γὰρ
1108 2645 1208 2715 τοῦτο,
1238 2643 1338 2725 δεήσει
1360 2642 1431 2706 αὐτὸ
1454 2644 1516 2727 ἅμα

259 2744 376 2807 ἐναντία
396 2742 462 2829 τίθη
484 2766 516 2807 τε
537 2744 586 2807 καί
608 2744 691 2828 παθη
714 2743 869 2828 δέχεσθαι,
892 2745 1053 2828 λευκότητα
1074 2745 1122 2807 καί
1145 2746 1292 2826 μελανίαν,
1316 2744 1319 2831 Ι
1345 2744 1413 2808 όταν
1436 2745 1498 2808 τού·
1521 2752 1569 2808 182

258 2867 318 2908 των
340 2846 514 2930 αἰσθάνηται
536 2847 584 2909 καί
600 2850 690 2911 ταῦτα
705 2846 799 2931 κρίνη,
822 2845 985 2930 γλυκότητα
999 2847 1046 2910 καὶ
1063 2847 1233 2931 πικρότητα,
1257 2849 1365 2931 ὁμοίως
1379 2850 1415 2912 τὰ
1429 2846 1514 2911 ἄλλα.

204 2967 240 3016 νσ
261 2946 337 3011 ἀλλὰ
361 2949 419 3033 μὴν
440 2948 581 3013 ἀδύνατον
607 2948 641 3012 τδ
663 2947 715 3017 τὰς
740 2947 868 3017 ἐναντίας
898 2948 960 3030 ἅμα
987 2951 1113 3033 κινήσεις
1140 2950 1281 3013 κινεῖσθαι
1302 2951 1335 3013 τδ
1358 2950 1444 3026 αὐτό,
1474 2950 1515 3017 εἰς

258 3048 421 3134 λευκότητα
447 3050 510 3132 ἅμα
531 3051 581 3113 καί
603 3050 740 3133 μελανίαν
763 3050 958 3134 μεταβαλλον,
988 3052 1038 3113 καί
1060 3051 1095 3113 τὰ
1118 3050 1230 3114 ἐναντία
1252 3050 1324 3116 εἰναι
1347 3052 1515 3138 δεχόμενον.
1543 3068 1557 3109 ο

261 3155 353 3215 ταῦτα
375 3151 468 3221 δείξας
488 3151 537 3216 καί
558 3152 719 3237 ἀπορήσας,
742 3151 819 3215 λόων
841 3153 894 3235 τήν
916 3152 1038 3237 οἰπορίαν
1061 3150 1166 3237 ἐλαβεν
1188 3154 1219 3215 τὸ
1243 3153 1305 3236 ἅμα
1329 3154 1381 3238 μὲν
1403 3155 1436 3217 τδ
1458 3159 1517 3238 κρῖ-

260 3277 309 3317 νον
331 3253 434 3338 κρίνειν
460 3275 494 3316 τε
518 3253 567 3318 καί
593 3253 787 3318 αἰσθάνεσθαι
808 3258 866 3317 τῶν
888 3253 1045 3329 πλειόνων,
1073 3255 1104 3317 ἓν
1132 3254 1162 3317 δν
1189 3256 1236 3318 καὶ
1265 3257 1306 3338 μή
1330 3255 1514 3340 διηρημένον,

260 3360 303 3439 τῷ
326 3355 405 3439 λόηιρ
431 3356 659 3441 κεχωρισμένον,
686 3359 726 3426 ῶς
748 3356 780 3420 ἐν
803 3355 835 3419 δν
858 3354 921 3419 κατ’
949 3356 1041 3440 ἄλλην
1064 3358 1116 3438 μέν
1139 3356 1256 3437 δύναμιν
1280 3359 1408 3421 δεκτικόν
1431 3358 1516 3421 τοῦδέ
1530 3373 1557 3415 ιυ

201 3480 239 3528 30
258 3481 335 3528 τινος
357 3457 441 3535 εἶναι,
463 3456 528 3522 κατ’
548 3456 641 3542 ἄλλην
663 3460 697 3523 δέ
716 3463 768 3522 τοῦ
786 3459 914 3522 ἐναντίου
937 3459 1018 3544 αὐτῷ
1042 3459 1060 3542 ἢ
1083 3459 1277 3543 διαφέροντος,
1302 3458 1370 3544 [ῶς]
1394 3461 1516 3544 ἀδιαίρε-

259 3584 310 3625 τον
332 3559 364 3624 δν
385 3565 430 3646 τῷ
451 3583 484 3625 τε
497 3560 580 3646 τόπερ
602 3562 652 3624 καί
673 3565 716 3645 τῷ
739 3562 869 3646 ἀριθμῷ,
891 3561 1038 3625 τουτέστιν
1061 3567 1103 3645 τῷ
1127 3563 1320 3645 ὑποκειμένῳ.
1354 3562 1436 3646 τόπιρ
1459 3563 1515 3646 γὰρ

258 3663 421 3749 ἀδιαίρετον
442 3663 477 3727 τδ
498 3661 530 3726 ἐν
545 3663 576 3726 ἐν
597 3661 739 3748 πότιμόν,
761 3667 875 3725 τοιοῦτο
896 3663 929 3726 δέ
950 3664 1070 3747 συνεχὲς
1093 3664 1141 3725 καὶ
1163 3664 1204 3746 μὴ
1221 3662 1405 3747 διηρημένυν,
1428 3663 1444 3727 θ
1467 3667 1515 3727 καί
1530 3681 1556 3722 ιτ

259 3766 291 3830 ἐν
313 3765 375 3829 ἐστι
396 3787 440 3850 τιρ
464 3764 594 3850 ἀριθμῷ.
639 3766 729 3829 εἰπὼν
752 3765 785 3829 δέ
812 3769 897 3828 τοῦτο
924 3769 966 3834 ῶς
987 3766 1029 3834 εἰς
1051 3765 1130 3829 λόσιν
1158 3770 1209 3828 τοδ
1235 3767 1422 3850 ήπορημίνου
1445 3767 1514 3851 ἐπή-

258 3890 358 3951 νεγκεν
379 3867 400 3950 ή
422 3865 491 3953 οἰχ
511 3865 585 3930 οἰόν
607 3887 658 3941 τε,
681 3869 791 3937 δεικνδς
814 3866 859 3931 ότι
884 3869 925 3952 μὴ
946 3869 1044 3930 λύεται
1065 3868 1160 3953 τοότιρ
1182 3870 1215 3931 τδ
1231 3869 1426 3953 ἠπορημένον.
1470 3869 1515 3932 δό-

199 3992 238 4041 35
258 3993 342 4035 ναται
366 3970 420 4054 μὲν
433 3968 490 4053 γὰρ
511 3968 542 4032 ἐν
563 3992 591 4033 τι
606 3967 638 4033 δν
661 3968 725 4033 κατ’
745 3971 870 4054 ἀριθμὸν
892 3974 935 4055 τῷ
958 3970 1036 4055 λόμρ
1052 3969 1196 4055 διαφέρειν
1219 3976 1262 4055 τῷ
1278 3973 1413 4053 δυναίμεις
1434 3969 1513 4056 ἔχειν

258 4071 461 4158 δεαρεροόσας,
483 4070 557 4160 καθῖ
572 4071 609 4142 ἃς
628 4075 689 4135 τῶν
711 4073 847 4136 ἐναντίων
869 4073 933 4136 ἐστὶ
954 4071 1092 4148 δεκτικόν,
1116 4072 1149 4135 οὐ
1174 4072 1231 4156 μὴν
1254 4073 1331 4136 οὕτω
1353 4079 1412 4136 τῶν
1436 4074 1512 4139 ἐναν-
1526 4091 1555 4133 ευ

259 4177 331 4240 τίων
352 4174 405 4245 τὰς
426 4175 564 4258 δυνάμεις
590 4172 684 4260 ἔχειν,
714 4179 755 4245 ῶς
776 4176 838 4258 ἅμα
864 4175 937 4240 αὐτὰ
965 4176 1106 4238 δύνασθαι
1129 4174 1279 4260 δέχεσθαι.
1324 4176 1356 4238 τὸ
1379 4175 1433 4260 γὰρ
1455 4183 1514 4241 τῶν

205 4389 216 4440 1
239 4384 404 4441 αἰσθάνεσθαι
420 4386 471 4441 8¹·
488 4386 547 4456 Sp.:
566 4383 710 4440 αἰσθάνεται
728 4389 783 4441 VS¹
887 4386 902 4438 7
921 4387 974 4441 οἰον
992 4386 1040 4442 8³³
1058 4390 1115 4454 Sp.:
1139 4385 1225 4456 όμυιον
1244 4389 1344 4443 VBFS¹
1434 4392 1478 4448 τὰς
1495 4391 1568 4445 BSa²

201 4475 265 4542 δρα
292 4474 375 4543 ήτδς
391 4475 459 4527 8⁸1:
487 4492 504 4543 η
523 4473 569 4526 τὰσ
592 4474 632 4526 εἰσ
649 4477 674 4525 V
780 4474 797 4527 8
821 4475 857 4544 μὴ
877 4475 944 4528 vict.
963 4474 1022 4542 Sp.:
1041 4493 1057 4544 η
1078 4474 1168 4541 (supra
1185 4493 1201 4542 η
1221 4474 1272 4541 lit.)
1293 4479 1350 4529 VB:
1370 4476 1386 4543 ἡ
1406 4479 1463 4531 FSa

202 4561 232 4615 ἐν
254 4561 363 4629 scripsi:
391 4560 427 4631 μή
446 4559 473 4613 ἰν
492 4561 559 4614 Vici.
577 4559 634 4629 Sp.:
662 4560 725 4629 ήίν
743 4562 815 4614 FSa:
834 4562 851 4630 ή
871 4560 939 4613 ssvv
1032 4560 1062 4613 13
1080 4559 1106 4612 ἐν
1126 4559 1198 4629 εἰναι]
1218 4562 1306 4615 ἐνεῖναι
1325 4580 1341 4614 ε
1359 4563 1404 4632 Sp.
1496 4565 1527 4616 14
1546 4564 1567 4616 εἰ

203 4648 255 4700 ιΙεΙ.
268 4646 314 4715 Sp.
406 4646 438 4701 15
457 4662 496 4715 pr.
515 4644 556 4699 ότι
575 4645 633 4715 Sp.:
653 4644 691 4699 ότι
710 4647 769 4700 libri
871 4645 904 4699 25
923 4663 960 4715 pr.
980 4647 1009 4699 τδ
1029 4652 1177 4716 suspectum
1284 4648 1317 4700 29
1336 4647 1444 4703 fortasse
1463 4651 1501 4720 τῷ
1519 4650 1567 4716 <δέ>

203 4734 274 4803 λόγῳ
356 4732 430 4786 τνῡδί
447 4731 518 4788 sm
536 4732 595 4802 Sp.:
614 4733 671 4786 τόδε
686 4734 741 4787 VS¹
826 4734 860 4785 30
878 4733 948 4803 αὑτῷ
967 4735 983 4803 ή
1003 4734 1059 4802 sp.:
1080 4734 1151 4804 αὐτῷ
1170 4733 1186 4805 ή
1207 4739 1264 4788 VF:
1284 4735 1355 4805 αὐτῷ
1371 4735 1443 4806 αὐτῷ
1460 4737 1475 4806 ἡ
1495 4740 1532 4791 δε

204 4820 242 4878 ὥς
258 4819 342 4874 delevi
449 4817 481 4872 θλ
510 4822 548 4890 τῷ
566 4836 594 4873 τι
613 4822 672 4874 [ἐδτι
690 4821 747 4889 Sp.:
776 4821 833 4873 τότε
852 4825 875 4871 V
982 4819 1016 4872 32
1044 4819 1180 4893 ἀδιαίριτυν
1200 4825 1258 4875 Fsa
1276 4823 1333 4891 Sp.:
1362 4822 1481 4894 διαιρετόν
1508 4830 1530 4877 V

204 4905 248 4959 36.
266 4905 299 4961 θλ
319 4903 455 4975 ἐναντίων]
473 4905 566 4959 αντίων
584 4909 609 4958 V
1325 4922 1327 4926 “
