3540 5610
201 286 244 349 44
678 288 878 341 ALEXANDRI
903 288 947 340 DF}
972 288 1079 340 ANIMA

255 459 342 536 αῦτό,
370 463 459 529 λείαις
480 486 511 524 τε
533 460 632 530 οῦσαις
662 461 710 524 καὶ
732 460 896 545 διαρανέσιν
923 462 971 524 καὶ
993 461 1093 530 αὸταῖς
1120 462 1167 523 καὶ
1195 460 1312 544 προσέτι
1335 459 1504 543 δυναμέναις

255 562 397 647 δέχεσθαι
423 566 476 648 τὴν
502 563 636 650 ἔμφασιν.
681 564 744 626 ἐπεὶ
766 564 799 626 δὲ
824 567 867 648 τῷ
894 563 1031 632 δέξασθαι
1059 565 1091 626 τὸ
1119 567 1226 648 χρῶμα
1252 564 1285 626 τδ
1314 563 1503 646 αἰσθητήριον
1517 579 1545 621 ετ»

255 666 302 727 καὶ
326 667 507 752 ὁμοιωθῆναι
528 667 609 752 αῦτιγῦ
633 689 696 735 τως
716 666 749 728 τὸ
772 665 841 750 ὁρᾶν
856 667 971 747 γίνεται,
994 666 1121 730 δεκτικὸν
1144 666 1176 728 δὲ
1191 668 1347 750 χρώματος
1369 666 1402 728 τὸ
1425 666 1502 750 ήμὴ

255 765 325 853 ἔχον
348 770 454 833 οἰκεῖον
477 773 585 854 χρῶμα
606 770 625 852 ἢ
643 772 770 853 τοιοῦτον
793 771 834 836 ιὸς
853 769 978 852 ὁρᾶσθαι
1001 768 1083 851 μόγις
1103 768 1246 851 (τοιοῦτον
1269 769 1301 831 δὲ
1324 768 1448 851 μάλιστα
1469 770 1502 831 τδ

228 870 342 955 δὸγρόν
369 896 400 936 τε
421 873 470 937 κοιλ
492 872 624 957 ἀόριστον
651 870 800 957 διαφανές,
829 874 945 933 τοιαῦτα
968 871 1000 934 δὲ
1027 870 1045 934 ὁ
1067 894 1098 933 τε
1124 872 1181 954 ἀήρ
1204 872 1252 935 καλ
1278 873 1312 935 τὸ
1335 871 1440 954 ὕδωρ),
1469 873 1501 934 τδ

254 974 458 1058 αἰσθητήριον,
489 974 525 1038 δι’
553 974 588 1038 οῦ
611 976 629 1058 ή
652 979 710 1037 τῶν
733 974 898 1059 χρωμάτων
921 973 1079 1058 ἀντίληψις,
1101 973 1134 1036 ἐκ
1156 973 1302 1037 τοιοότων.
1347 972 1377 1042 ἐξ
1399 973 1501 1042 ῦδατος

253 1076 307 1160 γὰρ
330 1078 349 1159 ή·
372 1075 459 1161 κόρη,
488 1079 550 1142 ἐπεὶ
572 1082 656 1141 τοῦτο
678 1081 736 1164 τῶν
764 1076 905 1160 ἀορίστων
928 1078 1075 1161 διαρανῶν
1101 1075 1159 1159 ήδη
1181 1078 1230 1140 κοιλ
1253 1075 1362 1158 στέγειν
1388 1075 1448 1139 οἷόν
1472 1100 1503 1139 τε

255 1170 1501 1265 &wwssfflwwmmmfflwbwffffimfflffloeffl

254 1280 403 1346 σόστασιν·
438 1283 454 1345 ὁ
477 1283 530 1367 γὰρ
553 1284 611 1367 ἀὴρ
633 1280 667 1345 οῦ
690 1286 826 1349 τοιοῦτος.
871 1282 903 1344 τὸ
928 1282 978 1365 μὲν
1001 1280 1050 1344 υὸν
1074 1282 1143 1365 ὁρᾶν
1165 1282 1271 1364 γίνεται
1294 1281 1341 1344 διὰ
1363 1286 1415 1365 τῆς
1437 1284 1544 1366 περλυυ

214 1399 240 1443 10
254 1383 289 1446 τὰ
312 1384 401 1468 ὁρατὰ
417 1385 560 1469 ἐνεργείας
582 1385 629 1448 διὰ
644 1389 701 1448 τῶν
724 1385 863 1466 ὀμμάτων
885 1389 938 1468 τῆς
952 1385 1088 1468 ὁρατικής
1110 1385 1260 1468 δυνάμεως
1274 1385 1348 1447 κατὰ
1364 1384 1501 1466 ὁμοίωσιν

253 1488 305 1569 τὴν
329 1488 400 1572 πρὸς
421 1487 505 1551 αὐτά.
548 1490 567 1571 ή
591 1488 623 1551 δὲ
645 1488 764 1572 ὁρατικὴ
793 1487 910 1571 δόναμίς
932 1488 1001 1563 ἐστι,
1024 1484 1092 1550 καθ’
1116 1489 1151 1571 ἣν
1177 1488 1211 1549 τὸ
1233 1485 1303 1571 ἔχον
1325 1487 1415 1571 αὐτὴν
1441 1487 1502 1551 οἷόν

253 1590 285 1654 τέ
307 1590 383 1653 ἐστιν
406 1590 611 1673 ἀλλοιούμενον
634 1590 689 1653 ὁπὸ
716 1594 773 1652 τῶν
796 1590 908 1672 ὁρατῶν
930 1590 977 1652 διὰ
998 1596 1051 1674 τῆς
1082 1592 1147 1674 περὶ
1168 1588 1243 1653 αὐτὰ
1266 1590 1407 1675 ἐνεργείας
1429 1591 1501 1653 ἀντι·

253 1693 455 1777 λαμβάνεσδαί
476 1716 507 1756 τε
528 1692 625 1756 αὐτῶν
647 1693 695 1755 καὶ
723 1693 824 1777 κρίνειν
847 1691 930 1754 αὐτοί.
975 1694 1007 1754 τδ
1031 1693 1082 1775 μὲν
1105 1691 1155 1754 οὖν
1177 1697 1254 1776 φῶς,
1284 1691 1299 1754 ὃ
1324 1693 1448 1774 μαλιστα
1469 1693 1501 1756 τέ

253 1795 328 1857 ἐστιν
351 1796 453 1880 ὁρατὸν
480 1796 528 1858 καὶ
554 1800 614 1864 τοῖς
641 1793 740 1863 ἄλλοις
767 1798 827 1863 τοῖς
855 1795 969 1878 ὁρατοῖς
990 1793 1080 1857 αἴτιον
1108 1800 1158 1858 τοῦ
1185 1794 1308 1879 ὁρᾶσθαι
1330 1794 1449 1876 γίνεται,
1475 1796 1505 1858 τί

213 1912 240 1957 15
253 1897 324 1960 ποτέ
346 1898 421 1962 ἐστιν
443 1897 570 1982 εἴρηται,
600 1897 644 1961 ὁτι
664 1897 719 1980 γὰρ
741 1893 869 1981 ἐνέργεια
891 1901 941 1959 τοῦ
969 1897 1105 1980 ἀορίστου
1132 1899 1288 1980 διαφανοῦς
1309 1894 1329 1980 η’
1354 1897 1499 1981 διαρανές.

252 1999 364 2082 λέγεται
386 2001 488 2065 δὲκαὶ
510 2006 617 2085 χρῶμα
639 2003 690 2063 τοῦ
713 2002 867 2085 διαφανοῦς
892 1994 915 2083 ή
941 1999 1089 2083 διαρανές·
1119 2002 1159 2068 ὡς
1181 2000 1234 2085 γὰρ
1258 2001 1287 2064 ἐν
1310 2005 1370 2070 τοῖς
1392 2005 1501 2084 χρῶμα

252 2099 369 2186 ἔχουσιν
396 2102 429 2165 τὸ
458 2108 582 2187 χρῶμα,
617 2103 709 2171 οότως
735 2102 765 2164 ἐν
794 2105 853 2170 τοῖς
881 2101 1045 2186 διαφανέσιν
1072 2103 1105 2164 τὸ
1132 2106 1196 2184 φῶς
1221 2102 1367 2186 γινόμενον
1394 2103 1424 2164 ἐν
1451 2103 1565 2166 ‹ab-351·

252 2210 312 2273 τοῖς
333 2205 381 2267 καὶ
407 2204 496 2268 αἴτιον
520 2204 551 2268 δν
580 2205 793 2291 προειρήκαμεν
815 2204 930 2288 τρόπον.
973 2206 1006 2268 τὸ
1031 2206 1062 2268 δὲ
1084 2211 1208 2290 χρῶμα,
1237 2206 1252 2268 ὁ
1276 2204 1417 2288 κινητικόν
1440 2205 1501 2269 ἐστι

253 2314 304 2373 τοῦ
326 2310 419 2378 οῦτως
441 2311 610 2394 διαφανοῦς,
637 2305 698 2372 ἔστι
721 2307 773 2389 μὲν
796 2308 843 2369 καὶ
865 2306 936 2370 αὸτὸ
959 2307 989 2370 ἐν
1013 2310 1160 2393 διαφανεῖ,
1188 2307 1262 2370 ἀλλὰ
1285 2307 1315 2370 ἐν
1338 2307 1502 2393 ὡρισμένῳ.

212 2418 309 2491 νθπᾶν
330 2412 385 2497 γὰρ
408 2416 505 2496 σῶμα,
528 2412 590 2474 ἐπεὶ
614 2409 771 2496 χρώματός
793 2409 854 2473 ἐστι
875 2409 1018 2484 δεκτικόν,
1042 2411 1060 2493 ἢ
1085 2413 1194 2493 μᾶλλον
1217 2411 1236 2494 ἢ
1259 2410 1345 2494 ἦττον
1368 2413 1501 2474 κεκοινώ·

251 2540 336 2599 νηκεν
367 2520 419 2600 τῆς
440 2516 555 2601 φύσεως
577 2514 697 2597 ταύτης,
725 2514 761 2596 ἣν
784 2513 949 2597 διαφαίνειαν
977 2517 1130 2597 καλοῦμεν.
1176 2514 1248 2596 αῦτη
1274 2513 1329 2597 γὰρ
1353 2515 1502 2599 προσεχής

253 2621 307 2703 ῦλη
331 2625 388 2682 τῶν
404 2618 584 2703 χρωμάτων·
609 2618 655 2678 δεῖ
675 2614 728 2698 γὰρ
752 2613 832 2685 όντος
853 2619 1010 2700 χρώματος
1024 2615 1096 2679 εἶναι
1119 2618 1167 2680 καὶ
1188 2616 1341 2700 τὴνφύσιν
1364 2618 1416 2700 τήν
1440 2616 1502 2679 τοῦ·

251 2745 303 2785 του
326 2721 468 2804 δεκτικήν.
513 2719 545 2781 τδ
570 2719 622 2801 μὲν
645 2716 693 2781 οῦν
720 2717 852 2803 ἀόριστον
876 2718 1024 2803 διαρανές,
1057 2719 1072 2782 ὁ
1096 2720 1144 2782 καὶ
1167 2720 1291 2802 μαλιστσί
1319 2719 1381 2782 ἐστί
1401 2742 1431 2782 τε
1453 2721 1502 2783 καὶ

252 2808 381 2888 καλεῖται
404 2822 550 2907 διαφανὲς,
573 2826 614 2904 τῷ
639 2844 670 2883 τε
692 2822 725 2883 τὸ
747 2821 831 2905 φάος,
853 2822 982 2885 τουτέστι
1004 2823 1036 2884 τὸ
1058 2827 1121 2906 φῶς
1143 2822 1285 2907 δέχεσθαι
1306 2822 1353 2884 καὶ
1377 2828 1419 2906 τῷ
1443 2829 1501 2892 τοῖς
1516 2840 1544 2881 4ο

212 2944 239 2987 ‘25
252 2927 351 2996 ἄλλοις
372 2925 462 2988 αἴτιον
485 2928 535 2988 τοῦ
556 2924 709 3009 φαίνεσθαι
732 2922 804 2987 εἶναι
827 2923 883 2986 ὁπό
904 2948 978 2994 τινος
1001 2925 1083 2994 ἐκτὸς
1107 2923 1187 2994 ὄντος
1208 2925 1430 3009 χρωματίξεται.
1468 2925 1501 2987 τὸ

198 3046 421 3149 ’δίμφασινλδυυ
439 3039 527 3131 δελυιί
629 3079 779 3151 Ίήκόρη]
798 3080 845 3133 das
863 3080 1049 3133 Batrachtendo
1160 3080 1326 3132 79ἐπελ-
1342 3078 1466 3149 σὸστασιν]
1486 3081 1557 3134 δειιυ

100 3170 103 3176 “
199 3169 246 3221 das
264 3168 372 3221 Wasser
390 3168 426 3218 ist
442 3181 490 3218 aus
509 3167 565 3217 dem
585 3167 780 3233 sapphirisehen
800 3168 1008 3236 Unbegrenzten,
1030 3167 1084 3218 und
1103 3183 1177 3220 wenn
1199 3169 1227 3220 iu
1246 3168 1298 3220 ihm
1318 3167 1362 3220 der
1381 3168 1480 3221 Umriss
1499 3175 1556 3221 eut-

154 3290 160 3301 ·
199 3256 277 3321 steht,
295 3254 402 3306 welcher
420 3268 470 3306 von
484 3252 529 3306 der
540 3252 624 3306 Farbe
642 3255 766 3320 entsteht‚
785 3253 825 3323 [so
838 3257 972 3325 geschieht
989 3254 1028 3324 es]
1049 3271 1136 3324 wegen
1149 3256 1234 3308 seiner
1247 3255 1326 3306 Dieke
1344 3254 1398 3305 und
1412 3255 1557 3327 Fespigkeit

197 3342 214 3395 9
233 3341 246 3395 ὁ
264 3342 458 3413 γὰρ-τοιοῦτος
476 3356 526 3393 om.
624 3340 712 3393 9—10
733 3340 762 3394 τὸ
781 3341 827 3410 μὲν
846 3341 1064 3411 οῦν-δυνάμεως]
1083 3344 1135 3395 Das
1153 3343 1238 3395 δόλου
1257 3342 1389 3409 geschieht
1409 3340 1473 3409 [var.
1492 3341 1508 3394 1.
1526 3344 1555 3395 P.

197 3431 224 3482 in
243 3445 298 3498 mg:
319 3430 365 3481 mit
384 3429 445 3480 zwei
464 3427 676 3503 (λοςρυείὸυιλυυ,
695 3428 780 3481 iudom
800 3429 842 3481 die
859 3429 977 3482 Sehkraft
995 3430 1037 3482 die
1055 3432 1140 3499 Dinge
1158 3427 1307 3496 aufuimmt]
1327 3430 1372 3480 mit
1392 3429 1441 3481 den
1461 3433 1555 3493 Augen

143 3520 151 3535 ⁶
199 3517 278 3569 durch
298 3517 340 3569 die
358 3516 490 3584 Wirkung
507 3515 552 3567 der
571 3515 655 3581 Kraft‚
673 3516 767 3568 welche
786 3515 828 3568 die
847 3517 994 3569 sichtbaren
1013 3518 1097 3585 Dinge
1116 3517 1183 3570 sieht
1308 3515 1411 3568 {1-13
1439 3515 1501 3568 καθ’
1524 3518 1556 3587 ἢν

198 3602 311 3672 -αὺτῆ
332 3603 452 3655 wodurch
471 3603 529 3667 der,
548 3603 656 3656 welcher
674 3604 711 3656 sie
729 3604 837 3667 besitzt,
856 3588 1011 3672 vbrmbgend
1030 3605 1078 3669 ist,
1096 3605 1285 3656 aufzunehmen
1303 3605 1345 3656 die
1369 3604 1556 3674 λὐυῖιιιόοιυυμ

198 3708 248 3743 von
268 3691 318 3744 den
337 3690 485 3743 sichtbaren
503 3691 621 3759 mugen,
647 3692 733 3743 indem
757 3708 784 3743 er
807 3691 853 3743 auf
874 3691 911 3743 sie
935 3692 1009 3743 wirkt
1033 3692 1086 3743 und
1111 3693 1149 3744 sie
1168 3693 1276 3743 erreicht
1301 3694 1354 3745 υιιιλ
1375 3695 1436 3746 fiber
1456 3697 1493 3747 sie
1512 3713 1554 3747 ur·

181 3778 255 3830 .teilt
364 3776 466 3829 16-18
485 3776 708 3849 λέγεται-τρόπον
727 3793 777 3830 om.
879 3779 912 3830 ‘20
929 3777 1128 3848 κεκοινώνηκεν]
1148 3779 1192 3830 hat
1211 3780 1268 3831 Teil
1286 3780 1339 3831 und
1360 3781 1556 3835 Gemeinsehaft

197 3865 300 3918 ‘21-22
319 3866 444 3935 προσεχὴς
461 3871 512 3917 τῶν
525 3865 682 3938 χρωμάτων]
702 3866 796 3919 welche
814 3866 864 3918 den
882 3863 985 3918 Fa‘rben
1003 3868 1070 3918 nahe
1089 3868 1123 3918 ist
1194 3866 1297 3918 ’.λδ-’25
1317 3866 1354 3918 δεῖ
1370 3870 1431 3940 γὰρ
1452 3888 1555 3941 χρωμα-

196 3951 298 4022 ritum]
322 3952 391 4005 denn
411 3969 439 4005 es
459 3953 493 4005 ist
512 3954 669 4023 notwendig,
688 3970 762 4006 wenn
781 3954 925 4023 die-Farbe
943 3954 998 4006 sich
1017 3954 1045 4005 in
1065 3954 1121 4006 dem
1140 3956 1335 4020 unhegrenzten
1355 3955 1556 4023 Sapphirischen

196 4040 291 4105 findet,
314 4040 374 4092 dass
393 4040 459 4092 auch
481 4040 523 4093 die
544 4040 641 4105 Νικίαι,
664 4041 758 4093 welche
776 4041 818 4093 die
838 4041 921 4093 Farbe
939 4040 1089 4105 aufnimmt,
1111 4041 1165 4092 sich
1188 4040 1270 4102 finde,
1294 4042 1341 4093 das
1364 4044 1398 4093 ist
1420 4044 1479 4108 das,
1503 4060 1555 4097 was
1634 4078 1641 4087 ·

196 4109 382 4181 inssbesondere
400 4128 563 4195 sapphirisch
588 4116 705 4196 gehannt
723 4128 794 4181 wird.
832 4129 893 4182 Dies
912 4129 948 4180 ist
970 4128 1051 4181 selbst
1069 4143 1110 4191 so,
1134 4129 1190 4179 weil
1210 4144 1237 4179 es
1257 4128 1302 4179 das
1322 4129 1555 4195 Offenbarwerden‚

197 4215 237 4271 ich
258 4216 341 4268 meine
359 4214 406 4267 das
424 4214 500 4268 Licht
518 4215 664 4281 auntmmt,
684 4216 736 4267 und
753 4216 810 4268 weil
828 4232 856 4270 es
879 4216 991 4270 Ursache
1008 4215 1050 4267 ffir
1071 4216 1116 4267 das
1139 4214 1360 4268 Gesehenwerden
1379 4217 1423 4269 der
1446 4218 1554 4287 fibrigen

197 4303 281 4369 Dinge
299 4318 357 4354 vom
377 4304 452 4370 Auge
471 4304 514 4367 ist,
533 4303 587 4355 und
606 4318 657 4355 von
676 4304 760 4356 einem
779 4319 831 4355 von
849 4319 944 4356 aussen
963 4302 1138 4356 befindlichen
1157 4303 1241 4371 Dinge
1260 4302 1361 4371 geffirbt
1379 4304 1441 4356 wird

199 4428 348 4483 λουσαιςυ
418 4423 489 4494 προς’
505 4424 540 4476 ἔτι
559 4426 581 4477 V
654 4425 765 4496 ἳδὲτῷ
782 4426 816 4477 V:
836 4425 936 4479 δὲτὸε
1012 4424 1117 4495 δἀὁτιγῖ
1130 4425 1165 4477 V:
1184 4425 1275 4478 αὸτόιι
1350 4426 1504 4479 ὁτοιοὸτων
1517 4430 1556 4481 1n'²

196 4511 308 4575 τοιοῦτον
326 4513 360 4564 ιιι1
372 4513 407 4564 V:
426 4511 547 4564 τοιυὸτων
566 4528 581 4564 a
669 4514 686 4565 8
710 4512 758 4566 ὁπὸ
777 4515 870 4581 scripsi
888 4514 921 4566 τί.
940 4515 989 4566 int.
1008 4514 1093 4567 hebr.:
1112 4511 1174 4564 αῦτὸ
1193 4514 1232 4575 Va
1323 4514 1354 4564 15
1373 4514 1430 4586 γὰρ]
1450 4516 1482 4566 τί.
1497 4516 1554 4581 10,ίν

199 4601 229 4652 16
248 4596 397 4670 λέγεται-ᾖ
416 4598 533 4669 διαφανὲς
551 4614 602 4651 om.
621 4616 637 4652 α
728 4600 829 4653 17-18
847 4600 876 4653 τὸ
895 4599 1087 4673 φῶς-τρόπον]
1108 4603 1232 4667 temptavi
1250 4600 1280 4653 τὸ
1299 4607 1362 4671 φῶς,
1382 4601 1509 4669 γινόμενον
1529 4602 1555 4654 ἐν

196 4687 279 4746 αὐτοῖς
298 4685 393 4759 (ὥσπερ
412 4692 514 4758 χρῶμα,
532 4686 579 4756 οὸχ
598 4686 686 4744 ἁπλῶς
704 4687 761 4755 μέν,
780 4687 843 4741 ἀλλὰ
861 4690 928 4741 κατὰ
947 4687 1106 4758 συμβεβηκός
1124 4688 1168 4752 [cf.
1188 4688 1229 4739 ΑΙ.
1249 4688 1280 4740 de
1299 4705 1368 4741 sons.
1388 4688 1468 4754 90,·2]‚
1487 4689 1554 4762 ἀρχὴ

196 4773 223 4826 δὲ
241 4778 285 4827 τοῦ
297 4773 401 4847 ὁρᾶσθαι
419 4781 472 4832 τοῖς
489 4774 621 4847 χριὸμασιν
639 4772 733 4838 αὸτυῑς)
752 4777 795 4828 καὶ
809 4774 887 4827 αἴτιον
905 4773 933 4826 δν
946 4776 1130 4845 προειρήκαμεν
1143 4774 1242 4845 τρόπον.
1271 4775 1377 4827 meliora
1396 4777 1555 4829 invenienda

196 4866 258 4915 nunt
364 4861 397 4914 24
415 4860 490 4914 τετὸ
510 4877 594 4914 ουκυ
652 4874 658 4887 ·
819 4870 829 4895 ·
