3548 5604
576 312 705 369 IIIIIIIQN
727 311 992 370 III’OBIIIIIIIA'I'IIN
1012 315 1114 368 21-23
1464 315 1524 378 143

222 491 274 573 μέν
298 492 427 573 ἡντινοῦν
456 489 560 573 ἀρετὴν
584 489 689 572 ἠθικὴν
717 486 822 573 ἔχοντα
844 488 981 574 φρόνησιν
1008 487 1100 573 ἔχειν,
1131 487 1161 551 εί
1178 487 1210 569 γε’
1233 489 1309 550 ἐστιν
1336 490 1355 571 η
1379 486 1511 570 ηθικὴευ

221 593 310 675 ἀρετὴ
334 593 476 675 πρακτικὴ
500 598 556 654 τῶν
580 591 749 675 ὡρισμένων
776 594 914 675 φρονήσει
939 594 1041 655 τεκαὶ
1064 596 1106 675 τᾳῦ
1131 591 1213 675 ὐρθῷ
1238 589 1332 674 λόγῳ,
1359 590 1469 673 ἀνάγκη

222 697 254 757 δέ
277 696 395 758 καὶτὸν
422 695 559 778 φρόνησιν
587 692 692 778 ἔχοντα
715 691 795 779 ἔχειν
823 696 930 778 η’θικην
957 696 1077 778 ἀρετήν,
1107 693 1137 756 εἰ
1154 717 1187 776 γε
1210 695 1315 755 οἰκεῖον
1342 698 1379 775 τῇ
1403 716 1470 777 φρο-

221 800 302 880 νήσει
325 799 358 860 τδ
382 803 487 881 ζητεῖν,
514 803 578 865 πῶς
605 796 666 860 οἶόν
689 820 720 859 τε
742 801 842 881 τυχεῖν
866 801 916 859 τοῦ
938 797 1052 865 δέοντος
1079 801 1203 874 σκοποῦ,
1235 794 1266 857 δν
1289 801 1340 879 τῆς
1363 796 1470 879 ἠθικῆς

186 901 325 983 5ἀρετῇς
352 902 458 985 ὁρίσαι·
490 901 563 983 αῦτη
593 901 648 984 γὰρ
679 906 730 984 τῆς
762 901 913 983 ὀρεκτικης
942 900 1091 981 δυνάμεως
1121 900 1223 982 ἀρετή·
1258 896 1262 983 I
1295 899 1385 980 ταύτη
1416 898 1510 981 γὰρού

220 1005 358 1087 φρόνησίς
384 1027 416 1066 τε
438 1006 484 1066 καί
511 1002 640 1086 δεινότης
667 1002 865 1087 διαφέρουσιν,
892 998 914 1086 ᾗ
939 1005 957 1086 ἡ
982 1004 1032 1085 μέν
1060 1002 1198 1086 φρόνησις
1226 1008 1282 1064 τῶν
1305 1003 1377 1082 πρὸς
1400 1004 1448 1064 τὸν
1471 1009 1522 1064 III

222 1108 310 1189 δρθδν
334 1109 441 1169 σκοπὸν
456 1106 603 1190 φερόντων
623 1107 699 1169 ἐστὶν
715 1106 850 1190 εύρετικη
873 1130 904 1168 τε
928 1107 975 1168 καί
998 1105 1147 1189 ζητητική,
1171 1107 1190 1188 ἡ
1214 1106 1246 1168 δέ
1261 1104 1389 1187 δεινότης
1412 1111 1469 1166 τῶν

220 1210 291 1294 πρὸς
314 1211 361 1272 τδν
384 1209 511 1294 τυχόντα
534 1230 554 1270 κ
576 1231 596 1271 ει
619 1229 639 1269 κ

219 1471 333 1536 XXIII.
380 1472 458 1541 Πῶς
484 1474 515 1535 εἰ
541 1471 595 1558 <η>
622 1472 730 1556 ἡδονή
758 1472 832 1536 ἐστι
859 1472 946 1534 κατὰ
969 1466 1196 1556 Ἀριστοτέλη
1224 1471 1382 1555 ἐνέργεια
1408 1475 1469 1554 τῆς
1495 1486 1509 1527 ο

170 1597 200 1642 10
219 1575 305 1639 κατὰ
332 1576 434 1660 φύσιν
462 1574 566 1645 ἕξεως
597 1575 870 1657 ἀνεμπόδιστος,
904 1574 966 1637 οὐκ
999 1571 1097 1636 ἔσται
1130 1578 1186 1637 καί
1215 1576 1233 1657 ἡ
1262 1573 1469 1658 εὐδαιμονία

668 1676 740 1742 κατ’
768 1677 873 1740 αὐτὸν
900 1677 1020 1760 ἡδονή.

304 1847 340 1913 Εἰ
363 1849 412 1913 ούν
429 1850 504 1913 ἐστιν
528 1850 635 1933 ηκατά
658 1850 743 1934 φύσιν
765 1850 879 1932 ἑκάστῳ
903 1847 1031 1931 ἐνέργεια
1047 1846 1255 1930 ἀνεμπόδιστος
1277 1848 1379 1932 ἡδονή,
1402 1849 1466 1912 ταύ-
1482 1865 1508 1906 ιυ

217 1977 267 2036 της
290 1955 322 2016 δέ
344 1955 435 2016 ποίντα
458 1953 578 2037 ἐφίεται,
604 1951 664 2036 (οὐ)
688 1953 734 2015 διὰ
756 1957 841 2015 τοῦτο
864 1951 921 2035 ἤδη
950 1953 998 2014 καὶ
1021 1950 1102 2019 τέλος
1124 1952 1143 2034 ἡ
1167 1953 1256 2035 ἡδονὴ
1286 1953 1388 2014 καὶτὸ
1413 1955 1465 2034 ζῆν

169 2076 197 2125 15
217 2057 318 2125 οὕτως.
356 2056 424 2139 παρ’
441 2055 475 2119 ού
490 2055 545 2140 γὰρ
561 2057 608 2119 καὶ
624 2057 657 2118 τδ
673 2056 900 2138 ἀνεμποδίστως,
924 2054 1016 2117 ἐκεῖνο
1039 2052 1129 2116 αἴτιον
1152 2059 1203 2117 τοῦ
1228 2060 1280 2139 ζῆν
1303 2056 1404 2124 οὕτως.
1441 2055 1467 2116 εἰ

219 2162 270 2241 μὲν
294 2157 343 2222 ούν
365 2160 455 2242 ἡδονὴ
480 2164 529 2222 τοῦ
553 2158 616 2221 κατ’
638 2160 742 2243 ἀρετὴν
765 2157 982 2239 ἀνεμποδίστως
1004 2157 1128 2241 ἐνεργεῖν
1150 2156 1236 2236 αἰτία,
1260 2156 1290 2219 ἐν
1313 2157 1409 2241 ἐκείνη
1433 2155 1467 2220 ἂν

217 2262 252 2347 ἦν
276 2263 308 2324 τδ
331 2265 507 2346 κυριώτατον
531 2259 652 2344 ἀγαθόν,
674 2261 701 2324 εἰ
723 2262 755 2324 δὲ
778 2261 818 2343 μὴ
842 2260 949 2343 ἡδονή,
972 2259 1044 2322 ἀλλο
1067 2259 1100 2322 δέ
1123 2284 1163 2334 τι,
1186 2259 1279 2323 ἐκεῖνο
1301 2258 1336 2322 ἀν
1359 2259 1394 2343 ἧν
1416 2263 1467 2322 τοῦ
1481 2276 1508 2318 ιτ

216 2365 346 2427 τοιούτου
370 2366 447 2448 βίου,
478 2362 549 2427 ὥστ’
577 2365 603 2426 εἰ
624 2367 674 2426 τοῦ
698 2363 790 2430 αύτως
817 2362 942 2445 ἐνεργεῖν
970 2366 1029 2431 τοῖς
1052 2362 1217 2446 ἀνθρώποις
1244 2363 1321 2426 αἰτία
1344 2365 1467 2444 μαλιστα

217 2469 236 2549 η
260 2467 349 2550 ἀρετή
377 2466 536 2549 (συντελεῖν
558 2467 612 2550 γάρ
641 2490 667 2528 τι
689 2465 763 2535 δόξει
789 2466 861 2549 πρὸς
887 2466 919 2527 τὸ
948 2466 1168 2547 ἀνεμποδίστως
1195 2467 1243 2529 καί
1269 2464 1306 2528 τὰ
1333 2467 1391 2530 ἀπὸ
1414 2470 1467 2549 τῆς

165 2590 198 2636 20
218 2570 339 2654 τύχης),
367 2571 463 2654 ἐκείνη
487 2570 521 2633 ἂν
544 2571 596 2653 τὴν
619 2569 709 2633 αἰτίαν
737 2566 802 2654 ἔχοι
826 2570 950 2652 μάλιστα
977 2568 1006 2630 ἐν
1030 2573 1089 2638 τοῖς
1111 2569 1277 2652 ἀνθρώποις
1303 2572 1354 2631 τοῦ
1377 2568 1466 2632 τοιού·
1480 2585 1508 2627 νυ

216 2697 267 2736 του
297 2674 371 2758 βίου.
416 2675 460 2735 διδ
483 2674 508 2735 εἰ
535 2675 583 2736 καί
610 2673 642 2735 τδ
670 2672 848 2754 εὐδαιμονεῖν
876 2677 918 2755 τῷ
946 2672 1097 2755 ἀνθρώπῳ
1125 2672 1223 2756 τεθείη
1250 2671 1280 2735 ἐν
1307 2677 1370 2741 ταῖς
1394 2672 1467 2736 κατὰ

217 2777 301 2861 φύσιν
317 2775 410 2860 αὐτῷ,
435 2775 502 2838 καθ’
523 2777 558 2856 ἢν
574 2776 600 2838 εἰ
614 2773 769 2859 ἄνθρωπός
785 2774 856 2850 ἐστι,
878 2774 995 2838 κεῖσθαι
1017 2774 1180 2857 ἐνεργείαις,
1203 2776 1229 2837 εἰ
1252 2775 1467 2856 ἀνεμποδίστως

217 2882 365 2961 γίγνοιντο,
395 2880 414 2961 ἡ
438 2879 526 2963 ἀρετὴ
554 2877 660 2941 ἄνκαὶ
690 2879 814 2961 μάλιστα
838 2874 841 2962 I
865 2879 970 2959 γίνοιτο
997 2882 1049 2961 τῆς
1076 2877 1258 2960 εὐδαιμονίας
1283 2879 1371 2954 αἰτία,
1399 2882 1447 2942 καί
1468 2888 1520 2944 m

218 2988 268 3045 τοῦ
292 2983 342 3051 τὰς
365 2982 472 3050 οἰκείας
486 2982 610 3065 ἐνεργεῖν
633 2981 776 3065 ἐνεργείας
798 2986 849 3044 τοῦ
865 2982 1023 3065 ἀνθρώπου
1046 2978 1120 3043 οὐσα
1141 2981 1217 3043 αἰτία
1238 2981 1287 3044 καί
1309 2985 1360 3043 τοῦ
1381 2982 1466 3066 ἀνεμ-

162 3104 195 3153 25
215 3087 367 3153 ποδίστως.
412 3083 454 3148 ἔτι
476 3082 526 3168 (εἰ)
549 3086 568 3167 ἡ
591 3085 682 3168 ἡδονὴ
705 3084 833 3168 ἐνέργεια
862 3088 903 3152 ὡς
925 3083 1053 3166 ἑπομένη
1076 3089 1112 3166 τῇ
1135 3088 1235 3146 τοῦτον
1257 3084 1393 3168 γινομένη
1417 3087 1465 3149 τδν

214 3188 319 3273 τρόπον
343 3188 486 3272 ἐνεργείᾳ,
510 3191 551 3256 ὡς
572 3186 677 3257 ἔδειξεν
700 3188 730 3250 ἐν
753 3188 974 3272 τῷτελευταίῳ
997 3192 1055 3249 τῶν
1075 3184 1211 3261 Ἠθικῶν,
1241 3188 1368 3271 ἑπομένη
1391 3189 1424 3250 δὲ
1445 3190 1464 3272 ἡ
1492 3203 1506 3245 τ

215 3293 304 3374 ηδονη
328 3296 366 3374 τῇ
382 3295 482 3354 τοῦτον
505 3290 640 3374 γινομένη
663 3293 710 3354 τὸν
733 3290 838 3374 τρόπον
853 3290 991 3374 ἐνεργείᾳ,
1015 3293 1136 3374 σημεῖον
1160 3288 1194 3353 ἂν
1210 3294 1319 3372 μᾶλλον
1342 3289 1388 3375 εἴη
1411 3295 1462 3353 τοῦ

214 3401 346 3479 παρεῖναι
369 3397 400 3458 τὸ
424 3394 603 3477 εὐδαιμονεῖν
627 3399 686 3463 τοῖς
707 3395 800 3462 ούτως
820 3394 991 3477 ἐνεργοῦσιν,
1015 3393 1075 3455 ἀλλ’
1103 3392 1156 3455 οὐκ
1178 3392 1354 3477 εὐδαιμονία.
1389 3392 1464 3476 ἐέρ·

215 3521 276 3580 γεια
298 3498 352 3582 γὰρ
379 3499 398 3580 η
423 3498 512 3579 ἡδονὴ
537 3496 649 3578 λέγεται
675 3495 723 3559 ὑπ’
747 3496 980 3581 Ἀριστοτέλους,
1011 3495 1068 3580 οὐχ
1092 3500 1132 3564 ὡς
1153 3496 1227 3579 αὐτὴ
1255 3496 1328 3559 κατὰ
1355 3498 1403 3559 τδν
1427 3497 1464 3559 οἰ-
1479 3514 1505 3555 1⁰

162 3621 196 3668 30
216 3607 293 3663 κεῖον
316 3601 400 3682 λόγον
423 3598 497 3662 υύσα
519 3599 662 3683 ἐνέργεια,
689 3598 749 3662 ἀλλ’
778 3604 818 3669 ὡς
840 3600 887 3662 ἐπ’
916 3600 1045 3683 ἐνεργείᾳ
1068 3600 1099 3662 τὸ
1122 3598 1194 3661 εἶναι
1216 3597 1328 3684 ἔχουσα
1350 3602 1398 3663 καί
1422 3603 1462 3684 μὴ

213 3704 356 3786 δυναμένη
381 3704 474 3788 χωρίς
495 3701 600 3784 ταύτης
628 3703 766 3784 γίνεσθαι.
810 3704 854 3765 διὸ
878 3707 917 3772 ὡς
945 3704 978 3765 τδ
1001 3702 1130 3786 ἐνέργεια
1157 3701 1230 3765 εἰναι
1252 3702 1462 3785 ἀνεμπόδιστος

214 3804 287 3892 ἔχει,
310 3807 402 3874 οῦτως
429 3805 463 3868 ἂν
490 3803 556 3889 ἔχοι
578 3807 626 3868 καί
653 3806 685 3867 τδ
708 3805 780 3868 εἰναι
802 3805 978 3888 εὐδαιμονία.
1023 3805 1151 3888 ἐνέργεια
1178 3805 1210 3868 δέ
1239 3806 1314 3868 ἐστιν
1338 3808 1463 3890 ἀνεμπό·
1477 3825 1503 3867 ιε

214 3913 308 3979 διστος
330 3913 373 3993 τῷ
396 3908 515 3991 τοιαύτη
543 3909 772 3993 παρακολουθεῖν
795 3909 937 3993 ἐνεργείᾳ,
965 3910 1013 3972 καὶ
1036 3909 1203 3992 εὐδαιμονία
1225 3909 1286 3974 ἐστί
1308 3916 1351 3996 τῷ
1375 3935 1464 3998 παρα·

161 4212 172 4262 l
194 4210 319 4281 ἡντινοῦν]
340 4226 377 4278 pr.
396 4232 409 4261 ν
428 4213 456 4264 iu
476 4212 550 4264 Iit.V
656 4211 744 4282 ηοω.
763 4229 779 4262 ε
798 4213 842 4278 Sp.
949 4210 1047 4282 ύαύτη
1067 4216 1109 4264 M:
1138 4210 1201 4282 αὐτὴ
1222 4213 1288 4278 (erat
1306 4210 1382 4284 αῦτη)
1401 4218 1433 4266 V:
1452 4234 1516 4287 αντη

159 4303 192 4351 L:
220 4299 283 4368 αὐτη
308 4318 324 4351 ε
346 4303 389 4367 Sp.
509 4299 525 4352 8
547 4299 618 4352 δοκεῖ
641 4317 684 4367 μοι
707 4297 805 4356 ἐλλιπὲς
826 4300 887 4351 εἰναι
910 4303 934 4353 G
959 4301 986 4351 iu
1010 4316 1061 4367 mg.
1177 4300 1192 4352 9
1219 4301 1240 4352 τί
1262 4301 1278 4371 η
1303 4302 1388 4355 vien?
1411 4305 1468 4370 Sp.:
1496 4305 1518 4357 τί

160 4390 190 4437 V:
210 4387 226 4456 ἡ
246 4390 281 4441 Sa
369 4387 477 4456 ἰνεργιία
496 4406 512 4438 a
603 4385 633 4438 12
652 4386 673 4438 τί
692 4385 736 4438 οὐν
754 4387 819 4438 ἐστιν
838 4405 854 4438 ε
872 4389 929 4453 Sp.:
949 4387 965 4455 ἡ
985 4386 1032 4440 οὐκ
1051 4387 1086 4439 ἔτι
1104 4391 1164 4440 VB:
1184 4388 1199 4457 ἢ
1220 4388 1267 4441 οὐκ
1287 4388 1352 4441 ἔστιν
1371 4393 1411 4445 FS

157 4479 270 4542 φυσινν
366 4476 397 4526 14
422 4475 514 4544 ἰφιεται
534 4479 592 4532 V,
646 4473 677 4526 οὐ
696 4474 755 4526 add.
775 4473 904 4526 Schwartz
1005 4475 1036 4526 15
1055 4479 1176 4527 amovv
1273 4477 1303 4528 16
1322 4477 1383 4547 (ID,
1403 4479 1429 4529 ἐν
1449 4480 1516 4532 coni.

157 4564 201 4628 Sp.
285 4563 316 4614 18
334 4561 441 4615 sortasse
459 4562 561 4627 (αἴτιον)
578 4567 624 4614 τοῦ
712 4562 742 4614 21
764 4564 807 4614 καὶ
826 4565 960 4629 om.aSp.
1050 4562 1083 4614 22
1102 4563 1210 4616 sortasse
1233 4566 1299 4627 (καὶ)
1318 4565 1398 4618 καθὸ
1418 4566 1515 4636 ἄνθρω-

158 4649 205 4706 πός
222 4649 281 4713 ίστι,
305 4650 437 4708 οἰκείαις
461 4651 494 4703 ἐν.
583 4650 605 4703 ιί
625 4665 674 4702 om.
693 4669 708 4701 a
727 4654 772 4716 Sp.
887 4650 920 4701 23
944 4651 1033 4718 γίνοιτο
1052 4668 1068 4701 ε
1171 4650 1203 4703 25
1223 4651 1319 4716 ἔτκεί)
1338 4653 1353 4721 ἡ
1374 4655 1515 4721 Vict.sp.:

157 4737 193 4789 ἰτι
215 4737 232 4806 η
256 4738 385 4790 VSFB²a=
414 4737 449 4789 ἐτι
474 4737 495 4789 εἰ
513 4738 546 4790 B¹
654 4736 775 4807 ἰνίργεια]
794 4755 810 4789 α
830 4741 925 4789 s.v.V
1041 4736 1073 4789 26
1092 4738 1194 4807 τρόπον]
1214 4758 1226 4789 ν
1247 4741 1274 4791 in
1294 4740 1375 4791 Iit.V
1490 4744 1516 4794 ἐν

156 4825 195 4893 τῷ
212 4823 359 4893 τελευταίῳ]
378 4826 437 4877 Eth.
457 4825 512 4877 Nic.
526 4824 560 4887 X,
574 4825 598 4877 4.
612 4826 637 4877 5.
658 4825 831 4893 1174b14sq.
922 4826 938 4896 η
958 4840 1007 4877 om.
1026 4845 1041 4877 ε
1060 4830 1104 4893 Sp.
1194 4827 1226 4879 27
1246 4826 1296 4897 είη]
1316 4828 1339 4880 εἰ
1355 4831 1382 4880 in
1402 4829 1439 4881 Iit.
1455 4834 1477 4880 V

156 4912 264 4982 ίνιργιίᾳ
281 4912 334 4965 Βίε
352 4915 409 4979 Sp.:
428 4911 552 4982 ἐνεργείας
570 4913 629 4965 VB¹
720 4912 752 4964 29
772 4913 892 4983 ἡδονηίί
980 4913 1044 4983 αὐτη
1064 4918 1088 4966 V
1176 4915 1207 4967 31
1229 4915 1339 4986 ἐνεργείᾳ
1358 4935 1374 4968 υ
