3548 5604
893 1482 911 1556 Ι

628 1664 699 1744 DE
734 1668 1173 1760 QUAESTIONIBUS

309 1973 380 2038 Duo
403 1972 532 2039 diversa
555 1975 793 2041 Problematum
821 1995 956 2061 corpora
982 1977 1136 2043 contineri
1165 1977 1395 2058 Quaestionum
1422 1998 1506 2063 quae
1532 1979 1577 2045 ie-

222 2099 333 2157 runtur
356 2099 505 2177 quattuor
528 2093 617 2159 libris
639 2094 741 2160 codex
766 2095 908 2161 Venetus
928 2095 986 2179 (de
1008 2117 1071 2181 quo
1094 2095 1133 2162 cf.
1150 2118 1180 2182 p.
1197 2098 1271 2184 XV)
1293 2098 1397 2165 docet.
1443 2120 1575 2182 quorum

221 2211 309 2296 prius
324 2211 449 2297 physici
472 2212 662 2296 argumenti,
684 2212 771 2297 quod
793 2212 894 2280 tribus
909 2213 998 2279 libris
1013 2222 1149 2300 constat,
1171 2217 1329 2301 integrum
1350 2218 1574 2304 videturesse,

219 2331 373 2407 alterius..
395 2351 458 2415 quo
492 2330 627 2397 moralia
660 2331 877 2409 continentur,
909 2332 1031 2417 primus
1064 2341 1187 2401 tantum
1220 2336 1302 2404 liber
1334 2343 1482 2404 servatus
1515 2344 1574 2404 est.

219 2450 426 2535 inscriptione
448 2449 610 2534 differunt,
632 2471 706 2517 nam
726 2451 813 2517 illius
834 2453 969 2538 σχολικαὶ
990 2454 1140 2538 ἀπορίαι
1163 2458 1220 2521 καὶ
1241 2457 1359 2528 λύσεις
1380 2476 1497 2522 nomen
1513 2464 1572 2543 est,

219 2570 312 2635 buius
335 2569 579 2655 προβλήματα.
623 2570 754 2636 moralis
776 2576 884 2636 autem
899 2573 1079 2655 argumenti
1095 2575 1279 2659 conspectui
1299 2575 1326 2640 si
1343 2576 1573 2662 praescriptum

218 2697 268 2756 cst
298 2689 330 2753 in
355 2689 478 2755 Veneto
505 2692 652 2776 σχολικῶν
680 2692 808 2775 ἀποριῶν
838 2692 886 2756 καὶ
912 2690 1023 2757 λύσεων
1046 2694 1200 2778 κεφαλαια,
1234 2693 1296 2760 hoc
1328 2695 1466 2762 sortasse
1498 2703 1573 2780 post

217 2808 473 2876 coniunctionem
495 2810 623 2877 demum
639 2809 844 2895 physicorum
866 2831 938 2877 cum
960 2812 1135 2878 moralibus
1157 2811 1275 2878 factum
1299 2820 1357 2879 est.

302 2929 367 2995 Sed
382 2930 531 2995 nolumus
546 2929 587 2996 do
602 2930 784 2997 nominibus
799 2937 924 2997 certare
945 2930 1032 2997 idem
1054 2931 1318 3016 significantibus,
1341 2932 1368 2996 si
1384 2931 1425 2997 de
1442 2952 1477 2999 re
1500 2953 1573 2999 con-

215 3056 291 3114 stat.
336 3049 397 3114 boc
418 3056 528 3115 autom
550 3049 730 3133 quaeritur,
758 3070 834 3115 num
860 3050 929 3116 iure
957 3050 1026 3116 sire
1053 3051 1254 3136 problemata
1280 3050 1348 3117 sivo
1376 3052 1492 3131 ἀπορίαι
1522 3052 1572 3119 his

216 3168 460 3236 collectionibus
476 3167 677 3234 inscribatur.
711 3175 800 3254 patet
820 3169 904 3236 enim
922 3169 975 3236 vol
993 3169 1095 3236 obiter
1109 3169 1290 3255 inspicienti
1310 3176 1456 3235 neutram
1478 3171 1571 3237 unius

213 3289 341 3373 generis
370 3295 559 3371 argumento
583 3289 735 3374 compleri
758 3295 791 3355 et
811 3289 918 3355 inesse
944 3288 976 3353 in
1000 3297 1137 3374 quatuor
1159 3288 1209 3354 his
1231 3287 1321 3354 libris
1350 3296 1478 3374 praeter
1498 3311 1570 3374 pro

214 3407 356 3474 blemata
389 3409 490 3474 multa
522 3408 597 3474 alia.
656 3428 755 3493 quaro
783 3408 1020 3475 Fanunnununn
1050 3408 1123 3473 libri
1164 3408 1249 3488 „Die
1282 3408 1381 3474 durch
1408 3411 1569 3477 Averroes

212 3528 401 3594 crhaltenon
430 3527 623 3612 Fragmente
649 3528 850 3595 Alexanders
877 3550 932 3594 aur
953 3527 1161 3612 Metapbysik
1189 3526 1247 3593 des
1269 3527 1477 3593 Aristoteles“
1513 3549 1569 3613 pa·

211 3646 308 3729 ginae
332 3648 372 3713 13
395 3646 476 3713 baec
497 3647 677 3713 adnotavit:
715 3646 848 3726 „Dioser
869 3647 952 3714 'litel
974 3646 1228 3732 (Quaestione),
1255 3647 1316 3713 wie
1343 3647 1397 3713 die
1419 3647 1567 3713 Bezeich·

212 3786 301 3849 nung
324 3765 382 3832 der
397 3766 516 3833 Sohriit
537 3767 586 3831 als
609 3765 698 3832 einer
719 3765 907 3850 Sammlung
929 3788 992 3833 von
1015 3768 1133 3852 ἀπορίαι
1155 3769 1203 3833 καὶ
1225 3768 1322 3837 λύσεις
1343 3767 1384 3832 ist
1407 3785 1489 3850 ganz
1512 3787 1567 3831 un-

210 3885 398 3967 rutreffond‚
421 3886 465 3952 da
486 3886 545 3951 wir
567 3884 722 3952 vielmebr
745 3885 824 3970 hier,
847 3886 909 3953 wie
930 3886 974 3952 im
997 3893 1218 3970 sogenannten
1241 3886 1375 3953 aweiten
1397 3885 1485 3951 Buoh
1509 3886 1567 3953 dor

209 4005 422 4090 Psycbologie
449 4005 522 4072 eino
550 4004 638 4070 nicht
664 4026 727 4071 ron
750 4006 935 4072 Alexander
960 4025 1206 4090 ausgegangeno
1232 4006 1566 4090 Zusammcnstellung

209 4145 272 4190 ron
295 4123 492 4207 Entwdrfen‚
514 4121 725 4209 Summarim,
748 4126 916 4208 Ausndgen
942 4145 1002 4191 aus
1028 4124 1256 4209 exegetischen
1278 4123 1454 4210 Collegien,
1490 4127 1565 4192 Dia·

208 4244 304 4327 logon
327 4243 393 4308 und
415 4243 563 4327 wenigen
586 4265 650 4309 von
673 4244 858 4311 Alexander
884 4244 934 4310 iltr
961 4245 1014 4311 dio
1038 4244 1333 4330 Veroiiontlichung
1360 4244 1564 4312 bestimmten

206 4362 464 4442 Abbandlungcn
485 4363 736 4430 anaucrkonnen
760 4362 894 4431 baben.“
1220 4366 1225 4377 '

291 4481 390 4546 Cuius
418 4482 526 4548 iudicii
554 4482 637 4566 parti
666 4482 854 4568 adstipulor.
899 4501 964 4566 qua
994 4481 1036 4549 de
1063 4503 1097 4550 re
1129 4484 1221 4552 diste
1465 4484 1562 4551 *doc-

205 4600 338 4684 tissimo,
361 4601 496 4685 patebit,
519 4601 546 4666 si
569 4601 713 4685 singulas
736 4599 966 4680 Quaestionum
990 4610 1098 4688 partes
1119 4622 1209 4671 accur
1485 4622 1560 4673 tero.

204 4718 363 4784 Exordiar
384 4726 491 4786 autem
514 4719 556 4785 ab
579 4719 626 4784 eis
656 4720 860 4805 physicorum
888 4722 1039 4787 librorum
1061 4722 1205 4807 eapitibn
1509 4744 1561 4791 ro·

204 4837 371 4903 blemata
393 4846 476 4903 sunt.
526 4838 637 4904 horum
667 4838 709 4922 si,
737 4857 800 4922 qua
825 4839 928 4906 forma
954 4841 1133 4928 composita
1157 4840 1197 4911 sir
1510 4843 1559 4913 uo
