3540 5610
653 332 709 404 [ου
732 335 842 391 ιυιιω
867 336 967 391 LIBER
987 336 1112 407 ALTER]
1300 290 1305 299 ⁸
1499 278 1558 401 1123)

256 506 292 570 τὰ
320 509 460 571 δοκοῦντα
487 512 587 571 τοῦτον
614 506 692 593 ἔχειν
720 510 768 572 τδν
794 500 900 595 τ’ρὸπον
929 513 1047 573 τοιαῦτα
1072 508 1152 573 εἶναι.
1197 508 1264 573 οὔτε
1290 510 1344 595 γὰρ
1372 536 1391 594 η
1414 507 1505 572 κὸλλα

256 610 348 693 αὑτὴν
376 610 495 695 συνέχει
522 612 571 673 καὶ
601 610 636 674 τὰ
662 613 870 696 κεκολλημένα.
921 612 1017 696 ἕτερον
1044 613 1097 698 γὰρ
1125 611 1216 697 αὐτῆς
1247 613 1280 676 τῦ
1306 613 1430 698 συνέχον
1457 612 1505 674 καλ

181 700 185 705 ’
255 711 355 795 ἕτερον
378 715 411 776 τῦ
428 713 633 799 συνεχόμενον.
668 713 737 778 ὅσον
760 715 881 799 μὲνγὰρ
904 714 1079 798 σωματικύν,
1103 716 1263 800 συνέχεται,
1286 716 1325 778 τῦ
1334 716 1366 778 δὲ
1382 714 1504 799 συνέχον

254 814 334 877 ἐστὶν
356 817 376 899 ἡ
400 816 519 900 ποιότης
542 818 589 879 καὶ
612 818 632 900 ἡ
656 819 773 901 δύναμις
800 819 956 902 ἀσώματος
978 816 1061 882 οὖσα.
1105 818 1266 902 φθαρείσης
1287 822 1355 900 γοῦν
1377 823 1430 900 τῆς
1451 840 1505 879 τοι-

223 916 346 1000 σαύτης
367 918 536 1000 πυιύτητυς,
563 921 595 982 τῦ
620 920 715 983 ὅλικδν
743 922 790 984 καλ
815 922 980 1003 σωματικὸν
1008 920 1093 1002 μένον
1116 919 1183 985 ούτε
1210 921 1281 983 αύτδ
1308 918 1361 984 ἔτιΙ
1377 918 1443 983 οὔτε
1470 918 1505 982 τὰ
1519 936 1546 977 κο

254 1019 326 1088 ξύλα
354 1021 487 1106 συνέχειν
514 1022 641 1085 δύναται.
687 1021 729 1103 ἔτι
754 1025 780 1087 εἰ
807 1025 932 1109 ἡψυχὴ
961 1030 1062 1108 σῶμα.
1089 1024 1109 1107 ἢ
1138 1027 1194 1109 πῦρ
1221 1023 1240 1107 ἦ
1266 1026 1379 1106 πνεῦμα
1406 1027 1504 1086 λεπτυ-

257 1122 344 1206 μερές
367 1123 427 1188 ἐστι
451 1125 498 1187 διὰ
520 1127 627 1193 παντὸς
648 1128 747 1209 διῆκον
770 1131 821 1189 τοῦ
843 1126 978 1211 ἐμψύχου
1000 1129 1144 1207 σώματος.
1187 1127 1214 1188 εἰ
1237 1127 1269 1190 δὲ
1291 1130 1390 1200 τοῦτο,
1417 1127 1505 1209 δῆλον

255 1228 298 1293 ῶς
320 1225 374 1289 οῦκ
396 1228 485 1312 ἀργὸν
508 1228 576 1291 οῦδὲ
598 1232 639 1297 ῶς
661 1227 765 1314 ἔτυχεν
788 1227 858 1314 ἔχον
877 1231 998 1313 ·έροῦσιν
1020 1227 1101 1292 αῦτὸ.
1146 1228 1180 1292 οῦ
1202 1228 1256 1313 γὰρ
1280 1233 1336 1292 πᾶν
1359 1233 1416 1313 πῦρ
1438 1227 1506 1291 οῦδὲ

255 1331 315 1390 πᾶν
337 1318 453 1412 πνεῦμα
474 1330 580 1415 ταύτην
608 1328 672 1416 ἔχει
694 1332 746 1414 τὴν
769 1333 897 1415 δύναμιν.
942 1333 1016 1415 μετοί
1037 1356 1111 1400 τινος
1137 1329 1186 1394 οῦν
1214 1329 1293 1395 ἔσται
1316 1329 1409 1401 εἴδους
1431 1331 1504 1394 ἰδίου

213 1447 244 1489 ιυ
257 1430 307 1492 καλ
328 1431 420 1514 λύγου
442 1433 491 1496 καὶ
506 1435 657 1516 δυνάμεως
679 1435 736 1509 καί,
760 1437 800 1503 ὡς
814 1435 896 1498 αῦτολ
915 1434 1058 1517 λέγουσιν,
1080 1433 1176 1497 τόνου.
1210 1434 1285 1497 ἀλλὰ
1305 1434 1332 1498 εἰ
1354 1438 1448 1520 Ιτοῦτο,
1471 1433 1505 1496 ού

255 1534 290 1597 τὸ
305 1538 421 1617 πνεῦμα
443 1533 524 1599 ἔσται
545 1536 614 1620 ἣτδ
632 1542 689 1621 πῦρ
710 1539 729 1621 ἡ
746 1540 841 1622 ψυχή,
865 1537 938 1601 ἀλλὰ
960 1538 992 1600 τὸ
1008 1538 1037 1599 έν
1053 1537 1162 1606 τούτοις
1184 1536 1260 1606 εἶδος
1282 1537 1329 1599 καλ
1353 1537 1505 1620 ἠδύναμις

256 1638 305 1699 καὶ
327 1637 344 1699 ὅ
367 1638 461 1711 τύνος,
484 1639 559 1702 καθὸ
581 1644 640 1702 τῶν
664 1642 810 1724 ὁμογενῶν
833 1646 891 1704 τῶν
919 1640 1016 1703 ἄλλων
1038 1640 1176 1725 διαφέρει.
1221 1637 1263 1702 ἔτι
1284 1643 1325 1709 ῶς
1351 1645 1438 1721 σῶμα
1460 1640 1505 1701 ἀν·
1520 1656 1546 1696 1ο

255 1740 359 1811 είδεον,
382 1741 476 1809 οὕτως
497 1740 615 1824 εὔλογον
638 1744 686 1805 καὶ
701 1742 777 1811 εἶδος
798 1742 886 1806 ἁῦλον
909 1744 957 1806 καλ
976 1744 1131 1826 ἀσώματον
1155 1742 1236 1805 εἶναι.
1271 1743 1304 1805 ἐκ
1319 1743 1429 1804 τούτων
1450 1742 1505 1826 γὰρ

254 1844 291 1904 τδ
313 1842 542 1928 συναμφότερον.
586 1842 628 1907 ἔτι
651 1845 677 1907 εἰ
699 1850 785 1928 σῶμα
807 1844 1009 1930 ἁψυχυν,“ῦιὰ
1034 1846 1064 1907 τί
1089 1847 1130 1930 μὴ
1153 1847 1200 1908 καὶ
1227 1845 1307 1929 ψυχὴ
1335 1845 1504 1928 ἁσώματος;

213 1961 240 2005 15
253 1942 298 2006 ἔτι
319 1946 346 2008 εἰ
368 1949 456 2029 σῶμα
479 1948 498 2028 ἁ,
523 1949 619 2032 ψυχή,
646 1946 711 2031 ἤτοι
734 1948 843 2011 ἁπλοῦν
872 1948 891 2031 ἢ
914 1947 1065 2031 σύγκριμα.
1111 1948 1186 2011 ἀλλὰ
1208 1948 1233 2010 εἰ
1257 1949 1309 2030 μὲν
1332 1949 1456 2021 ἁπλοῦν,
1483 1948 1502 2030 ἢ

252 2054 293 2133 γῆ
319 2049 339 2132 ἢ
362 2053 420 2132 πῦρ
448 2049 467 2132 ἢ
495 2051 552 2134 ἀήρ
582 2049 602 2133 ἢ
631 2050 718 2134 ῦῦωρ.
762 2051 843 2113 εἰδὲ
869 2050 978 2113 τούτων
1006 2074 1031 2113 τι
1057 2049 1125 2114 καθ’
1154 2051 1242 2113 έαυτδ
1268 2052 1365 2134 ψυχή,
1396 2055 1452 2113 πᾶν
1475 2074 1506 2113 τε

256 2153 291 2214 τῦ
312 2155 442 2214 τοιοῦτον
465 2149 546 2215 ἔσται
568 2155 650 2237 ψυχή
672 2153 747 2236 (οἷον
770 2158 826 2216 πῶν
849 2157 921 2238 πῦρ,
943 2157 1000 2222 πῶς
1023 2153 1109 2238 ἀήρ),
1132 2153 1181 2216 καὶ
1203 2157 1259 2216 πᾶν
1281 2153 1314 2215 τδ
1337 2157 1436 2216 τοῦτον
1459 2176 1507 2215 πε·

254 2254 354 2340 ριέχον
382 2259 470 2338 σῶμα
495 2253 638 2340 ἔμψυχον.
684 2256 761 2318 ὥστε
784 2258 809 2318 εἰ
836 2257 852 2319 ὅ
875 2256 932 2341 ἀὴρ
960 2281 979 2340 η
1002 2259 1100 2340 ψυχή,
1128 2254 1209 2319 ἔσται
1237 2260 1312 2340 ζῷον
1341 2256 1361 2340 ἡ
1384 2256 1506 2340 ἀρτηρία

254 2359 305 2421 καὶ
328 2359 344 2422 ὅ
367 2357 503 2441 πνεύμων
526 2359 574 2421 καὶ
597 2359 612 2420 ὅ
636 2357 848 2443 περυσημένυς“
864 2358 963 2433 ἀσκός,
986 2361 1034 2422 καλ
1056 2364 1112 2422 πᾶν
1128 2361 1160 2423 τδ
1183 2359 1256 2441 ἀέρα
1278 2356 1348 2443 ἔχον
1370 2358 1401 2420 ἐν
1423 2359 1504 2442 αύτῷ
1519 2375 1547 2417 κο

211 2478 240 2522 νυ
254 2465 353 2544 σῶμα.
387 2461 413 2523 εἰ
436 2462 468 2524 δὲ
490 2461 578 2544 ὅδωρ,
602 2461 617 2523 ὅ
639 2461 741 2524 τούτου
764 2462 878 2545 πλήρης
901 2462 997 2531 κάδος.
1034 2465 1124 2525 ταῦτα
1146 2463 1179 2526 δὲ
1200 2461 1303 2525 ἄτοπα.
1340 2458 1382 2524 ἔτι
1404 2462 1431 2524 εἰ
1454 2463 1505 2546 μὲν

255 2571 314 2628 τῶν
338 2565 448 2626 ἁπλῶν·
463 2587 489 2626 τι
509 2565 653 2647 σωμάτων
676 2564 695 2646 η
713 2565 806 2649 ψυχή,
828 2568 886 2627 πᾶν
909 2563 1060 2648 σύγκριμα,
1083 2563 1154 2649 ἐνῷ
1178 2565 1326 2627 καὶτοῦτο
1348 2563 1505 2650 ἐνυπάρχει

252 2669 288 2730 τδ
310 2673 415 2750 σῶμα,
440 2664 574 2751 ἔμψυχόν
597 2689 628 2728 τε
650 2667 698 2728 καὶ
722 2670 798 2748 ζῶον
821 2665 911 2731 ἔσται.
955 2668 982 2730 εἰ
1004 2669 1037 2730 ῦὲ
1060 2667 1200 2751 σύγκριμα
1226 2668 1339 2731 ἐκτῶν
1362 2667 1463 2730 ἁπλῶν
1485 2692 1504 2751 η

253 2773 349 2856 ψυχή,
372 2768 454 2833 ἔσται
476 2769 578 2832 καὶτὸ
601 2768 743 2852 ἡμέτερον
766 2770 785 2852 ἡ
808 2770 901 2853 ψυχή.
945 2766 987 2832 ἔτι
1009 2771 1114 2838 παντὸς
1135 2773 1270 2851 σώματος
1292 2770 1383 2833 οἰκεία
1403 2794 1444 2839 τις
1467 2773 1506 2833 κί-

252 2892 347 2957 νησις,
370 2873 431 2936 οἷον
455 2873 534 2954 ἁπλῆ
558 2873 610 2955 μὲν
632 2875 684 2934 τοῦ
707 2871 810 2955 ἁπλοῦ,
834 2873 920 2956 μικτὴ
944 2874 976 2935 δὲ
999 2877 1048 2935 τοῦ
1071 2871 1211 2936 συνθέτου
1234 2873 1253 2956 ἦ
1274 2873 1348 2936 κατὰ
1369 2873 1402 2935 τδ
1425 2876 1506 2936 πλευ·

212 2992 242 3037 τε
255 2977 355 3051 νὰζον,
378 2980 431 3059 τῆς
452 2975 600 3060 δὲῲυχης
622 2971 744 3057 οὐδεμία
765 2976 869 3058 τοπικὴ
885 2976 994 3059 κίνησις
1016 2975 1117 3038 οἰκεία.
1151 2973 1205 3038 υῦκ
1228 2974 1262 3038 ἂν
1285 2974 1334 3038 οῦν
1357 2973 1424 3038 οὔτε
1447 2980 1504 3038 τῶν

255 3080 369 3153 ἁπλῶν,
392 3075 460 3141 οὔτε
481 3083 539 3141 τῶν
562 3076 709 3141 συνθέτων
731 3075 777 3160 εἴη
794 3079 949 3161 σωμοίτων.
986 3077 1053 3140 οῦδὲ
1075 3078 1129 3162 γὰρ
1151 3079 1181 3141 αἱ
1204 3078 1276 3141 κατὰ
1297 3077 1435 3161 αἴσθησιν
1456 3081 1505 3142 καὶ
1519 3096 1546 3138 κο

237 3180 414 3266 ’φαντασίαν
438 3180 457 3263 ἦ
480 3180 585 3255 πὰθος,
608 3178 692 3243 οὖσαι
714 3179 787 3243 κατὰ
809 3180 979 3255 ἀλλοίωσιν,
1001 3179 1036 3242 οῦ
1059 3182 1173 3244 τυπικαὶ
1196 3186 1248 3265 τῆς
1270 3186 1368 3265 ψυχῆς
1389 3183 1445 3245 εἰσι
1468 3208 1506 3246 κι-

253 3286 353 3368 νήσεις
374 3280 442 3346 καθ’
470 3283 576 3366 αὑτήν,
603 3282 678 3345 ἀλλὰ
700 3285 752 3345 τοῦ
774 3283 1000 3368 συναμφοτέρου.
1045 3281 1087 3347 ἔτι
1109 3283 1136 3346 εἰ
1158 3287 1245 3367 σῶμα
1269 3284 1288 3366 ἡ
1312 3286 1412 3370 ψυχή,
1443 3292 1506 3355 πῶς

254 3386 373 3471 μετέχει
396 3386 428 3448 τὸ
451 3390 538 3466 σῶμα
559 3390 612 3468 τῆς
633 3389 744 3469 ψυχῆς
773 3385 822 3447 καὶ
844 3389 907 3454 πῶς
929 3386 1005 3448 ἐστιν
1028 3387 1047 3470 ἡ
1070 3387 1152 3472 ψυχὴ
1176 3385 1206 3448 ἐν
1229 3385 1325 3471 αῦτηῖ;
1349 3387 1368 3471 ἢ
1390 3388 1443 3472 γὰρ
1466 3393 1506 3458 ῶς

208 3506 240 3550 ευ
255 3491 344 3573 μέρος
370 3486 465 3567 ἔσται,
492 3489 539 3550 καὶ
567 3487 659 3557 υὸτως
685 3486 769 3550 οὐδὲν
796 3491 853 3550 τῶν
880 3487 978 3551 ἄλλων
1005 3494 1100 3573 μερῶν
1127 3492 1178 3552 τοῦ
1201 3491 1337 3572 σώματος
1364 3488 1505 3576 ἔμψυχον,

255 3591 424 3675 μᾶλλονδὲ
449 3590 532 3653 οὐδὲν
556 3589 632 3659 ὅλως
653 3587 786 3675 ἔμψυχον
812 3589 917 3668 αὐτοῦ,
945 3592 1022 3654 ἀλλὰ
1043 3591 1124 3677 ψυχὴ
1151 3592 1198 3654 καὶ
1221 3596 1309 3675 σῶμα
1331 3592 1394 3656 κατ’
1423 3595 1504 3656 ἰδίαν.
1583 3600 1586 3609 “

254 3693 333 3758 ἀλλὰ
355 3692 425 3757 οῦδὲ
447 3696 488 3761 ὡς
508 3693 538 3756 έν
562 3693 668 3777 ἀγγείῳ
692 3699 734 3778 τῷ
755 3695 868 3775 σώματι
891 3693 937 3778 εἴη
961 3693 995 3757 ἄν
1018 3696 1036 3777 ἡ
1059 3694 1151 3778 ψυχή.
1185 3692 1231 3778 εἴη
1254 3695 1309 3777 γὰρ
1332 3693 1366 3757 ἂν
1389 3697 1436 3759 καὶ
1460 3697 1505 3760 υὸ-

255 3820 314 3865 τως
335 3795 394 3881 υῦχ
416 3798 483 3860 ὅλον
505 3793 640 3881 ἔμψυχον
662 3796 694 3859 τδ
717 3801 814 3879 σῶμα.
859 3797 935 3859 ἀλλὰ
956 3795 1024 3858 οῦδὲ
1050 3794 1124 3858 κατὰ
1146 3797 1317 3880 παράθεσιν.
1362 3796 1430 3860 οῦδὲ
1451 3802 1506 3883 γὰρ
1520 3817 1547 3857 ου

254 3901 349 3967 οὸτως
371 3899 439 3961 ὅλον
458 3896 591 3984 ἔμψυχον
613 3897 693 3963 ἔσται
715 3899 748 3961 τὸ
764 3903 860 3997 σῶμα.
895 3902 1003 3979 μᾶλλον
1026 3899 1058 3961 δὲ
1080 3896 1142 3960 οὐδ’
1164 3897 1241 3967 ὅλως
1262 3896 1404 3985 ἔμψυχον.
1439 3900 1506 3964 οῦδὲ

210 4004 311 4086 σσγὰρ
336 4003 385 4065 ἐπὶ
408 4006 459 4064 τοῦ
483 4007 579 4086 σωροῦ
606 4002 636 4064 έν
663 4006 700 4085 τῇ
725 4003 813 4085 κριθῇ
843 4002 859 4064 ὅ
887 4001 984 4086 πυρύς.
1029 4001 1054 4063 εἰ
1077 4001 1109 4063 δὲ
1132 3999 1200 4063 ὅλον
1223 4000 1260 4064 δι’
1288 4003 1372 4077 ὅλου,
1404 4003 1504 4088 ἐπειδὴ

254 4112 313 4171 πᾶν
335 4107 369 4169 τὸ
384 4109 472 4180 σῶμα
495 4102 512 4166 ἕ
535 4111 638 4180 ΙΙμονον,
662 4109 725 4172 πῶς
743 4109 830 4187 σῶμα
852 4104 900 4167 διὰ
922 4106 1057 4186 σώματος
1079 4105 1182 4187 διήκει,
1206 4104 1347 4167 δεικνύναι
1370 4106 1423 4167 δεῖ.
1458 4108 1505 4168 καὶ

253 4211 309 4295 γὰρ
335 4209 399 4285 καί,
427 4208 488 4271 ἐπεὶ
522 4234 547 4270 ιι
575 4213 627 4292 τῆς
655 4211 754 4292 ψυχῆς
780 4206 929 4292 ποιότητες
958 4210 1081 4291 σώματα
1109 4203 1172 4270 κατ’
1200 4205 1306 4275 αὐτοῦς
1332 4208 1380 4269 καὶ
1403 4208 1432 4270 αἱ
1455 4214 1505 4271 τοῦ

254 4316 403 4396 σώματος.
425 4310 520 4374 πολλὰ
542 4311 666 4394 σώματά
687 4309 762 4372 ἐστιν
786 4310 816 4372 ἐν
839 4314 881 4394 τῷ
906 4307 986 4395 αὐτῷ
1010 4310 1057 4373 καὶ
1080 4311 1204 4393 διάφορα
1226 4307 1262 4371 δι’
1289 4311 1424 4392 ἀλλήλων
1447 4313 1506 4394 διή-

199 4486 509 4495 ---—--—-—--..--
525 4486 542 4491 -
559 4486 603 4491 ...-

143 4640 151 4655 ,
202 4581 347 4641 Ηυτίαέσυ
365 4585 422 4639 οῦδὲ
529 4584 643 4654 ἳαῦτλγν
662 4587 701 4637 Ka
806 4583 1038 4654 ὅσυνέχετεταιλί
1140 4583 1298 4654 4ἀσιύματα
1318 4585 1357 4636 Ka
1463 4585 1559 4638 ῦαῦτῦ

201 4676 265 4727 vna
372 4672 468 4742 δπᾰν]
487 4678 578 4740 postv
600 4673 733 4741 paululum
753 4673 895 4724 erasumV
1004 4672 1166 4742 9ταυτὴνκι
1273 4672 1305 4724 10
1322 4671 1397 4724 τόνου
1416 4670 1490 4739 ἀλλὰ]
1510 4675 1558 4724 υά

201 4765 230 4815 in
248 4762 290 4814 lit.
302 4761 321 4809 V
428 4760 492 4813 ἀλλὰ
511 4760 532 4812 τί
551 4761 586 4813 V:
605 4758 657 4812 ἀλλ’
678 4760 716 4812 ἀεὶ
735 4761 770 4812 K:
793 4758 845 4811 ἀλλ’
866 4759 913 4812 αἰεὶ
932 4776 960 4811 a:
978 4777 1019 4813 ex.
1039 4762 1105 4813 vict.
1125 4762 1153 4812 in
1173 4776 1224 4821 ωγῑ.
1242 4772 1280 4829 γρ.
1298 4759 1325 4811 ἐν
1435 4759 1465 4810 Ιὲλ
1493 4759 1559 4811 ἀσώ-

200 4866 282 4917 ματος
301 4849 339 4900 Ka
450 4848 480 4898 14
499 4847 535 4917 μὴ
553 4848 597 4898 καλ
616 4848 667 4899 Ka:
685 4849 729 4901 καλ
748 4847 784 4917 μὴ
804 4848 824 4898 V
936 4847 966 4899 19
984 4848 1212 4918 πεφυσσημένοςλί
1319 4846 1389 4916 αύτῷ
1410 4848 1473 4898 λ’Κυ

202 4936 236 4991 23
255 4936 365 4990 fortasse
382 4936 505 5008 ἡμέτερον
523 4943 597 5005 σῶμα
703 4935 737 4989 25
755 4933 813 4988 οὔτε
831 4935 854 4987 V
874 4952 915 4989 ex.
935 4936 1006 4988 vict:
1026 4933 1083 4988 ὄντα
1101 4936 1141 4988 Ka
1246 4936 1281 4988 38
1298 4934 1409 4988 fortasse
1427 4933 1495 4988 ἔσται

1312 5021 1358 5090 8*
