3540 5610
686 326 889 381 ALEXANDRI
913 328 956 381 DE
981 329 1087 382 ΑΝΙΜΑ
1523 333 1564 395 63

261 497 429 582 κινούμενον
457 482 561 572 σώζειν
591 523 617 564 τι
644 502 692 564 καί
715 500 892 570 ἀπελθόντος
914 507 966 566 τοῦ
989 503 1131 586 αἰσθητοῦ
1159 502 1241 587 ἴχνος
1267 507 1319 586 τῆς
1342 501 1392 566 ἀπ’
1421 503 1510 565 αὐτοῦ

261 603 406 686 κινήσεως
427 600 474 665 διὰ
496 607 549 686 τῆς
564 604 722 687 φαντασίας
744 605 836 667 καίτοι
858 604 961 689 μηκέτι
983 609 1034 668 τοῦ
1055 605 1196 687 αἰσθητοῦ
1219 604 1367 689 παρόντος.
1403 608 1429 670 οἱ
1445 609 1512 687 γοῦν

264 706 324 765 τῶν
346 703 461 789 σφόδρα
481 707 595 768 λευκῶν
617 705 823 790 αἰσθανόμενοι
849 704 954 792 ἔχουσί
977 732 1039 771 τινα
1061 707 1312 793 ἐγκαταλείμματα
1334 709 1363 771 ἐν
1387 715 1423 792 τῇ
1447 706 1513 792 ὄψει

262 810 317 890 τῆς
337 804 390 869 ἀπ’
411 807 507 870 αὐτῶν
530 809 672 893 κινήσεως
693 808 786 871 καίτοι
807 806 908 893 μηκέτ’
934 810 1051 873 ἐκείνων
1074 809 1238 893 παρόντων·
1262 810 1297 874 οὐ
1319 811 1372 896 γὰρ
1394 836 1414 894 η
1437 810 1510 893 αὐτὴ

233 910 372 993 σκίνησις
398 910 457 973 υἰπδ
484 915 542 975 τῶν
568 911 719 994 αἰσθητῶν
747 916 807 980 τοῖς
832 935 863 974 τε
893 913 1018 998 ἀψύχοις
1044 913 1092 976 καί
1118 916 1177 982 τοῖς
1204 912 1346 998 ἐμψύχοις
1370 916 1511 994 σώμασιν.

263 1012 284 1095 ἦ
307 1013 461 1096 δυνήσεται
482 1013 575 1083 ούτως
596 1016 714 1098 ἠκοινὴ
738 1013 874 1097 αἴσθησις
896 1014 957 1097 ἅμα
979 1016 1030 1084 τὰς
1052 1015 1191 1099 διαφορὰς
1212 1015 1358 1099 γνωρίζειν
1380 1022 1438 1079 τῶν
1454 1019 1511 1079 δια-

264 1113 364 1197 φόρων
387 1115 551 1199 αἰσθητῶν,
581 1117 608 1179 εἰ
629 1121 672 1199 τῇ
688 1109 749 1199 μὲν
771 1116 801 1180 ἓν
824 1116 870 1200 εἴη
900 1118 932 1180 τὸ
954 1116 1138 1201 αἰσθητικόν,
1166 1122 1208 1199 πῇ
1238 1119 1271 1181 δὲ
1292 1118 1384 1180 πλείω
1410 1141 1441 1181 τε
1463 1118 1511 1180 καί
1525 1133 1552 1175 κο

262 1217 472 1302 διαιρούμενον.
518 1222 559 1287 ῶς
580 1218 633 1303 γὰρ
661 1219 708 1282 ἐπὶ
735 1219 841 1283 κύκλου
868 1221 898 1283 αἱ
924 1220 982 1283 αἰπδ
1010 1219 1263 1307 τῆςοπεριφερείας
1290 1210 1380 1282 αὐτοῦ
1408 1220 1456 1284 ἐπὶ
1478 1222 1511 1283 τὸ

262 1318 379 1404 κέντρον
403 1321 636 1405 ἐπιζευγνύμεναι
662 1319 746 1386 ούσαι
767 1323 872 1385 πολλαὶ
899 1326 990 1386 πᾶσαι
1012 1320 1087 1385 κατὰ
1113 1323 1146 1385 τὸ
1170 1321 1259 1406 πέρας
1281 1322 1351 1385 εἰσὶν
1374 1323 1404 1385 αἱ
1426 1321 1511 1386 αύταί

223 1438 250 1480 1⁰
263 1428 306 1506 τῷ
328 1425 366 1486 τά
388 1446 420 1486 τε
445 1423 556 1508 πέρατα
583 1422 680 1486 αἰιτῶν
703 1396 876 1508 ἐφαρμόζειν
903 1430 948 1511 τῷ
977 1429 1027 1488 τού
1054 1424 1161 1488 κύκλου
1188 1424 1297 1510 κέντρῳ
1324 1426 1372 1488 καί
1395 1423 1456 1489 ἔστι
1476 1426 1510 1488 τδ

263 1526 354 1610 πέρας
376 1529 462 1589 τοῦτο
484 1524 516 1587 έν
536 1549 569 1588 τε
591 1527 640 1590 καὶ
662 1528 771 1600 πολλά,
798 1527 926 1592 καθόσον
949 1529 1001 1612 μέν
1024 1529 1140 1590 πολλῶν
1163 1527 1224 1590 ἐστι
1247 1529 1295 1590 καὶ
1317 1525 1510 1612 διαφερόντων

263 1628 364 1712 πέρας,
387 1629 490 1701 πολλά,
513 1628 642 1693 καθόσον
657 1630 690 1693 δέ
705 1631 797 1693 πάντα
819 1631 956 1715 ἀλλήλοις
971 1630 1147 1715 ἐφήρμοσεν,
1170 1629 1211 1699 έν,
1234 1629 1327 1699 ούτως
1342 1628 1420 1716 ἔχειν
1443 1629 1511 1692 ύπο·

262 1731 389 1816 ληπτέον
412 1732 461 1794 καί
483 1733 535 1815 τὴν
558 1732 656 1814 κοινὴν
678 1731 814 1816 αἴσθησιν
840 1733 873 1796 τὸ
896 1734 926 1796 έν
948 1757 980 1796 τε
1001 1734 1049 1797 κοιλ
1077 1724 1179 1796 πολλοί.
1226 1738 1268 1817 τῷ
1293 1733 1421 1817 μὲνγὰρ
1445 1733 1509 1796 έκά-

262 1855 333 1916 στης
361 1836 419 1895 τῶν
451 1834 498 1897 διὰ
525 1838 583 1897 τῶν
609 1833 807 1918 αἰσθητηρίων
836 1836 991 1920 γινομένων
1018 1838 1159 1922 κινήσεων
1186 1835 1244 1898 ἀπὸ
1272 1842 1329 1898 τῶν
1359 1835 1510 1919 αἰσθητῶν
1523 1852 1552 1894 ου

218 1946 246 1994 15
261 1936 293 1998 ἐν
315 1939 359 2020 τῷ
375 1935 495 2021 ἐσχάτῳ
519 1936 701 2020 αἰσθητηρίῳ
724 1937 813 2020 πέρας
834 1937 906 2000 εἰναι
929 1939 980 2022 τὴν
1002 1938 1175 2022 αἰσθητικὴν
1197 1937 1317 2021 δύναμιν
1338 1938 1442 2024 (μέχρι
1455 1939 1510 2023 γὰρ
1589 2007 1592 2013 ,

260 2037 374 2101 ἐκείνου
395 2039 444 2102 καί
464 2037 510 2101 ἐπ’
531 2039 625 2102 ἐκεῖνο
647 2041 667 2123 ἡ
688 2040 747 2103 άπὸ
769 2045 827 2104 τῶν
843 2039 991 2124 αἰσθητῶν
1014 2040 1061 2104 διὰ
1083 2046 1141 2104 τῶν
1157 2040 1354 2126 αἰσθητηρίων
1370 2043 1511 2126 διάδοσις)

259 2140 356 2203 πολλὰ
378 2138 473 2215 ἔσται,
500 2144 616 2205 πολλῶν
643 2149 691 2207 καὶ
713 2142 859 2229 διαφόρων
881 2145 1023 2226 κινήσεων
1044 2142 1180 2231 γινομένη
1206 2144 1310 2228 πέρας,
1338 2148 1381 2230 τῷ
1409 2145 1442 2207 δέ
1465 2145 1510 2207 δύ-

258 2266 345 2326 ναμις
366 2243 524 2327 ἀσώματος
545 2243 618 2308 εἰναι
640 2245 748 2328 ὁμοίως
770 2266 789 2329 η
811 2245 885 2330 αύτὴ
908 2246 1014 2315 παντός
1036 2269 1067 2310 τε
1089 2244 1161 2309 ούσα
1183 2251 1234 2309 τοῦ
1256 2247 1385 2332 ἐσχάτου
1408 2246 1509 2331 αἰσθη·

257 2346 359 2429 τηρίου
382 2348 430 2410 καὶ
453 2349 577 2412 ἑκάστου
600 2347 705 2432 μέρους
722 2347 822 2423 αὐτού,
845 2347 1004 2433 ἀδιαίρετός
1026 2372 1058 2411 τε
1080 2346 1160 2412 ἔσται
1182 2350 1230 2412 καί
1253 2349 1313 2432 μία.
1348 2347 1379 2411 ἓν
1402 2349 1438 2433 δὴ
1456 2340 1509 2413 ’καί

212 2465 243 2507 ευ
258 2448 318 2533 οὐχ
339 2448 372 2511 ἓν
399 2451 417 2533 ἡ
440 2450 606 2533 δύναμις-ἠ
628 2450 794 2536 αἰσθητική.
839 2449 858 2536 ᾖ
884 2452 935 2535 μὲν
962 2449 1011 2514 ούν
1034 2450 1090 2536 οἰνχ
1113 2450 1157 2526 έν,
1186 2451 1260 2514 ἀλλὰ
1283 2451 1389 2521 πλείω,
1415 2452 1507 2536 ταύτη

257 2553 308 2615 καὶ
332 2550 472 2616 πλειόνων
496 2554 559 2636 ἅμα
577 2553 750 2638 αἰσθήσεται
772 2555 820 2617 καί
840 2553 1034 2638 διαφερόντων
1056 2558 1099 2640 τῷ
1121 2551 1189 2617 καθ’
1211 2553 1333 2617 ἕκαστον
1356 2554 1442 2638 μέρος
1457 2559 1508 2619 τοῦ
1522 2573 1550 2614 ω

258 2656 453 2740 αἰσθητηρίου
481 2657 645 2742 πάσχοντος
671 2656 865 2720 αἰσθάνεσθαι
889 2660 940 2720 τού
963 2657 1076 2726 πάθους
1103 2658 1150 2721 διὰ
1176 2659 1210 2721 τὸ
1238 2656 1312 2721 εἰναι
1337 2656 1456 2741 δύναμίς
1477 2682 1509 2722 τε
1595 2678 1597 2681 ·

258 2759 308 2821 καὶ
330 2758 421 2842 πέρας
439 2759 573 2839 ἑκάστου,
596 2754 618 2844 ᾗ
644 2760 676 2823 δέ
695 2761 788 2823 πάντα
811 2759 846 2822 τά
866 2759 976 2843 πέρατα
998 2759 1029 2822 έν
1050 2759 1080 2821 τί
1096 2759 1172 2823 ἐστιν
1195 2760 1243 2823 καὶ
1265 2758 1368 2823 ταύτόν
1389 2756 1431 2845 (ᾧ
1454 2761 1507 2846 γὰρ

258 2862 293 2924 τὸ
316 2865 369 2945 της
389 2858 443 2944 ἀφ’
464 2862 528 2931 ένδς
549 2861 747 2946 αἰσθητηρίου
764 2861 916 2946 γινομένης
937 2863 1079 2947 κινήσεως
1100 2861 1260 2948 ἐφαρμόζει
1281 2863 1392 2946 πέρατι,
1414 2863 1508 2948 τούτῳ

214 2979 247 3023 25
261 2964 311 3027 καὶ
334 2963 370 3026 τά
384 2969 444 3026 τῶν
466 2963 563 3027 ἄλλων
579 2964 712 3049 ὁμοίως),
735 2964 826 3047 ταύτη
848 2965 882 3027 δὲ
896 2967 937 3033 ῶς
959 2965 1001 3026 ένί
1020 2963 1072 3033 τὰς
1091 2965 1206 3027 πάντων
1227 2963 1325 3028 αύτῶν
1340 2967 1430 3049 κρίνει
1451 2967 1508 3030 δια-

258 3068 363 3152 φοράς,
386 3065 454 3130 όταν
477 3067 539 3147 ἅμα
560 3069 590 3130 αἱ
613 3066 664 3131 ἀπ’
692 3066 938 3161 αἰετῶνκινησεις
957 3066 1109 3149 γένωνται,
1137 3066 1229 3135 ούτως
1249 3090 1280 3130 τε
1303 3068 1455 3152 δυνήσεται
1477 3069 1508 3132 έν

259 3193 286 3232 τι
312 3169 344 3233 δν
366 3169 414 3231 καὶ
432 3160 596 3253 ιοἰδιαίρετον
618 3171 649 3234 ἐν
664 3170 818 3254 ἀδιαιρέτῳ
840 3192 872 3233 τε
893 3171 939 3233 καὶ
962 3173 1082 3254 συνεχεῖ
1095 3168 1194 3255 χρόνῳ
1215 3168 1362 3254 γνωρίζειν
1383 3170 1435 3240 τὰς
1450 3177 1508 3234 τῶν
1521 3189 1549 3231 ιο

259 3268 445 3355 ἀνομογενῶν
468 3273 617 3355 αἰσθητῶν
639 3275 788 3377 δηαφοράς.
823 3275 863 3341 ῶς
884 3273 917 3335 δέ
936 3272 984 3335 ἐπὶ
1006 3277 1064 3335 τῶν
1083 3273 1267 3355 ἀνομογενῶν
1289 3269 1439 3357 αἰσθητῶν
1462 3275 1508 3338 ού-

200 3528 293 3599 2διὰ]
313 3531 341 3582 in
446 3529 517 3600 γοῦν]
536 3532 605 3584 denn
711 3528 974 3600 4τΐης-κινησεως]
994 3545 1045 3582 von
1063 3529 1108 3582 der
1126 3530 1283 3600 Bewegung‚
1301 3533 1395 3586 welche
1414 3547 1465 3585 ven
1480 3533 1560 3601 jenen

200 3620 241 3670 im
260 3616 383 3670 Geeichte
401 3634 453 3670 wer
558 3617 706 3686 ύσῶμασιν
725 3632 775 3670 om.
881 3615 974 3688 8γιλρ]
993 3617 1046 3670 und
1153 3617 1222 3670 8-9
1240 3619 1266 3671 αἰ
1284 3618 1441 3672 ἀπδ-ούσαι
1459 3618 1560 3688 πολλαὶ]

200 3705 248 3756 die
266 3703 380 3772 gereden
398 3703 507 3769 Limen,
530 3706 624 3759 welche
647 3706 857 3759 hineinkommen
883 3705 1010 3757 zwischen
1034 3706 1115 3758 ihren
1134 3705 1304 3773 Mittelpunkt
1324 3707 1378 3760 und
1401 3709 1481 3760 ihrem
1501 3708 1561 3762 Um-

201 3791 278 3861 fnng,
297 3807 371 3845 πειτα
390 3792 428 3845 eie
447 3793 513 3845 euch
533 3793 599 3847 viele
617 3793 678 3846 eind
774 3793 805 3845 10
824 3790 984 3862 ἐφαρμόζειν]
1003 3793 1153 3845 verbunden
1173 3793 1232 3845 sind
1250 3795 1298 3847 mit
1317 3795 1374 3848 dem
1393 3794 1562 3863 Mittelpunkt

204 3879 239 3931 12
257 3877 351 3948 πολλὰ]
369 3880 414 3932 ein
433 3878 518 3932 violes
626 3880 658 3934 13
676 3879 842 3950 τδ-πολλὰ]
862 3879 935 3948 [men
953 3895 1024 3932 muse
1043 3880 1098 3933 sich
1117 3879 1277 3949 verstellen]‚
1295 3881 1356 3934 dass
1374 3883 1412 3934 eie
1431 3884 1489 3936 eine
1507 3883 1561 3936 und

202 3967 266 4019 dass
285 3967 324 4019 eie
341 3966 407 4020 tiele
425 3968 463 4019 sei
567 3968 597 4019 17
616 3967 742 4039 διαφόρων
761 3982 811 4021 om.
911 3967 943 4019 18
961 3964 1055 4036 ὁμοίως
1073 3966 1089 4036 η
1108 3965 1185 4036 αδτή]
1204 3968 1230 4019 in
1250 3968 1322 4021 einer
1339 3967 1427 4023 Weise
1444 3970 1500 4022 und
1518 3972 1562 4024 ein

201 4053 258 4106 und
278 4053 398 4108 duselbe
472 4055 502 4107 19
521 4056 565 4107 καὶ
582 4063 643 4109 ente
661 4055 706 4125 μία
724 4070 774 4108 om.
846 4053 950 4107 ’ΖΙ-*23
968 4057 1007 4124 τῳ
1024 4052 1244 4122 καθ’-ἐκάκου]
1264 4070 1338 4108 πειτα
1354 4055 1427 4124 jeder
1445 4057 1562 4111 einzelne

202 4155 256 4193 τοα
275 4140 327 4194 den
346 4141 439 4194 Teilen
455 4137 501 4194 θευ
520 4142 761 4208 πείιταεθιιιευύευ,
779 4142 905 4196 ιιαοθιίοω
924 4158 951 4195 er
970 4141 1011 4194 die
1029 4141 1098 4210 Sper
1115 4141 1314 4211 ausgenemmen
1332 4144 1386 4207 het,
1404 4143 1476 4198 diese
1494 4145 1563 4213 Sper

203 4228 379 4293 nemim,
397 4229 454 4282 weil
473 4230 511 4283 sie
530 4229 607 4282 Kreft
624 4230 678 4282 und
697 4230 769 4283 Ende
787 4233 823 4284 ist
840 4229 881 4283 ἰύτ
896 4230 975 4300 Jeden
994 4228 1130 4282 einzelnen
1148 4229 1282 4283 derselben
1398 4230 1511 4286 23-25
1539 4228 1562 4303 ηἶ

202 4313 403 4384 γάρ-δμοίως]
424 4317 512 4370 indem
531 4316 649 4370 desselbe
667 4316 746 4385 Ding‚
764 4318 851 4371 wemit
868 4318 915 4370 des
934 4316 1006 4370 Ende
1024 4316 1070 4369 der
1088 4316 1246 4385 Bewegung,
1263 4316 1372 4370 welches
1391 4319 1470 4372 durch
1489 4321 1561 4373 eines

202 4401 248 4454 der
261 4402 456 4472 Sinneeorgane
468 4403 623 4469 stettfindet,
641 4405 706 4457 auch
726 4405 775 4457 mit
791 4404 842 4457 den
855 4404 945 4457 Endon
963 4404 1009 4456 der
1025 4403 1135 4472 fibrigen
1146 4403 1330 4472 Bewegungen
1348 4405 1376 4458 in
1389 4408 1461 4460 einer
1472 4407 1562 4461 Weise

204 4490 415 4544 fibereinstimmt
521 4490 555 4545 25
578 4490 615 4550 ῶς
632 4492 668 4545 ένλ
686 4490 774 4563 κρίνει]
795 4492 833 4545 sie
853 4491 970 4555 erkennt,
988 4490 1045 4543 weil
1062 4491 1100 4543 eie
1119 4491 1162 4543 ein
1181 4490 1251 4559 Ding
1270 4492 1304 4544 ist
1410 4494 1443 4546 26
1465 4513 1492 4546 τε
1511 4510 1561 4547 om.

203 4575 308 4629 26-ss
326 4576 538 4649 ίν-θδιαίριτον]
558 4579 612 4633 dae
631 4581 689 4633 eine
707 4579 852 4633 unteilbare
871 4578 941 4647 Ding
1046 4578 1078 4629 27
1098 4595 1125 4629 τε
1143 4578 1187 4630 καὶ
1205 4593 1255 4630 om.

202 4801 310 4872 7251&
414 4803 446 4855 18
463 4804 602 4862 mean
621 4805 657 4859 v:
675 4803 836 4857 πεπιτιο
938 4801 970 4854 τι
989 4801 1018 4854 τι
1037 4803 1104 4869 (ου.
1124 4802 1211 4875 περιρ
1232 4802 1266 4855 v:
1286 4805 1358 4881 τρι
1459 4773 1567 4860 νοιιιί

202 4898 273 4942 tasse
291 4897 371 4962 κρινεῖ
387 4896 417 4942 ut
437 4890 581 4960 αἰσθήσεται
600 4892 642 4958 (θί
664 4893 696 4944 εἰ.
708 4892 752 4957 ’26)
