3540 5610
680 315 883 370 ALEXANDRI
907 315 951 369 DE
975 315 1084 369 ΑΝΙΜΔ

259 486 397 550 δείκνυσίν
413 512 454 550 τι·
479 489 531 572 τἠν
553 487 607 573 γὰρ
629 487 776 571 αἴσθησιν,
799 487 824 550 εἰ
845 487 896 570 μὲν
920 488 961 554 ὡς
981 487 1014 549 τδ
1037 487 1225 572 αἰσθητήριον
1248 488 1397 573 λαμβάνει,
1421 492 1507 568 σῶμα

259 590 312 671 μὲν
335 590 367 652 τό
389 589 621 674 λαμβανόμενον,
651 587 711 654 ἀλλ’
743 589 777 652 οὑ
804 595 857 672 τῆς
879 593 979 674 ψυχῆς
1006 588 1106 673 μέρος,
1135 589 1160 652 εἰ
1187 591 1219 652 δὲ
1242 594 1283 660 ὡς
1309 591 1361 674 τὴν
1389 590 1506 672 δόναμιν

259 692 312 774 τήν
327 693 510 776 αἰσθητικήν,
534 693 621 778 μέρος
637 694 688 776 μὲν
704 697 813 777 ψυχῆς,
837 692 895 755 ἀλλ’
917 691 950 755 οὐ
968 696 1054 773 σῶμα
1073 693 1205 777 λήψεται.
1240 694 1288 756 καὶ
1303 692 1356 776 γὰρ
1379 693 1406 754 εί
1421 698 1507 774 σῶμα

258 795 278 875 ή
302 797 400 880 ψυχή,
428 797 476 858 καὶ
503 800 589 878 σῶμα
611 795 669 880 οὑχ
696 799 736 864 ὡς
758 797 776 877 ή
801 794 872 878 ὑλη,
898 792 979 858 ἔσται
1002 793 1032 862 έξ
1055 794 1125 878 ὑλης
1147 797 1195 858 καὶ
1217 794 1324 866 εἴδους,
1351 793 1381 857 εί
1395 819 1427 878 γε
1449 798 1506 857 πᾶν

230 903 349 978 ῐισιῖιμα
370 896 432 960 κατ’
461 897 565 968 αὑτοὺς
588 904 630 982 τῷ
655 897 732 981 παρὰ
754 897 806 979 τὴν
831 897 901 980 ὑλην
923 900 1060 960 τοιοῦτον.
1103 895 1162 960 ἀλλ’
1190 899 1216 959 εἰ
1238 901 1333 973 τοῦτο,
1356 895 1436 961 ἔσται
1459 896 1506 959 καὶ

258 999 289 1060 ἐν
317 999 420 1083 ἐκείνῳ
449 1005 491 1084 τῷ
519 1003 632 1082 σιὺματι
661 1001 694 1062 τδ
724 999 799 1067 εἶδος
830 1001 849 1082 ή
878 1001 969 1084 ψυχή.
1019 999 1045 1061 εί
1070 997 1123 1083 γὰρ
1150 1000 1182 1062 τὸ
1211 1000 1396 1080 ὑποκείμενον
1425 998 1506 1083 αὐτῷ

258 1106 347 1181 σῶμα
369 1102 435 1165 τόδε
458 1126 483 1164 τι
499 1102 530 1166 δν
553 1105 602 1167 καὶ
625 1101 692 1165 καθ’
713 1102 784 1165 αὑτδ
808 1101 984 1186 ὑφίστασθαι
1000 1103 1155 1184 δυνάμενον
1178 1101 1236 1164 εἴτε
1258 1106 1372 1185 πνεῦμα
1395 1101 1426 1165 δν
1450 1101 1508 1166 εἴτε
1521 1118 1548 1160 τι

258 1190 379 1266 ἄλλο’τι
406 1204 460 1268 οὑκ
482 1203 628 1290 ἔμψυχον,
661 1205 676 1266 δ
704 1205 862 1288 σωζομένῳ
890 1209 932 1288 τῷ
961 1206 1074 1287 σώματι
1096 1204 1189 1289 τοὺτιρ
1217 1204 1437 1289 προσγινόμενον
1459 1203 1507 1289 ἔμ-

259 1311 354 1389 ψυχον
376 1306 448 1369 αὐτὸ
472 1308 501 1376 ἐξ
523 1308 639 1392 ἀψὺχου
663 1312 748 1382 ποιεῖ,
770 1307 848 1370 τοῦτ’
878 1305 911 1369 ἂν
934 1305 980 1389 είη
1002 1308 1022 1390 ή
1045 1307 1127 1392 ψυχὴ
1152 1304 1214 1369 κατ’
1242 1306 1356 1378 αὐτούς.
1398 1308 1431 1371 οὑ
1454 1307 1507 1392 γὰρ

217 1422 246 1465 10
258 1407 321 1470 οἷόν
348 1433 379 1472 τε
406 1409 497 1492 λέγειν
527 1411 600 1473 κατὰ
630 1411 681 1493 τὴν
709 1415 761 1494 τῆς
788 1408 940 1493 ποιότητος
966 1413 1008 1493 τῷ
1041 1409 1180 1491 πνεὺματι
1212 1411 1383 1494 προσθήκην
1408 1410 1506 1494 ψυχήν

258 1512 388 1594 γίνεσθαι
411 1513 443 1573 τό
465 1517 588 1595 πνεῦμα.
634 1513 660 1574 εἰ
683 1513 734 1595 μέν
757 1513 811 1596 γὰρ
834 1515 853 1595 ή
876 1517 928 1596 τής
950 1509 1103 1599 ποιότητος
1125 1513 1279 1597 προσθήκη
1302 1517 1344 1596 τῷ
1368 1513 1508 1595 πνεύματι

261 1608 336 1676 κάτά
359 1614 410 1696 τὴν
434 1613 532 1678 οὐσίαν
555 1615 645 1678 ἐποίει
671 1619 721 1677 τοὺ
745 1615 905 1696 πνεόματος
934 1615 1110 1700 μεταβολήν,
1138 1615 1204 1698 ἐνῆν
1228 1615 1319 1698 λέγειν
1345 1615 1387 1683 εἰς
1408 1615 1508 1699 ψυχήν

259 1717 434 1810 τὺιπνεὺμα
462 1718 659 1802 μεταβαλλειν.
708 1718 733 1780 εἰ
760 1718 793 1780 δὲ
818 1718 867 1780 καί
901 1706 974 1800 μετά
1000 1718 1051 1800 τήν
1078 1722 1129 1800 τῆς
1159 1716 1310 1800 ποιότητος
1336 1718 1507 1802 προσθήκην
1521 1735 1549 1777 4ο

260 1818 340 1900 μένει
361 1825 489 1900 πνεῦμα,
518 1819 571 1882 οὑκ
594 1819 629 1903 ήν
652 1812 787 1904 δὲ’βοχὴ
811 1821 844 1883 τδ
867 1823 995 1902 πνεῦμα,
1026 1818 1087 1883 οόδ’
1116 1818 1149 1883 ἀν
1172 1822 1191 1902 ή
1214 1821 1425 1906 προστιθεμένη
1449 1846 1507 1885 ποι-

220 1938 247 1980 15
259 1922 331 2005 ότης
353 1922 433 2007 αὑτῷ
458 1924 556 2009 ψυχήν
578 1923 649 1986 αὑτὸ
665 1928 744 1985 ποιοῖ
765 1924 815 1986 ἅτε
832 1925 872 2007 μή
889 1922 1109 2006 μεταβάλλουσα
1131 1922 1221 1985 αὑτοῦ
1236 1924 1287 2006 τὴν
1310 1922 1418 1998 οὐσίαν,
1441 1923 1502 1986 ἀλλ’
1545 1934 1550 1943 ”

259 2024 333 2088 οὖσα
359 2018 545 2110 συμβεβηκός
579 2050 604 2088 τι
634 2031 675 2106 τῷ
704 2026 853 2107 πνεὺματι.
888 2025 985 2089 -οὑδὲν
1012 2025 1066 2109 γὰρ
1095 2030 1181 2106 σῶμα
1214 2027 1336 2110 φυσικδν
1370 2026 1410 2110 μὴ
1440 2024 1502 2089 κατ’

259 2127 361 2191 οὑσίαν
388 2129 567 2212 μεταβάλλον
594 2129 654 2192 οἷόν
682 2153 723 2191 τε-
740 2129 769 2197 ἐξ
796 2128 887 2212 ἄλλης
913 2127 1028 2212 φύσεως
1054 2128 1096 2196 εἰς
1123 2126 1213 2211 ἀλλην
1235 2128 1296 2191 τινδι
1324 2134 1507 2214 μεταστῆναι.

259 2229 335 2313 άλλη
358 2231 391 2293 δὲ
412 2232 496 2316 ρὺσις
519 2238 615 2316 ψυχῆς
642 2256 674 2294 τε
696 2234 744 2294 καὶ
768 2231 938 2314 πνεύματος.
980 2229 1014 2292 οδ
1037 2230 1090 2314 γὰρ
1116 2231 1152 2313 δή
1176 2229 1256 2312 γένος
1278 2229 1338 2293 οἷόν
1361 2254 1392 2293 τε
1415 2215 1507 2314 λέγείν

257 2338 312 2417 τής
334 2339 447 2420 ψυχῆς·
462 2336 494 2398 τδ
517 2340 644 2417 πνεῦμα,
672 2333 741 2419 ἔχον
768 2333 923 2420 ὑπόστασιν
951 2330 1018 2397 καθ’
1046 2331 1126 2395 αὑτό.
1171 2332 1254 2396 οὐδὲν
1276 2334 1330 2418 γὰρ
1353 2333 1433 2416 γένος
1455 2359 1509 2397 τοι·

220 2451 248 2494 κο
262 2441 357 2515 οὑτον,
382 2441 421 2506 ὡς
441 2439 598 2521 ὑφεστάναι
620 2435 687 2500 καθ’
716 2435 796 2500 αὑτό.
822 2436 825 2519 ή

345 2539 381 2603 Οἱ
404 2542 436 2603 δὲ
451 2541 581 2623 λέγοντες
603 2539 679 2610 εἶδος
703 2540 753 2623 μὲν
769 2538 842 2602 εἶναι
861 2542 913 2624 τήν
936 2539 1034 2624 ψυχήν
1050 2543 1100 2600 τοὺ
1116 2541 1261 2620 σώματος,
1284 2538 1314 2601 ἓν
1335 2539 1367 2602 δέ
1388 2562 1414 2602 τι
1429 2544 1486 2602 τῶν
1507 2556 1562 2602 mv

263 2643 460 2726 ὑποκειμένων
487 2644 517 2705 ἐν
545 2648 589 2728 τιγῑ
615 2624 684 2727 1ξιγίιρ
712 2644 857 2725 σωμάτων
883 2647 1031 2711 ποιοῦντες
1052 2640 1159 2725 αὐτήν,
1185 2642 1245 2705 οἶον
1267 2641 1370 2726 τδρ-ἣ
1394 2641 1467 2726 ἀέρα
1489 2642 1510 2727 ή

261 2769 288 2806 τι
308 2745 390 2821 ἀλλο,
413 2747 603 2810 λανθάνουσιν
619 2746 724 2814 αὑτοὺς
745 2747 778 2808 τδ
800 2745 885 2830 μέρος
907 2751 959 2830 τής
979 2736 1049 2827 ὑλης
1071 2743 1147 2812 εἶδος
1168 2749 1219 2828 τής
1240 2747 1342 2828 λοιπής
1365 2745 1435 2830 ὑλης
1449 2771 1508 2810 τοι·

259 2852 367 2921 οῦντες,
391 2854 475 2912 τοῦτο
498 2850 530 2911 δὲ
546 2848 663 2911 ἄτοπον.
698 2848 772 2932 ἀλλη
795 2850 849 2933 γὰρ
865 2848 948 2933 φὺσις
964 2847 1058 2918 εἴδους
1079 2871 1110 2911 τε
1129 2848 1178 2911 καὶ
1200 2848 1279 2930 ὑλης,
1303 2851 1344 2916 ὡς
1359 2847 1508 2913 δέδεικται.
1537 2868 1551 2908 ο

219 2966 246 3009 23
260 2952 293 3012 τδ
317 2952 367 3033 μὲν
390 2953 445 3035 γὰρ
468 2952 668 3034 ὑποκείμενον,
691 2953 723 3014 τὸ
747 2953 779 3014 δὲ
801 2952 831 3014 ἐν
853 2952 969 3037 ἐκείνῳ,
992 2952 1040 3014 καὶ
1062 2951 1171 3033 τὸμὲν
1194 2948 1454 3035 σχηματιζόμενον,
1475 2953 1509 3016 τὸ

259 3054 292 3116 δὲ
313 3052 383 3146 καθ’
413 3055 429 3117 ὑ
452 3055 675 3140 σχηματίζεται,
705 3055 900 3140 ἀκολουθήσει
927 3078 958 3116 τε
985 3058 1045 3122 τοῖς
1070 3053 1162 3122 οὑτως
1188 3053 1320 3135 λέγουσιν
1342 3054 1508 3138 τελειότητα

260 3162 318 3219 τῶν
342 3161 451 3219 λοιπῶν
478 3162 564 3240 τριῶν
592 3159 737 3240 σωμάτων
764 3157 856 3240 λέγειν
884 3158 916 3219 τό
943 3161 999 3241 πῦρ
1027 3157 1046 3240 ή
1074 3157 1121 3218 τδν
1144 3154 1230 3239 ἀέρα,
1255 3157 1301 3218 καὶ
1324 3157 1376 3240 τήν
1398 3156 1508 3238 γένεσιν

262 3257 341 3343 ἔχειν
369 3259 441 3321 αὑτδ
465 3259 498 3321 ἐκ
520 3265 572 3342 τῆς
594 3260 710 3322 ἐκείνων
734 3260 852 3341 μίξεως·
886 3265 1013 3323 τοιοῦτον
1035 3258 1088 3342 γὰρ
1117 3261 1135 3342 ή
1160 3259 1313 3342 τελειότης.
1359 3259 1451 3329 οὑτως
1476 3262 1509 3324 δὲ

264 3360 358 3424 οὐκέτ’
388 3360 422 3423 ἀν
446 3362 555 3424 ἁπλοῦν
583 3362 629 3444 εἴη
653 3368 747 3446 σῶμα.
793 3360 818 3447 ᾧ
846 3364 899 3446 γὰρ
926 3365 945 3446 ή
968 3361 1076 3444 γένεσις
1102 3361 1136 3424 ἐκ
1158 3361 1262 3444 μίξεως
1290 3360 1430 3425 πλειόνων
1453 3384 1508 3426 σω·

217 3481 245 3521 κο
261 3466 375 3545 μάτων,
404 3463 461 3547 οὑχ
488 3448 601 3526 ἁπλοῦν
620 3470 714 3528 τοῦτο.
760 3467 853 3535 οὑτως
875 3489 905 3528 τε
932 3465 985 3529 οὑκ
1013 3463 1046 3527 ἂν
1068 3463 1115 3547 εἴη
1142 3463 1177 3527 τὰ
1200 3464 1278 3526 ἁπλᾶ
1306 3467 1428 3547 σώματα
1450 3465 1508 3529 τέτ-

260 3591 342 3651 ταρα.
388 3564 448 3628 ἀλλ’
476 3566 545 3629 οὑδὲ
568 3566 628 3629 οἷόν
655 3592 686 3630 τε
708 3574 765 3630 τῶν
788 3570 936 3652 τεσσάρων
963 3592 990 3630 τι
1012 3568 1156 3650 σωμάτων
1185 3565 1219 3629 ἐκ
1241 3570 1293 3650 τής
1307 3572 1373 3641 ,τῶν
1395 3571 1509 3632 κατάλι·
1523 3587 1549 3628 ιο

260 3669 395 3753 πομένων
417 3669 552 3752 γενέσθαι
569 3671 682 3757 μίξεως,
706 3670 779 3754 εἴγε
795 3674 839 3734 δεῖ
853 3672 904 3751 μὲν
924 3670 1115 3756 ἐμφαίνεσθαι
1138 3674 1181 3753 τῷ
1201 3669 1234 3730 ἐκ
1256 3673 1309 3751 τῆς
1329 3668 1434 3751 μίξειὺς
1456 3696 1508 3735 τινι

259 3772 319 3836 ὄντι
341 3775 436 3841 πάσας
458 3773 510 3841 τδις
532 3774 667 3855 δυνάμεις
688 3774 738 3843 τὰς
760 3775 887 3862 ἐκείνων,
910 3774 939 3842 ἐξ
963 3774 1003 3835 ὧν
1027 3773 1174 3855 μέμικται·
1204 3770 1295 3853 ταὺτη
1317 3770 1372 3855 γὰρ
1394 3774 1507 3859 φθορᾶς

260 3876 333 3957 μῖξις
355 3875 498 3959 διαφέρει,
526 3877 570 3940 ότι
593 3877 633 3959 μή
657 3876 816 3961 ὁλόκληρος
838 3879 857 3960 ή
880 3882 937 3939 τῶν
961 3874 1138 3960 μιγνυμένων
1161 3874 1268 3959 φθορά.
1314 3873 1451 3939 ἀδύνατον
1475 3880 1507 3941 δὲ

215 3979 278 4060 κοή
302 3978 332 4040 ἐν
355 3983 396 4061 τῷ
422 3979 491 4061 πυρὶ
513 3978 605 4060 λέγειν
628 3977 699 4042 εἶναι
723 3979 866 4064 ὑγρότητά
888 4003 919 4042 τε
941 3980 989 4042 καὶ
1011 3979 1192 4063 ψυχρότητα,
1214 3976 1234 4059 ή
1257 3975 1351 4060 ἐντῷ
1376 3975 1439 4061 ἀέρι
1462 3978 1507 4063 ξη-

256 4081 369 4165 ρότητα
392 4105 423 4142 τε
444 4082 493 4143 καὶ
516 4082 694 4165 ψυχρότητα.
740 4080 782 4145 ἔτι
804 4083 832 4144 τί
854 4086 963 4166 μᾷλλον
986 4079 1052 4144 τόδε
1072 4103 1098 4142 τι
1120 4086 1180 4142 τῶν
1201 4082 1364 4163 τεσσάρων,
1391 4081 1410 4164 ἢ
1434 4079 1506 4161 ἀλλο

205 4292 214 4342 l
247 4286 445 4358 αἰσθητηρίονο
551 4285 566 4337 5
594 4289 631 4356 τῷ
651 4287 793 4340 Usenerus:
812 4287 841 4340 τδ
860 4268 961 4341 ειοευιυ
981 4289 1008 4340 in
1028 4287 1061 4339 V:
1080 4284 1145 4339 τδε
1250 4287 1265 4339 6
1293 4285 1489 4339 ὑποκείκενονο

201 4369 383 4445 θήάψὺχου
402 4376 474 4427 sicV
543 4372 574 4425 13
594 4358 741 4427 κατέθηκε
807 4374 838 4427 15
856 4375 944 4445 τηνν
1010 4373 1040 4425 21
1064 4371 1116 4442 ,ότι
1135 4372 1205 4426 οὑδέν
1223 4379 1275 4426 τῶν
1293 4372 1381 4426 ἁπλῶν
1399 4374 1560 4443 σωμάτωνή

201 4465 299 4535 ψυχή.“
340 4463 364 4515 οί
382 4462 408 4514 δὲ
428 4463 467 4513 Va
573 4460 607 4512 ‘23
634 4461 725 4519 αὑτοδς
743 4463 849 4530 scripsi:
868 4462 957 4520 αὑτοὺς
976 4465 1017 4514 Va
1123 4461 1156 4514 24
1184 4459 1246 4531 ὑλης
1263 4478 1291 4512 τε
1309 4461 1352 4512 καὶ
1371 4458 1483 4517 ιῐδουςο

201 4553 237 4605 25
256 4553 282 4604 ἐν
301 4551 370 4603 infra
388 4551 483 4602 lineam
503 4549 566 4601 ιυῑλ1
658 4548 691 4599 27
713 4549 874 4617 σωμέσωνο
961 4548 995 4601 28
1013 4552 1125 4601 τοιοῦτον
1144 4550 1189 4621 γὰρ
1207 4548 1224 4618 ή
1242 4546 1377 4616 παλαιότης]
1397 4548 1429 4601 εί,
1447 4552 1560 4602 τοιοῦτον

200 4642 250 4710 γὰρ
267 4640 284 4708 ἠ
304 4638 375 4712 ψυχή
398 4635 503 4689 127v21
543 4640 654 4689 τοιοῦτον
672 4636 718 4705 γὰρ
736 4637 752 4705 ή
771 4635 845 4705 πέψις
866 4636 970 4689 129141
1008 4642 1120 4689 τοιοῦτον
1139 4638 1184 4705 μὲν
1201 4636 1218 4706 ἡ
1237 4636 1317 4706 τροφή
1339 4634 1445 4689 129v14
1465 4642 1513 4690 etc.

201 4728 237 4779 32
264 4730 302 4796 τῷ
320 4744 369 4779 τινι
387 4722 451 4792 ὄντι]
476 4723 508 4776 cf.
527 4723 561 4783 οἷς
580 4723 735 4796 διαφέρουσιν
759 4722 877 4794 ἀλλήλων
898 4727 930 4777 τά
953 4743 1008 4777 τινα
1032 4724 1137 4792 σώματα
1158 4724 1266 4777 146rin.
1302 4721 1367 4776 ὥστε
1386 4724 1415 4777 έκ
1433 4727 1478 4776 τοὺ
1496 4741 1561 4781 τινος

202 4815 321 4882 σώματος
339 4832 363 4865 τι
381 4818 456 4880 σῶμα
474 4811 568 4880 γίνεται
587 4811 694 4865 147r26
805 4811 839 4865 33
861 4809 940 4881 ταδτη
958 4828 975 4864 υ
1080 4813 1113 4865 36
1136 4812 1246 4865 fortasse
1264 4810 1321 4864 τόδε
1339 4818 1400 4876 τῶν,
1417 4816 1447 4864 ut
1465 4811 1560 4879 δμοίων

203 4903 249 4971 γάρ
268 4901 351 4954 όντων
364 4902 492 4971 ἑκατέρων
510 4899 582 4952 οὑδὲν
595 4898 691 4967 μᾶλλον
708 4898 777 4951 τόδε
796 4900 879 4968 μεῖζον
898 4900 927 4952 ἂν
945 4900 1016 4971 ἐντή
1035 4898 1145 4953 συνθέσει
1163 4899 1262 4970 γεγονὸς
1274 4899 1311 4970 τίη
1332 4898 1440 4951 129v10
1458 4897 1490 4952 ef.
1503 4899 1560 4951 Ind.

1316 4986 1361 5053 2*
