3540 5610
202 310 262 374 176
642 305 870 364 ΑΛΕΞΑΝΔΡΟΥ
893 306 1119 363 ΑΦΡΟΔΙΣΙΕΩΣ

252 479 399 559 γεγονότα.
445 480 477 542 τὸ
501 481 533 542 δέ
560 479 760 564 ἐνδεχομένως
788 482 904 563 γεγονὸς
931 478 961 542 ἐν
990 504 1042 542 τινι
1069 482 1116 543 καί
1140 481 1181 564 μὴ
1204 481 1351 564 γεγονέναι
1373 482 1404 545 ἐν
1427 482 1510 568 αὐτῷ
1531 493 1566 547 30

255 579 316 643 οίύν
339 605 371 644 τε
394 580 439 665 ἦν.
485 579 545 644 ἔστι
569 582 621 663 μὲν
643 581 698 665 γάρ
726 581 847 645 ἕκαστον
875 583 923 645 καὶ
950 583 1060 645 τούτων
1090 584 1120 645 ἐν
1148 579 1174 666 ᾦ
1204 583 1236 646 δν
1263 586 1410 668 τυγχάνει,
1441 584 1512 648 διύτι

253 681 288 765 ἧν
312 683 341 745 ἐν
365 683 482 767 θατέριρ
505 685 586 768 αύτῷ
609 684 798 769 ἀντικειμένῳ
821 684 903 757 εἶναι,
926 684 956 746 ἐν
980 682 1005 768 ᾧ
1030 683 1055 747 δ’
1084 685 1145 748 ἐστὶ
1169 688 1228 765 νῦν,
1255 685 1308 748 οῦκ
1331 686 1362 754 ἐξ
1384 687 1514 769 ἀνάγκης
1539 706 1554 747 ο

254 785 355 854 ἁπλῶς
379 786 454 849 ἐστιν
478 785 508 847 ἐν
531 786 625 869 τούτῳ
660 786 707 848 διὰ
729 787 781 869 τὴν
805 788 875 870 πρὸς
897 787 933 850 τὰ
967 787 1148 870 ἀντικείμενα
1180 787 1309 868 δύναμιν.
1354 788 1432 850 ἀλλὰ
1456 790 1513 872 μὴν

219 886 290 954 5τά
319 888 413 957 οῦτως
441 886 509 950 ὄντα
535 886 565 950 ἔν
593 908 664 950 τισιν
691 887 725 950 ού
753 887 790 951 δι’
824 889 915 957 αἰτίας
945 889 1024 957 τινάς
1051 889 1364 973 προκαταβεβλημένας
1395 890 1453 972 [τε]
1483 892 1513 960 ἐξ

253 992 381 1073 ἀνάγκης
415 992 456 1058 είς
483 994 572 1052 ταῦτα
599 990 726 1073 ἀγούσας
753 991 829 1054 ἐστὶν
855 991 885 1053 ἐν
919 991 1026 1061 αὐτοῖς.
1070 990 1141 1054 ὥστ’
1169 991 1195 1054 εί
1221 992 1314 1054 πάντα
1341 991 1377 1054 τά
1403 993 1513 1074 ὁμοίως

255 1098 312 1155 τῶν
344 1092 546 1174 ἀντικειμένων
580 1090 650 1155 ὄντα
677 1093 793 1157 δεκτικὰ
825 1093 1026 1177 ἐνδεχομένως
1059 1092 1090 1154 τέ
1119 1094 1195 1156 ἐστιν
1227 1093 1257 1154 ἐν
1290 1093 1334 1162 οἷς
1361 1095 1438 1157 ἐστιν
1466 1097 1514 1158 καὶ
1528 1113 1556 1154 ιο

254 1194 308 1257 οῦκ
330 1193 406 1258 ἔστιν
429 1195 459 1258 ἐν
482 1194 525 1263 οἷς
548 1194 601 1257 οίικ
623 1192 693 1273 ἔστι,
723 1196 810 1279 μυρία
842 1193 876 1257 ἀν
899 1193 945 1278 εἴη
973 1195 1008 1257 τὰ
1035 1195 1235 1279 ἐνδεχομένως
1257 1194 1325 1258 ὄντα
1348 1219 1380 1258 τε
1403 1198 1452 1259 καὶ
1474 1221 1513 1280 γι-

255 1297 370 1378 νύμενα.
415 1295 522 1360 ἄτοπον
545 1296 600 1380 γὰρ
623 1298 732 1379 ὁμοίως
754 1297 784 1367 ἐξ
806 1297 934 1378 ἀνάγκης
957 1296 1028 1359 εἶναι
1051 1297 1143 1381 λέγειν
1166 1296 1196 1360 ἔν
1219 1321 1271 1360 τινι
1302 1299 1338 1361 τά
1360 1321 1392 1361 τε
1402 1300 1512 1375 ,ἀνεπί-

204 1420 235 1466 10
256 1401 343 1463 δεκτα
365 1406 423 1462 τών
446 1399 581 1462 ἐναντίων
605 1399 714 1467 τούτοις
736 1398 767 1461 ἐν
789 1397 832 1465 οἷς
854 1398 914 1461 ἐστι
938 1399 984 1460 καὶ
1007 1398 1042 1461 τά
1071 1401 1161 1484 μηδὲν
1191 1403 1299 1481 μᾶλλον
1328 1398 1397 1464 καθ’
1425 1402 1513 1464 ὁντιν-

255 1508 304 1566 οῦν
327 1502 432 1587 χρύνον
455 1503 564 1565 τούτων
588 1526 607 1583 η
630 1507 688 1563 τῦιν
711 1501 848 1564 ἐναντίων
870 1501 969 1569 αὐτοῖς
991 1504 1118 1565 δεκτικά.
1163 1504 1190 1565 εί
1211 1503 1264 1586 γὰρ
1287 1503 1323 1566 τά
1339 1504 1369 1574 ἐξ
1385 1506 1513 1588 ἀνάγκης
1528 1521 1554 1564 ιο

254 1604 322 1668 ὄντα
337 1603 367 1667 ἔν
383 1629 435 1668 τινι
457 1605 629 1666 ἀνεπίδεκτα
651 1608 702 1665 τοῦ
726 1604 852 1667 ἐναντίου
876 1603 969 1687 αὐτῷ,
992 1604 1028 1666 τά
1050 1605 1216 1667 ἐπιδεκτικὰ
1238 1610 1289 1668 τοῦ
1312 1607 1440 1668 ἐναντίου
1458 1607 1511 1670 οῦκ

254 1708 284 1777 ἐξ
306 1709 434 1790 ἀνάγκης
457 1705 490 1769 ἀν
514 1707 543 1768 ἐν
567 1701 592 1792 ᾤ
618 1706 695 1770 ἐστιν
717 1705 773 1790 είη.

339 1809 381 1874 Τὸ
404 1811 437 1872 δέ
459 1811 551 1890 λέγειν
575 1810 615 1890 μὴ
639 1808 819 1892 ἀναιρεῖσθαι
843 1811 958 1872 πάντων
986 1809 1143 1892 γινομένων
1170 1810 1238 1872 καθ’
1267 1811 1444 1894 εἱμαρμένην
1476 1813 1509 1874 τὸ
1529 1819 1554 1871 Χ

204 1934 233 1981 15
253 1912 372 1976 δυνατόν
395 1937 426 1975 τε
449 1914 496 1975 καὶ
530 1912 721 1996 ἐνδεχόμενον
753 1917 797 1996 τῷ
822 1912 940 1974 δυνατὸν
965 1913 1016 1994 μέν
1039 1911 1111 1975 εἶναι
1139 1913 1275 1994 γενέσθαι
1304 1918 1388 1977 τοῦτο
1416 1913 1432 1976 ὃ
1456 1912 1507 1976 ὑπ’
1527 1933 1556 1974 νο

253 2016 371 2083 οὐδενὸς
392 2014 534 2077 κωλύεται
556 2013 701 2095 γενέσθαι,
729 2013 783 2076 κάν
807 2015 848 2096 μὴ
871 2014 987 2097 γένηται
1010 2015 1082 2096 (τῶν
1106 2013 1228 2078 δὲκαθ’
1261 2017 1439 2100 εἱμαρμένην
1472 2040 1513 2097 γι·

180 2122 183 2129 ’
253 2118 380 2202 νομένων
404 2117 437 2179 ού
462 2117 647 2180 κεκωλῦσθαι
670 2117 704 2178 τά
727 2117 909 2196 ἀντικείμενα
931 2116 1082 2197 γενέσθαι·
1116 2119 1160 2181 διδ
1188 2119 1280 2182 καίτοι
1307 2120 1348 2201 μὴ
1377 2119 1513 2202 γινόμενα

253 2220 334 2303 ὅμως
357 2221 418 2284 ἐστὶ
441 2220 573 2301 δυνατοί),
596 2220 717 2282 καὶτοῦ
741 2220 782 2302 μὴ
806 2219 991 2282 κεκωλῦσθαι
1007 2219 1143 2300 γενέσθαι
1159 2219 1233 2283 αύτά
1249 2219 1394 2290 ἀπύδειξιν
1410 2220 1510 2305 φέρειν

255 2325 287 2385 τὸ
311 2325 382 2406 ἡμῖν
406 2323 441 2385 τά
464 2323 612 2385 κωλύοντα
635 2320 709 2384 αῦτά
733 2319 795 2404 [ἀν]
820 2321 952 2402 ἀγνωστα
975 2321 1047 2385 εἶναι
1075 2325 1190 2391 πάντως
1220 2323 1271 2404 μέν
1298 2346 1360 2386 τινα
1389 2322 1459 2386 ὄντα
1479 2323 1556 2405 (ἀιε

200 2447 234 2493 20
252 2428 306 2510 γάρ
329 2427 404 2489 ἐστιν
428 2423 505 2487 αἴτια
527 2428 577 2486 τοῦ
600 2425 730 2505 γίνεσθαι
753 2423 789 2485 τὰ
805 2424 986 2507 ἀντικείμενα
1002 2425 1099 2493 αὐτοῖς
1114 2424 1182 2488 καθ’
1210 2426 1399 2511 εἱμαρμένην,
1423 2431 1515 2489 ταῦτα

254 2532 300 2593 καί
323 2533 373 2591 τοῦ
399 2529 439 2610 μὴ
463 2527 592 2610 γίνεσθαι
619 2527 730 2594 τούτοις
752 2525 839 2597 αίτια,
869 2525 953 2608 εἴγε
982 2528 1022 2595 ὥς
1053 2549 1140 2610 φασιν
1168 2528 1307 2591 ἀδύνατον
1336 2533 1393 2590 τῶν
1417 2528 1515 2591 αὐτῶν

255 2634 457 2716 περιεστώτων
490 2630 621 2711 γίνεσθαι
655 2629 690 2691 τὰ
718 2630 911 2711 ἀντικείμενα·
949 2628 1009 2691 ἀλλ’
1043 2629 1086 2692 ὅτι
1114 2631 1155 2713 μὴ
1189 2632 1259 2712 ἡμῖν
1291 2631 1353 2693 ἐστι
1381 2634 1557 2714 γνώριμάω

255 2759 316 2797 τινα
338 2736 360 2797 ἀ
380 2735 451 2806 ἐστι,
475 2732 522 2795 διὰ
545 2736 628 2794 τοῦτο
656 2732 805 2794 ἀκώλυτον
833 2733 929 2795 αὐτῶν
957 2733 989 2794 τὸ
1015 2739 1018 2815 γ
1044 2730 1114 2815 [μὴ]
1142 2732 1271 2812 γίνεσθαι
1301 2733 1457 2816 λέγουσιν),
1481 2736 1515 2796 τὸ
1535 2740 1569 2796 32

255 2840 291 2922 δὴ
315 2841 405 2900 ταῦτα
428 2835 520 2918 λέγειν
545 2839 607 2902 πῶς
630 2834 664 2897 ού
687 2835 848 2906 παιζόντων
871 2835 948 2897 ἐστὶν
971 2835 1001 2896 ἐν
1024 2833 1057 2896 οίι
1092 2837 1207 2902 παιδιᾶς
1228 2834 1323 2915 λύγοις
1349 2837 1512 2921 δεομένοις;

202 2963 234 3010 25
254 2943 286 3004 τὸ
309 2940 363 3024 γὰρ
386 2941 465 3022 ημᾶς
488 2939 611 3020 ἀγνοεῖν,
634 2938 718 3000 οὐδὲν
741 2939 813 3020 πρὸς
835 2939 867 3000 τὸ
890 2936 963 3000 εἶναι
985 2961 1003 3020 η
1028 2937 1068 3019 μὴ
1092 2936 1164 3000 εἶναι
1185 2938 1220 2999 τά
1236 2939 1403 3021 πράγματα·
1428 2942 1514 3023 δῆλοι

255 3049 307 3128 γάρ
330 3045 401 3106 είοιν
425 3043 451 3104 οἱ
474 3041 606 3122 λέγοντες
629 3041 721 3107 ούτως
745 3044 785 3106 ώς
807 3046 843 3121 τῇ
867 3039 997 3122 ἡμετέρα
1013 3038 1146 3123 γνωρίσει
1162 3041 1194 3102 τὸ
1210 3041 1329 3103 δυνατὸν
1346 3038 1426 3104 ἔσται
1442 3041 1508 3105 κατ’
1541 3061 1556 3102 ε

255 3147 366 3214 αύτούς.
411 3150 471 3212 τοῖς
493 3144 547 3227 γὰρ
569 3143 716 3226 γνωρίζειν
740 3143 835 3206 αὐτῶν
868 3142 904 3205 τὰ
933 3141 1010 3205 αἴτια
1037 3140 1204 3224 δυναμένοις
1225 3140 1319 3223 (οῦτοι
1342 3141 1368 3204 δ’
1397 3141 1432 3205 ἀν
1455 3144 1514 3207 είεν

205 3415 213 3464 l
235 3410 343 3481 γεγονός.
374 3408 403 3459 τὸ
423 3408 505 3459 hond.
526 3410 557 3459 O:
582 3408 699 3476 γεγονώς.
727 3406 755 3458 τὸ
775 3405 835 3458 E'K
972 3406 998 3457 δὲ
1018 3422 1067 3458 οιο.
1087 3407 1113 3457 ³¹
1256 3405 1322 3475 θην
1342 3405 1367 3457 ἐν
1387 3403 1488 3478 θατέρῳ
1508 3410 1567 3461 HS:

200 3518 231 3568 ην
252 3495 302 3551 ενθ’
323 3515 416 3568 ατερωι
439 3497 477 3547 sic
496 3499 528 3545 V:
557 3513 588 3565 ην
613 3495 639 3546 ἐν
662 3493 761 3564 θατίρω
781 3496 819 3546 sie
837 3496 871 3544 B:
899 3491 931 3561 ἠν
955 3491 1088 3563 ἐνίθατέριμ
1108 3497 1144 3545 E:
1172 3491 1203 3562 ἠν
1226 3492 1390 3561 ἐνδεχόμενον
1415 3492 1441 3544 ἐν
1464 3491 1567 3564 θατίριμ

201 3588 240 3639 21¹²
376 3583 448 3652 αύτῷ
466 3585 571 3650 scripsi:
592 3582 677 3634 αὐτῶν
696 3583 755 3634 libri
892 3582 1054 3650 ἀντικειμένῳ
1074 3582 1181 3648 scripsi:
1201 3581 1379 3649 ἀντικειμένων
1399 3585 1430 3631 V:
1450 3583 1568 3633 καὶτῶν

159 3701 164 3711 ·
202 3674 381 3740 ἀντικειμένων
404 3672 440 3722 8¹²:
468 3671 511 3721 καὶ
535 3669 564 3721 τὸ
589 3670 760 3737 ἀντικείμενον
785 3671 811 3720 a¹
954 3669 1016 3720 5τε
1036 3669 1084 3720 ἀεί.
1105 3669 1149 3719 V²:
1169 3684 1219 3720 om.
1239 3666 1278 3720 8¹²
1421 3668 1521 3720 ῦέστιν
1540 3670 1567 3720 ἐν

200 3759 284 3816 αὐτοῖς
308 3763 340 3809 V:
370 3759 395 3809 ἐν
418 3757 501 3814 αύτοῖς
529 3757 691 3829 ἐνδεχόμενόν
718 3759 782 3809 ἐστιν
806 3758 860 3808 a¹²¹=
888 3758 913 3809 ἐν
936 3755 1020 3813 αὺτοῖς
1045 3760 1078 3808 B:
1107 3757 1132 3808 ἐν
1155 3756 1238 3813 αύτοῖς
1266 3756 1330 3808 ἐστιν
1354 3759 1377 3809 Ο
1534 3758 1568 3809 τὰ

201 3863 250 3899 om.
277 3851 299 3899 Ο
442 3845 457 3895 Ί
481 3850 532 3896 τῶν
556 3845 733 3912 ἀντικειμένων
758 3843 817 3896 ὄντα
840 3844 922 3895 V²a¹x
951 3851 1001 3902 τοῖς
1027 3844 1203 3912 ἀντικειμένοις
1226 3863 1262 3894 ων
1286 3845 1323 3895 sic
1348 3845 1395 3894 V':
1421 3852 1473 3901 τοῖς
1497 3844 1567 3897 ἀντι-

201 3933 323 4002 κειμένοις
346 3932 383 3984 ὧν
409 3933 436 3983 α2
612 3933 638 3983 τί
661 3933 726 3985 ἐστιν
750 3932 775 3983 ἐν
801 3932 836 3989 οίς
860 3932 925 3983 ἐστιν
950 3932 1042 3983 V²a¹²z
1072 3933 1097 3984 ἐν
1120 3932 1156 3989 οίς
1178 3933 1243 3983 ἐστιν
1269 3932 1315 3982 V¹:
1343 3931 1369 3982 ἐν
1392 3931 1428 3989 οίς
1449 3933 1477 3984 τί
1503 3933 1568 3985 ἐστιν

201 4024 268 4073 ESK
424 4020 439 4071 9
464 4039 492 4072 τε
511 4021 554 4072 καί
573 4024 595 4071 0
716 4022 754 4072 10.
777 4021 802 4071 li
830 4018 914 4071 δντινα
938 4019 981 4072 οῦν
1000 4021 1027 4071 ιιἐ
1136 4021 1162 4071 ll
1189 4019 1321 4084 ἐναντίων]
1344 4021 1405 4071 tiu
1428 4019 1467 4070 lit.
1489 4024 1513 4069 V

200 4109 221 4160 εί
240 4107 470 4177 γὰρ-ἐπιδεκτικὰ
488 4112 533 4158 τοῦ
553 4106 665 4159 ἐναντίου
678 4108 744 4172 (19)]
762 4107 797 4176 μὴ
816 4112 861 4159 τοῦ
882 4107 993 4159 ἐναντίου
1006 4107 1045 4158 ιιέε
1067 4112 1111 4159 τοῦ
1131 4107 1243 4159 ἐναντίου
1257 4108 1300 4160 Es
1405 4107 1436 4158 14
1454 4105 1486 4157 cf.
1501 4122 1568 4174 quae

201 4195 332 4262 disputavi
358 4195 389 4246 de
414 4196 587 4261 sequentibus
612 4196 638 4244 in
664 4196 726 4245 ilus.
753 4195 833 4246 Rhen.
852 4194 1055 4261 XL1V‚613s‹1.
1180 4195 1215 4262 μὴ
1239 4199 1268 4261 (μ
1286 4193 1345 4244 add.
1366 4209 1425 4244 κο.
1446 4197 1477 4256 V,
1502 4208 1565 4245 εοιτ.

201 4299 232 4334 ex
252 4281 267 4351 ἠ
290 4287 318 4343 Ε,
341 4301 356 4351 η
377 4282 419 4346 8)]
446 4281 467 4332 εί
486 4282 532 4350 γὰρ
555 4282 587 4331 τὰ
610 4279 635 4338 ἐξ
659 4281 771 4350 ἀνάγκης
794 4280 854 4332 ὄντα
878 4281 904 4332 ἐν
927 4299 974 4332 τινι
998 4281 1147 4333 ἀνεπίδεκτα
1171 4285 1216 4332 τοῦ
1240 4280 1352 4333 ἐναντίου
1375 4279 1445 4349 αύτῷ
1463 4282 1496 4331 τὰ
1514 4279 1565 4331 ἐπι-

200 4369 304 4420 δεκτικὰ
323 4369 351 4420 ιιί
460 4368 490 4418 16
511 4366 569 4435 κᾶν]
591 4368 620 4418 ἀν
640 4369 678 4419 ιι12
785 4368 810 4420 δέ
831 4371 963 4420 v.c.Va¹:
984 4385 1034 4420 om.
1048 4369 1075 4421 ιιἐ
1186 4368 1223 4419 Ιύ.
1247 4369 1274 4419 Π
1295 4368 1480 4437 γενομένωνΟ

204 4457 233 4508 Γί
252 4453 414 4508 κεκωλῦσθαι
428 4455 537 4507 Usener:
558 4455 702 4507 κεκώλυται
716 4457 775 4509 libri
863 4457 893 4508 18
913 4458 980 4527 φέρει
994 4461 1043 4510 ΗΟ
1137 4456 1166 4508 19
1185 4455 1249 4507 αύτά
1262 4457 1346 4507 V²a¹’:
1366 4455 1431 4506 αῦτά
1450 4454 1480 4506 ἂν
1494 4455 1530 4505 V¹

201 4542 235 4595 *20
253 4541 365 4612 γενέσθαι
384 4544 410 4593 a¹
519 4541 549 4594 21
571 4542 684 4610 γενέσθαι
703 4544 743 4595 ³¹²
849 4544 956 4612 τούτοις]
977 4545 1045 4602 οὗτοι
1068 4545 1167 4598 (ἱειοίιο
1286 4543 1310 4595 τί
1330 4562 1356 4612 γε
1383 4544 1435 4594 ⁸¹³:
1463 4561 1515 4595 ουει
1537 4561 1563 4610 γε

201 4649 238 4698 sie
260 4651 289 4696 V:
318 4645 347 4698 οῦ
371 4644 394 4697 εί
412 4664 438 4713 γε
457 4650 500 4698 Es
609 4647 641 4698 23
670 4647 753 4699 ώσω.
774 4649 801 4699 υ2
909 4638 944 4719 μη
965 4652 1002 4701 sie
1022 4654 1054 4700 V:
1074 4650 1108 4718 μὴ
1128 4649 1166 4700 a¹²
1274 4647 1307 4698 24
1326 4650 1472 4699 τοιαῦτοΟ

1279 4751 1315 4787 σει

200 4803 310 4862 παιδείας
329 4804 356 4855 εί
454 4803 487 4854 *26
508 4804 543 4861 ώς
562 4820 582 4855 s.
596 4821 619 4855 ν.
635 4809 657 4854 V
747 4807 860 4876 γνωρίσει
881 4808 967 4859 λ”ίιιίέε
987 4806 1101 4876 γνωρίζει
1122 4808 1163 4856 V':
1185 4805 1350 4874 γνωρίζεινδ
1441 4805 1474 4856 27
1494 4804 1562 4856 δυνα-

200 4892 296 4960 μένοις]
319 4891 332 4943 δ
351 4892 380 4942 in
399 4892 437 4943 lit.
455 4896 477 4942 V
