3540 5610
208 333 248 396 ⁸2²2
684 329 886 384 ALEXANDRI
909 330 952 383 DE
976 330 1086 384 ANIMA

261 504 296 565 τὰ
319 504 446 588 ὀχούντα
472 505 546 569 αὐτὰ
568 480 724 588 κινούμενα
750 502 842 572 ούτως
869 505 917 566 καὶ
944 508 1002 572 τοῖς
1030 502 1079 564 ὑπ’
1107 502 1203 565 αὐτῶν
1231 502 1408 585 κινουμένοις
1431 502 1507 565 αἴτια
1534 582 1537 589 Ι
1600 491 1604 501 ’

263 609 404 691 κινήσεως
425 608 539 690 γίνεται.
578 606 633 672 ύσα
656 607 689 670 δὲ
704 607 838 690 ὃυναίρεις
861 607 954 669 τεκαὶ
976 603 1048 674 έΕεις
1070 603 1138 669 ὄντα
1161 609 1218 669 τῶν
1234 604 1408 687 κινουμένων
1430 604 1508 667 αίτια
1567 656 1572 665 .

261 712 321 777 τοῖς
348 708 468 796 ἔχουσιν
494 710 568 774 αὐτὰ
595 713 679 778 ποιᾶς
707 710 847 793 κινήσεως
873 709 993 791 γίνεται,
1022 712 1111 771 ταῦτα
1138 707 1172 770 ού
1201 706 1287 791 μύναν
1316 705 1368 769 οὐκ
1395 707 1506 791 ἀνάγκη

261 815 348 875 κινεῖν
372 812 525 897 κινούμενα
547 811 631 889 αύταί,
654 812 729 875 ἀλλὰ
751 812 799 875 καὶ
822 811 972 875 ἀδύνατον,
1005 810 1144 874 ἀδύνατον
1166 810 1220 893 γὰρ
1244 807 1310 872 καθ’
1331 810 1401 873 αὐτὸ
1424 816 1506 873 κινεῖ·
1522 828 1548 869 ιο

233 912 331 976 ασθαι
354 917 394 999 μὴ
419 915 450 979 ὂν
473 913 616 1000 χωριστόν
648 937 678 978 τε
700 914 749 977 καὶ
771 912 839 976 καθ’
867 912 948 977 αύτύ.
983 917 1121 977 τοιαῦται
1144 914 1175 976 δὲ
1197 913 1233 975 αί
1255 935 1286 974 τε
1308 911 1379 981 ἕξεις
1406 915 1506 976 καλαί
1583 968 1589 979 .

262 1018 400 1101 δυνάμεις
422 1017 567 1085 καὶὸλως
588 1017 624 1080 τὰ
646 1021 703 1079 τῶν
728 1017 871 1099 σωμαίτων
887 1016 961 1100 σίδη,
984 1017 1025 1079 ὧν
1047 1014 1121 1080 οὖσα
1143 1017 1191 1079 καλ
1214 1016 1332 1099 ήβυχή
1356 1014 1505 1080 δέδεικται.

262 1122 304 1188 ὡς
325 1120 379 1205 γ’ὰρ
408 1123 426 1204 ή
451 1121 577 1205 βαρύτης
602 1119 679 1182 αἰτία
701 1119 753 1202 μὲν
780 1119 887 1201 γίνεται
912 1125 949 1201 τῇ
973 1123 1012 1201 γῇ
1035 1124 1088 1203 τῆς
1113 1119 1155 1186 είς
1182 1120 1214 1181 τὺ
1237 1118 1316 1182 καίτω
1344 1121 1435 1202 φορᾶς
1457 1120 1506 1181 καὶ

262 1222 338 1285 κατὰ
359 1221 437 1286 ταῦτ’
462 1222 552 1306 αὐτῆς
574 1221 635 1286 έστι
658 1223 805 1306 κινητική,
833 1221 949 1305 ούψμήν
971 1222 1125 1305 κινουμένη
1147 1220 1216 1284 καθ’
1243 1221 1332 1305 αύτήν
1354 1219 1431 1301 (πῶς
1452 1221 1506 1303 γὰρ

263 1322 296 1385 ἂν
321 1325 446 1410 βαρύτης
466 1325 598 1409 κινηθείη
621 1324 689 1388 καθ’
716 1324 806 1408 αὑτήν
829 1322 905 1393 εἶδος
927 1320 1014 1387 αύσα’
1027 1326 1074 1387 καὶ
1096 1324 1252 1409 φύσιςτοῦ
1276 1319 1394 1406 ἔχοντος
1416 1322 1506 1406 αὐτήν

223 1440 249 1483 10
263 1427 443 1512 σύματοςς),
474 1428 566 1498 οὕτως
589 1429 636 1491 καὶ
657 1428 677 1510 ή
700 1427 781 1511 ψυχὴ
804 1432 861 1489 τῶν
886 1424 970 1510 ίηλων
997 1433 1098 1491 πασῶν
1122 1432 1178 1489 τῶν
1202 1428 1242 1493 ὡς
1265 1421 1344 1509 ζῴου
1366 1426 1506 1509 κινήσεων

261 1525 373 1613 ἔχουσα
399 1532 452 1615 τήν
483 1532 588 1606 αἰτίαν,
619 1530 682 1593 ἐπεὶ
706 1529 780 1592 κατὰ
808 1529 913 1612 ταύτην
940 1529 1021 1613 αύτῷ
1049 1531 1067 1612 ή
1095 1533 1146 1591 τοῦ
1169 1528 1310 1591 κινεῖσθαι
1336 1531 1435 1619 τοῦτον
1457 1530 1506 1591 τὸν
1520 1543 1547 1586 ιο

259 1627 365 1714 τρόπον
388 1632 516 1711 ἐξουσία,
549 1632 602 1697 αύκ
629 1631 703 1715 αὐτὴ
730 1630 883 1714 κινουμένη
912 1628 990 1694 καθ’·
1008 1630 1097 1713 αὑτὴν
1125 1631 1216 1700 οὕτως
1245 1635 1319 1692 κινεῖ
1342 1631 1375 1693 τύ
1402 1634 1503 1714 σῶμα·

220 1722 223 1727 ’
257 1733 419 1819 κινουμένῳ
442 1735 538 1817 μέντοι
561 1741 604 1822 τῷ
628 1738 742 1818 σώματι
765 1738 938 1816 συγκινεῖται
960 1735 1008 1796 καὶ
1034 1733 1124 1817 αὐτή,
1152 1734 1199 1795 καὶ
1222 1734 1326 1815 γίνεται
1349 1733 1504 1816 κινουμένη

259 1836 333 1899 κατὰ
348 1835 540 1922 συμβεβηκός,
564 1837 635 1922 ὅπερ
656 1838 705 1901 καί
727 1842 784 1901 πᾶν
807 1835 883 1905 εἶδος
897 1838 1021 1921 πάσχειν
1044 1837 1153 1919 ἀνάγκη
1177 1837 1262 1899 συνὸν
1277 1838 1326 1899 καὶ
1348 1838 1502 1900 συναδεύον

219 1943 301 2024 ιοτηῖ
319 1942 442 2022 σώματι,
465 1938 500 2002 ού
521 1940 592 2018 ἐστι,
615 1945 657 2026 τῷ
672 1939 745 2004 εἶναι
760 1939 924 2025 ἀχώριστον
947 1938 1046 2002 αὐτοῦ.
1081 1940 1128 2002 καὶ
1152 1938 1220 2002 ύταν
1242 1963 1275 2021 γε
1290 1943 1342 2022 τῆς
1364 1940 1506 2022 κινήσεως

258 2047 300 2126 τῷ
325 2045 438 2125 σώματι
466 2044 497 2104 τὸ
520 2042 596 2111 εἶδος
622 2042 643 2127 ᾖ
666 2044 700 2105 τὸ
723 2042 828 2106 οἰκεῖον
855 2041 961 2117 αίτιαν,
991 2040 1056 2104 τύτε
1076 2041 1183 2124 γίνεται
1211 2043 1243 2105 τὸ
1266 2041 1343 2110 εἶδος
1365 2064 1504 2124 προηγου-

258 2144 352 2227 μένως
375 2145 426 2228 μὲν
449 2136 602 2208 κινοῦντα
626 2151 726 2229 σῶμα,
754 2146 828 2210 κατὰ
850 2145 1034 2230 συμβεβηκὸς
1062 2145 1100 2210 δὲ
1124 2145 1173 2207 καὶ
1201 2145 1271 2207 αύτὸ
1299 2148 1343 2229 τῷ
1371 2149 1505 2227 συγκινεῖ-
1519 2162 1546 2204 ου

257 2247 327 2310 σθαι
349 2250 391 2331 τῷ
415 2251 527 2329 σώματι
550 2236 742 2332 τήν’κίνησιν,
769 2249 805 2332 ἢν
832 2247 903 2311 αὐτὸ
926 2251 1007 2310 κινεῖ.
1052 2248 1071 2329 ἡ
1094 2246 1148 2330 γὰρ
1172 2247 1297 2331 βαρύτης
1320 2246 1411 2330 αὑτήν
1434 2254 1507 2312 κινεῖ

160 2401 168 2419 .
257 2349 331 2412 κατὰ
352 2350 545 2435 συμβεβηκός,
568 2349 636 2413 ὅταν
658 2349 732 2434 αὐτή
748 2355 800 2435 τῆς
822 2350 861 2419 εἰς
885 2351 918 2412 τὸ
940 2351 1020 2413 καίτω
1043 2353 1134 2434 φοραῖς
1157 2352 1199 2433 τῷ
1216 2347 1313 2433 ἔχοντι
1335 2349 1426 2433 αὐτήν
1449 2355 1505 2414 σώ-

216 2467 244 2512 αο
257 2477 324 2535 ματι
347 2453 424 2516 αἰτία
445 2450 477 2536 ή.
512 2455 560 2516 καὶ
581 2455 600 2536 ή
618 2454 701 2538 ψυχὴ
725 2453 760 2536 δὴ
783 2453 857 2517 κατὰ
879 2453 1064 2538 συμβεβηκὸς
1085 2453 1193 2535 ἑαυτὴν
1210 2453 1320 2536 κινήσει
1335 2451 1413 2525 τότε,
1436 2453 1504 2517 ὅταν

176 2582 183 2599 ·
256 2556 289 2618 τὸ
312 2553 382 2640 ἔχον
405 2554 495 2640 αὐτὴν
519 2559 594 2640 ζῷον
618 2561 730 2640 κινῆται
752 2554 811 2619 κατ’
839 2555 939 2640 αὐτήν.
973 2555 1162 2639 κινηθήσεται
1187 2555 1315 2639 μὲνγὰρ
1338 2556 1411 2619 κατὰ
1434 2577 1503 2641 συμ-

258 2657 383 2742 βεβηκὸς
405 2657 457 2721 κᾶν
481 2656 516 2721 δι’
538 2658 629 2742 ἄλλην
652 2659 714 2721 τινὰ
736 2659 827 2722 αἰτίαν
850 2660 883 2722 τὸ
899 2663 977 2744 ζῷον
999 2664 1110 2742 κινῆται
1133 2658 1206 2720 κατὰ
1221 2655 1320 2732 τύπον,
1344 2656 1392 2741 ὑφ’
1412 2661 1503 2743 αὑτῆς

257 2760 290 2822 δὲ
312 2760 342 2822 ἐν
364 2765 402 2843 τή
426 2759 493 2823 καθ’
521 2761 611 2845 αὑτὴν
634 2761 770 2844 γινομένη
793 2763 903 2846 κινήσει
926 2759 1011 2844 μύνη.
1056 2761 1104 2824 καί
1126 2761 1179 2843 γὰρ
1201 2760 1236 2834 εἰ,
1260 2758 1331 2822 ὂιύτι
1352 2766 1433 2837 κινεῖ,
1456 2763 1503 2825 διὰ

256 2866 340 2925 τοῦτο
363 2863 504 2926 κινεῖσθαι
525 2864 655 2947 λέγουσιν
670 2862 772 2947 αὐτήν,
795 2864 842 2926 καὶ
865 2864 928 2926 ἐπεὶ
950 2864 998 2926 καλ
1021 2863 1141 2947 ἠρεμίας
1163 2864 1240 2926 αἰτία
1254 2863 1359 2944 γίνεται
1381 2870 1423 2949 τῷ
1448 2869 1503 2941 σῲ-
1517 2881 1544 2925 ες»

215 2979 243 3024 25
257 2988 339 3049 ματι,
366 2967 485 3050 ήρεμεῖν
514 2965 547 3028 ἂν
574 2963 640 3029 τύτε
668 2965 788 3048 λέγοιτο.
834 2966 873 3035 τίς
899 2967 953 3049 γὰρ
981 2967 1000 3048 ή
1029 2966 1233 3050 ἀποκλήρωσις
1258 2970 1310 3028 τού
1336 2971 1423 3029 κινεῖν
1450 2969 1501 3051 μὲν

258 3067 349 3151 αὐτὴν
371 3067 557 3153 κινουμένην,
582 3067 684 3152 μηκέτι
707 3069 739 3130 δὲ
762 3070 927 3152 η’ρεμοῡσαν
949 3069 1095 3153 ήρεμίζειν
1118 3067 1150 3131 τὸ
1173 3073 1273 3152 σῶμα;
1307 3069 1333 3131 εἰ
1355 3066 1504 3149 ὂὲτοϋτο,

257 3170 352 3233 οὐκέτ’
380 3168 415 3232 ἂν
437 3171 467 3234 ἐν
490 3176 528 3254 τῇ
551 3170 636 3254 ούσίηι
653 3170 748 3255 ἀὐτῆς
769 3172 788 3255 ή
812 3172 921 3255 κίνησις
942 3170 999 3256 είη.
1042 3174 1090 3234 καὶ
1112 3171 1165 3255 γὰρ
1187 3173 1214 3234 εἰ
1235 3172 1267 3234 τὸ
1290 3172 1395 3235 οἰκεῖον
1419 3172 1500 3258 ἔργον

206 3393 216 3442 1
248 3389 368 3462 ὀχούντα]
393 3408 445 3443 που
463 3392 557 3445 ύιύαλῐ
574 3393 690 3461 (ύιῑιιιςι)
806 3397 822 3445 8
850 3394 879 3446 αύ
897 3392 1083 3465 μήν-ναύτην]
1106 3409 1162 3445 nur·
1175 3393 1234 3445 dass
1253 3395 1294 3446 die
1314 3393 1430 3448 Schwere
1448 3396 1572 3450 ffirwahr.

203 3478 296 3531 nicht
315 3478 435 3549 bewegt
452 3481 481 3532 in
500 3480 558 3533 dem
577 3482 614 3533 sio
633 3481 686 3533 sich
706 3481 787 3534 selbst
804 3482 903 3550 bewogt
1011 3479 1113 3533 10-12
1136 3478 1354 3551 αὕτως-ἔχουσα
1372 3482 1418 3552 τὴν
1437 3483 1557 3535 αἰτίαιν-

204 3564 278 3634 ιιιντῖ]
298 3581 327 3618 so
345 3567 393 3618 ist
411 3568 477 3619 auch
497 3567 538 3620 die
557 3567 630 3621 Seele
649 3568 691 3621 die
708 3569 822 3622 Ursache
841 3598 873 3605 -
893 3570 948 3622 also
966 3570 1068 3639 bewogt
1085 3569 1132 3634 sie,
1151 3574 1235 3622 cetera
1253 3572 1326 3636 paria
1426 3571 1457 3622 13
1476 3589 1558 3624 κιναυ-

203 3654 271 3722 μένῳ
284 3654 447 3721 μέντοι-καλ
460 3653 536 3724 αὓτη]
554 3671 613 3707 nur
631 3671 705 3708 wenn
723 3656 768 3709 der
780 3655 843 3710 Leib
863 3657 917 3709 sich
936 3658 1045 3725 bewegt,
1063 3657 1162 3725 bewogt
1180 3658 1218 3709 sie
1230 3657 1292 3708 sich.
1322 3654 1379 3724 [λι.
1391 3671 1445 3709 non
1463 3659 1557 3725 μέντοι,

203 3740 248 3793 sed
267 3739 351 3810 μόνῳ
371 3742 463 3809 legisse
481 3741 594 3811 videtur]
688 3796 693 3805 ,
720 3743 751 3796 14
779 3743 850 3796 συνὸν
867 3745 910 3796 καὶ
928 3743 1068 3813 αυνοδεῦαν]
1093 3742 1231 3812 verknfipft
1249 3745 1303 3795 und
1323 3744 1431 3812 gleich

205 3827 316 3881 15-16
344 3828 522 3898 καὶ-αἴτιον]
545 3830 582 3883 Ist
600 3831 654 3883 also
676 3831 718 3884 die
736 3831 936 3900 eigentfimliche
955 3832 1030 3884 Form
1054 3832 1099 3885 des
1118 3831 1342 3884 Leibes.Ursache
1365 3833 1451 3885 seiner
1468 3834 1555 3887 Βανα-

202 3930 276 3984 gung
311 3966 313 3970 ,
391 3917 420 3970 16
448 3916 654 3989 προηγουμένως]
674 3934 763 3986 νιαραιι
782 3918 850 3972 ihtes
870 3917 926 3987 [der
945 3920 1032 3984 Form]
1051 3920 1218 3972 Voranseins.
1333 3918 1363 3971 18
1391 3918 1481 3989 αύτην]
1501 3922 1555 3974 sich

202 4002 283 4055 selbst
383 4003 487 4056 ‘22-23
506 4003 550 4074 ὑφ’
571 4004 762 4076 αὑτῆς-μόνη]
783 4021 812 4059 so
832 4007 866 4059 ist
881 4007 975 4076 jedoch
994 4008 1082 4059 seine
1102 4004 1158 4073 [des
1178 4005 1290 4074 Thier's]
1310 4007 1458 4076 Bewegung
1476 4009 1556 4062 durch

203 4090 317 4143 dieselbe
335 4092 377 4144 bei
397 4089 426 4160 [p
445 4108 497 4143 var.
515 4092 586 4145 lect:
605 4092 705 4162 παραυ]
725 4093 770 4146 der
788 4093 937 4163 Bewegung
956 4094 1049 4146 welche
1067 4094 1148 4146 durch
1166 4095 1203 4145 sie
1222 4093 1301 4147 allein
1320 4094 1465 4148 stattfindet

203 4176 237 4229 23
255 4178 299 4230 καὶ
317 4193 367 4230 om.
474 4179 508 4231 24
530 4182 569 4250 τῷ
587 4179 686 4249 σώματι
704 4196 754 4233 om.
861 4179 894 4234 25
915 4179 1175 4253 τίς-ἀποκλήρωσις]
1194 4180 1264 4234 donn
1282 4199 1309 4234 es
1327 4183 1363 4235 ist
1381 4180 1484 4251 [etwas]
1503 4198 1556 4236 was

202 4280 254 4317 ιιιια
273 4265 346 4317 nicht
365 4266 464 4336 ματτύῃ
569 4267 658 4337 κινεῖν]
678 4269 764 4321 addit:
783 4269 834 4322 den
852 4268 952 4338 Κόιραι
1057 4269 1090 4321 ⁸27
1109 4271 1152 4322 καὶ
1171 4284 1221 4320 αιιι.

203 4470 300 4540 3τοῖς]
319 4489 342 4524 οι
361 4473 389 4524 in
408 4473 446 4525 lit.
457 4474 479 4525 V
587 4473 633 4527 αύκ
652 4489 737 4528 οπλα
842 4478 925 4530 8κα1
943 4475 1041 4531 nawa
1151 4477 1180 4527 12
1203 4474 1279 4546 αὑτὴ]
1298 4495 1314 4528 α
1333 4479 1361 4529 in
1379 4478 1448 4530 lit.V

205 4559 236 4611 13
259 4575 307 4612 συ·
318 4559 476 4629 Ιῷ-κινεῖται
494 4562 511 4613 i.
521 4578 544 4614 e.
563 4578 606 4615 συν
619 4566 775 4631 &amitat
793 4565 816 4617 V
927 4564 991 4635 αύτή
1010 4583 1036 4618 a:
1056 4583 1119 4634 αυτη
1139 4564 1159 4615 V
1270 4565 1301 4616 14
1320 4569 1379 4633 post
1398 4564 1460 4624 εἶδος
1479 4568 1554 4634 quin-

202 4663 252 4715 que
270 4647 316 4699 111,Ι
330 4649 458 4700 αταεααλί
567 4651 599 4703 16
618 4650 714 4710 euboea
823 4652 852 4703 17
871 4651 933 4705 αὐτὸ
952 4654 1056 4721 scripsi:
1075 4652 1137 4705 αὐτὸ
1157 4653 1196 4703 Va
1305 4652 1336 4703 18
1355 4653 1481 4705 κίνασινα

202 4733 281 4804 αὑτὴν
299 4736 403 4802 scripsi:
423 4734 501 4806 αύτην
519 4737 559 4789 Va
667 4739 698 4791 19
717 4739 781 4810 αὕτη
800 4756 828 4793 a:
848 4742 953 4810 αυτηλῙ
1059 4730 1093 4791 2²2
1112 4743 1193 4810 κᾷνιι
1298 4740 1332 4791 ’231
1351 4740 1451 4817 μύνηυ

202 4821 235 4873 25
254 4822 354 4893 ήρτμιῖν
372 4811 407 4873 αιΙ
418 4822 519 4894 ἠρεμεῖν
539 4825 558 4877 V
578 4826 675 4895 ubique
716 4882 718 4887 ,
780 4827 813 4879 cf.
831 4828 874 4879 καὶ
891 4828 928 4886 τίς
946 4827 991 4898 μὲν
1009 4828 1025 4901 ή
1044 4827 1220 4900 ἀποκλήρωσις
1238 4833 1282 4881 τοῦ
1296 4867 1319 4881 ..
1333 4829 1394 4881 εἶναι
1416 4829 1504 4883 14714

201 4908 234 4967 27
254 4909 276 4963 τί
293 4912 321 4963 in
338 4909 410 4967 lit.V
