3540 5610
595 316 1073 385 'Afflmmm

258 505 310 588 τὴν
332 505 410 590 ἁφὴν
432 504 627 590 διαφερόντως
648 505 664 567 ὀ
688 504 842 590 ἅνθρωπος
864 499 1047 589 αἰσθητικός·
1075 505 1118 586 ,τηῖ
1141 503 1195 588 γάρ
1218 501 1355 587 εὔκρατον
1378 504 1502 587 μαλιστα
1591 580 1595 588 ι

259 605 331 670 εἶναι
357 607 390 670 τδ
417 610 503 690 σῶμα
524 605 622 691 αὐτῷ,
653 607 701 670 διά
723 611 807 670 τοῦτο
833 606 888 692 γάρ
914 608 963 670 καὶ
988 608 1007 689 ἡ
1032 605 1196 691 ἐντελέχειά
1221 629 1252 669 τε
1279 606 1326 668 καὶ
1351 606 1371 689 ἡ
1398 603 1502 669 τελειό·
1515 620 1544 663 ευ
1589 692 1593 699 .

258 732 310 792 της
330 708 430 786 αότοδ,
452 709 525 795 ὀπερ
539 709 615 774 ἐστὶν
637 710 765 795 ἡψυχη,
787 715 846 772 τῶν
865 709 962 774 ἄλλων
986 709 1120 772 ἁπάντων
1144 706 1230 794 ζῴων
1253 708 1380 791 ἀμείνων
1402 709 1502 772 τεκαὶ

257 811 433 896 τελεωτέρα,
460 812 554 896 τοότιρ
581 813 630 876 καὶ
651 812 703 894 τὴν
733 812 811 896 ἀφην
834 812 1041 898 ἀκριβεστάτην
1068 809 1131 896 ἔχει
1153 810 1302 895 γινομένην
1325 812 1432 895 σχεδὸν
1454 811 1502 874 διὰ
1565 799 1572 809 ’

230 915 363 983 σπαντδς
384 918 436 979 τοῦ
459 917 593 999 σώματος
615 917 665 977 τοῦ
687 915 740 998 τὴν
756 913 966 998 προειρημένην
989 914 1142 998 εὐκρασίαν
1158 913 1291 999 ἔχοντος·
1314 914 1359 977 διδ
1382 914 1429 976 καὶ
1452 933 1502 998 ση·

259 1021 340 1101 μεῖον
354 1021 413 1086 τοῖς
435 1016 601 1101 ἀνθρώποις
620 1015 741 1100 εὐφυΐας
762 1015 834 1079 εἶναι
857 1018 938 1080 δοκεῖ
958 1018 978 1100 ἡ
995 1016 1028 1080 ἐκ
1051 1016 1167 1101 φάσεως
1188 1017 1262 1081 κατὰ
1282 1018 1336 1100 τὴν
1356 1017 1434 1101 ἁφὴν
1457 1015 1502 1078 εὖ·

257 1119 425 1203 αισθησία),
451 1119 525 1183 κατὰ
547 1119 654 1204 δὲτὴν
677 1117 817 1203 ὄσφρησιν
844 1117 1066 1203 ἀπολειπόμεθα
1087 1122 1139 1201 τῆς
1161 1117 1314 1201 ἀκριβείας.
1359 1117 1501 1201 οὔτεγὰρ

135 1280 139 1289 .
239 1224 353 1292 ’πάσας
374 1220 432 1285 τῶν
455 1222 609 1307 δσφρητῶν
632 1221 682 1291 τὰς
700 1222 840 1307 διαφορὰς
859 1222 1033 1305 γνωρίζομεν
1056 1219 1124 1284 οὔτε
1144 1221 1202 1284 ἀπδ
1224 1225 1275 1304 τδρ
1298 1221 1406 1315 οἰκείας
1427 1219 1501 1283 αὐτά

257 1326 396 1409 διαφορᾶς
422 1325 618 1408 ὀνομάζομεν,
645 1324 720 1388 ἀλλά
746 1327 936 1394 συνάπτοντες
962 1324 1050 1393 αότάς
1076 1327 1136 1392 τοῖς
1157 1328 1265 1408 χυμοῖς
1291 1324 1342 1393 τάς
1369 1324 1421 1404 μὲν
1442 1327 1501 1386 τῶν
1515 1340 1542 1383 τε

217 1442 244 1488 10
258 1427 384 1509 γλυκέων
407 1432 510 1513 χυμῶν
533 1427 631 1511 ὀσμὰς
654 1429 701 1490 καὶ
727 1426 816 1497 αότάς
837 1412 970 1510 γλυκείας
996 1426 1131 1511 λέγομεν,
1160 1425 1211 1494 τάς
1233 1426 1265 1489 δὲ
1292 1431 1350 1488 τῶν
1377 1427 1501 1510 δριμέων
1562 1458 1566 1466 -

221 1565 230 1583 ·
256 1529 392 1615 δριμείας.
437 1529 576 1599 ὡσαύτως
601 1531 704 1594 δὲκαὶ
730 1529 778 1592 ἐπὶ
801 1535 859 1593 τῶν
881 1529 986 1594 ἀλλων.
1032 1530 1131 1614 ὥσπερ
1158 1529 1190 1591 δὲ
1213 1529 1232 1612 ἧ
1257 1551 1290 1591 τε
1312 1529 1387 1612 ἀκοὴ
1411 1531 1458 1592 καὶ
1481 1531 1500 1613 ἡ

258 1631 322 1718 ὄψις
337 1632 370 1695 οό
394 1631 480 1716 μόνυν
507 1658 526 1716 η
549 1632 601 1716 μὲν
623 1637 681 1696 τῶν
707 1620 859 1697 ἀκουστῶν
882 1635 902 1716 ἡ
926 1634 958 1696 δὲ
980 1638 1047 1709 τῶν,
1060 1632 1171 1715 ὁρατῶν
1193 1633 1329 1713 κριτικαί,
1356 1632 1500 1695 ἀλλὰκαὶ

258 1739 315 1799 τῶν
337 1735 539 1819 ἀντικειμένων
560 1735 661 1804 αόταῖς
676 1737 841 1820 στερήσεων
862 1737 969 1821 (ἀκοῆς
989 1735 1043 1817 γὰρ
1059 1736 1091 1798 τὸ
1107 1734 1284 1818 ἀνήκουστον
1301 1735 1393 1804 οὕτως
1407 1740 1500 1819 κρῖναι

255 1840 304 1902 καὶ
327 1836 422 1923 ὄψεως
444 1839 477 1902 τδ
493 1837 629 1923 ἀόρατον·
653 1842 704 1901 τοῦ
718 1838 772 1924 γάρ
795 1838 914 1909 σκάτους
929 1838 983 1902 οὐκ
998 1837 1072 1921 άλλη
1093 1860 1136 1905 τις
1158 1837 1178 1920 ἢ
1199 1835 1265 1922 ὄψις
1287 1837 1347 1902 ἐστὶ
1362 1838 1500 1922 κριτική),

219 1957 244 2001 15
257 1942 348 2012 οὕτως
370 1942 402 2005 δὲ
424 1942 473 2004 καὶ
494 1942 514 2024 ἡ
537 1939 677 2025 ὄσφρησις
698 1944 750 2003 τοῦ
773 1963 803 2004 τε
823 1940 970 2025 ὀσφρητοδ
993 1941 1041 2004 καὶ
1064 1941 1248 2024 ἀνοσφρήτου
1271 1944 1321 2003 τοῦ
1344 1940 1417 2004 κατὰ
1440 1941 1501 2004 στέ-

258 2067 349 2131 ρησιν.
394 2048 473 2107 πᾶσα
494 2043 548 2128 γὰρ
570 2042 705 2128 αἴσθησις
727 2044 837 2128 κριτικὴ
865 2044 913 2107 καὶ
935 2047 987 2127 τῆς
1009 2041 1207 2127 ἀντικειμένης
1228 2048 1271 2127 τῷ
1294 2044 1428 2130 αἰσθητῷ
1451 2043 1500 2107 αό-
1514 2061 1543 2103 ευ

255 2152 298 2234 τῷ
314 2149 491 2232 στερήσεως·
515 2143 579 2231 ἔχει
601 2146 702 2209 δὲκαὶ
724 2150 808 2209 τοῦτο
830 2142 1007 2229 ηόσφρησις
1029 2148 1228 2229 παραπλήσιον
1251 2151 1288 2230 τῇ
1312 2170 1344 2210 τε
1366 2145 1431 2237 ὄψει
1453 2150 1501 2212 καὶ
1648 2130 1653 2139 ’

256 2254 293 2335 τῇ
317 2251 394 2334 ἀκοῇ
422 2250 454 2313 τδ
483 2248 530 2312 διὰ
556 2247 648 2331 μέσου
677 2272 708 2313 τε
734 2249 781 2311 καὶ
808 2248 891 2316 ἐκτὸς
918 2246 1000 2316 ὄντος
1025 2248 1153 2331 γίνεσθαι
1176 2250 1260 2334 ἀέρος
1287 2274 1307 2333 η
1334 2250 1452 2323 ὕδατος,
1482 2251 1504 2314 ἀ

257 2353 343 2430 ἐστιν,
367 2354 466 2438 ὥσπερ
488 2354 613 2435 διαφανῆ
636 2352 684 2415 καὶ
707 2352 811 2436 δίηχα,
838 2345 984 2420 οὕτως.’δὲ
1005 2353 1053 2414 καὶ
1075 2352 1181 2432 δίοσμα
1203 2352 1276 2415 κατὰ
1299 2352 1417 2436 δόναμίν
1438 2376 1501 2417 τινα

216 2472 243 2516 νο
256 2456 361 2520 οἰκείαν
384 2452 473 2519 οὖσαν
494 2454 524 2517 ἐν
547 2453 645 2524 αὐτοῖς
668 2455 783 2539 ἑκάστῳ
811 2453 907 2516 αὐτῶν
930 2453 1146 2536 διακονούμενα.
1191 2455 1238 2518 καὶ
1261 2456 1315 2539 γὰρ
1337 2455 1374 2518 τὰ
1396 2453 1499 2540 ἔνυδρα

257 2560 352 2644 ὀσμῆς
371 2557 554 2622 αἰσθάνεται·
588 2555 745 2643 πόρρωθεν,
762 2560 830 2638 γοῦν
857 2556 904 2619 ἐπὶ
932 2557 985 2639 τὴν
1012 2557 1120 2640 τροφίην
1149 2557 1263 2641 ἀπαντᾷ
1291 2558 1408 2640 ὀποσμα
1429 2558 1502 2641 γινό·
1573 2629 1576 2634 .

190 2668 196 2680 ”
257 2686 338 2746 μενα.
382 2661 488 2743 γίνεται
515 2660 547 2723 δὲ
567 2663 627 2728 τοῖς
655 2660 705 2744 μὲν
728 2658 894 2743 ἀνθρώποις
921 2681 951 2722 τε
978 2660 1026 2722 καὶ
1053 2657 1130 2728 ὄλως
1156 2664 1216 2729 τοῖς
1243 2660 1431 2726 ἀναπνέουσιν
1453 2662 1501 2725 διὰ

255 2770 306 2829 τοῦ
329 2765 463 2828 ἀναπνεῖν
489 2765 509 2846 ἡ
532 2761 685 2847 ὄσφρησις,
713 2762 760 2825 διά
786 2767 838 2845 τῐης
864 2750 1010 2846 ἀναπνοῆς
1039 2763 1316 2844 ἀποκαλυπτομένου
1345 2765 1391 2827 καὶ
1415 2750 1544 2828 'aven-⁸5

259 2867 416 2953 ρυνυμένου
438 2870 488 2929 τοῦ
511 2869 563 2948 τῆς
586 2865 758 2949 ὀσφρήσεως
779 2865 916 2948 ὀργάνου,
941 2863 1015 2933 τέως
1036 2864 1305 2949 έπικεκοιλυμμένου
1329 2891 1359 2930 τε
1382 2868 1430 2931 καὶ
1454 2893 1501 2951 με·

215 2988 242 3032 25
257 2969 390 3055 μυκότος,
414 2971 512 3053 ὥσπερ
535 2967 582 3030 ἐπὶ
604 2973 663 3030 τῶν
686 2967 848 3052 ὀφθαλμῶν
870 2968 976 3050 γίνεται
998 2972 1057 3037 τοῖς
1080 2965 1184 3053 ἔχουσι
1207 2967 1346 3053 βλέφαρα.
1388 2975 1446 3041 τοῖς
1469 2973 1501 3036 δὲ

256 3077 297 3160 μὴ
321 3071 511 3137 ἀναπνέοοσιν
533 3069 591 3155 υόχ
610 3070 687 3133 οότω
709 3071 814 3153 γίνεται
837 3075 879 3155 τῷ
900 3070 967 3138 τοὺς
986 3070 1180 3155 ὀσφρητικοός
1202 3069 1308 3154 πόρους
1331 3069 1410 3157 ἔχειν
1426 3074 1501 3139 αότά

203 3348 310 3418 θεῖναι]
329 3348 414 3401 addit:
433 3351 509 3399 unter
526 3345 577 3398 ὀειι
595 3344 706 3399 Leibern
812 3342 915 3413 1-3]
935 3343 1209 3417 ἐντελέχεια-αὐτοῦ]
1228 3349 1300 3401 seine
1320 3348 1555 3403 Vollkommonheit

202 3437 257 3490 (1.1.
276 3437 332 3500 das,
349 3446 403 3487 was
421 3433 570 3486 Enteloohie
589 3437 707 3501 genannt
724 3433 785 3485 wir'd
892 3432 961 3485 4-5
983 3432 1221 3505 σχεδὸν-ἔχοντος]
1241 3435 1298 3488 weil
1316 3436 1400 3488 dieser
1418 3434 1485 3489 Sinn
1504 3436 1555 3490 ὀειι

204 3525 321 3592 grfissten
340 3521 397 3575 Teil
416 3522 462 3574 der
479 3521 549 3573 Haut
567 3520 653 3572 seinos
670 3519 896 3587 Leibes‚‚welcher
914 3535 965 3571 von
984 3519 1029 3573 der
1046 3520 1132 3573 fniher
1151 3523 1335 3576 bezeichneten
1353 3522 1555 3594 Gleichmissig·

203 3608 444 3675 1οῑιιιι,οιοιιωι
513 3606 582 3659 5-6
600 3604 829 3677 διδ-εόαισθησία]
849 3608 927 3660 daher
944 3608 1057 3677 glauben
1076 3610 1130 3675 wir,
1148 3609 1209 3661 dass
1227 3626 1255 3662 es
1272 3611 1317 3662 ein
1335 3610 1448 3663 Zoichon
1466 3611 1502 3663 ist
1518 3611 1555 3678 (1)

202 3697 353 3767 desjenigon
375 3699 451 3748 unter
473 3695 522 3747 den
541 3694 692 3759 θεοεεόεο,
714 3694 759 3747 der
781 3696 827 3747 mit
849 3697 921 3757 ¹einer
944 3696 1126 3764 vorzfigliehon
1149 3696 1231 3749 Natur
1252 3697 1349 3766 begabt
1372 3698 1420 3762 ist,
1442 3697 1503 3750 dass
1526 3715 1555 3752 er

202 3798 253 3836 νυιι
271 3783 354 3836 Νειυτ
372 3784 448 3835 einen
467 3780 555 3834 ἰείιιεο
573 3781 699 3834 Tastsinn
718 3782 784 3835 habe
889 3785 905 3836 7
929 3781 1129 3853 ἀπολειπόμεθα]
1149 3785 1194 3835 wir
1211 3783 1253 3836 die
1272 3783 1491 3838 Genossenschaft
1509 3785 1556 3839 der

202 3870 340 3923 Μοοεεόεο
359 3870 417 3923 sind
437 3869 472 3921 im
490 3869 615 3921 hfichsten
634 3869 718 3922 Grada
737 3869 855 3922 verkfirzt
946 3870 1084 3942 ἀκριβείας]
1104 3871 1297 3925 Gesu'ndhoit‘
1356 3872 1457 3924 12-13
1475 3873 1554 3926 καὶ-

202 3955 353 4029 στιρησιων]
372 3957 426 4009 und
445 3956 487 4008 die
504 3955 642 4023 Νεμείου,
661 3955 702 4008 die
721 3957 799 4008 ihnen
819 3962 1047 4026 entgegengesetzt
1065 3960 1100 4012 ist
1181 3957 1212 4011 13
1231 3955 1312 4016 οὕτως
1330 3973 1380 4011 om.
1459 3960 1490 4012 15
1508 3966 1555 4013 τοῦ
1577 4016 1582 4025 ,

202 4045 268 4097 κατὰ
286 4044 398 4116 στέρησιν
416 4059 466 4096 om.
583 4043 612 4095 17
641 4042 770 4114 ὄσφρησις]
790 4044 949 4097 Geschmack
1063 4048 1093 4097 18
1121 4043 1287 4114 διά-ὄντος]
1309 4047 1464 4100 vermittelst
1480 4050 1555 4103 einos

202 4132 300 4200 Dinges
318 4146 369 4184 von
388 4146 482 4184 aussen
603 4130 704 4182 19-20
724 4129 1048 4209 οὖτως-διακονοόμινα]
1071 4148 1099 4186 so
1117 4139 1209 4202 τωρωι
1226 4133 1265 4186 sie
1284 4133 1349 4186 auch
1368 4134 1419 4187 den
1438 4134 1553 4199 Geruch3
1624 4168 1627 4173 -

202 4219 240 4272 sie
258 4219 353 4272 dienen
371 4219 404 4287 J'e
427 4219 527 4271 einem
551 4233 612 4270 von
631 4217 740 4271 diesen
758 4217 876 4271 Sinnen
899 4219 979 4272 durch
1001 4221 1059 4273 eine
1077 4220 1152 4273 K'raft
1173 4222 1202 4273 in
1225 4222 1319 4285 11ιοοο,
1341 4238 1510 4291 ουρεωεεεειι
1525 4224 1572 4292 J'e.

201 4307 285 4359 einem
305 4306 439 4361 derselben
543 4305 578 4358 20
601 4302 698 4373 αότῶν]
716 4321 767 4357 von
785 4306 874 4360 diesen
893 4307 993 4360 Sinnen
1099 4307 1199 4360 20-21
1226 4310 1269 4360 καὶ
1286 4307 1469 4382 γάρ-ὕποσμα
1487 4311 1554 4380 γινό-

202 4392 276 4461 μενα]
298 4394 374 4446 Denn
392 4394 439 4447 das
458 4394 550 4459 Thier,
576 4392 668 4445 dessen
686 4391 840 4447 Aufenthalt
856 4395 891 4447 im
910 4395 1030 4459 wasser,
1057 4410 1144 4448 wenn
1167 4411 1199 4448 εε
1217 4397 1298 4449 auch
1321 4397 1458 4450 νου-ἀοι
1475 4397 1553 4452 Ent·
1635 4458 1641 4471 .

201 4479 455 4549 fernungmicht
479 4476 692 4545 wahrn'immt,
715 4495 744 4533 εο
767 4481 848 4534 riecht
866 4497 893 4535 es
917 4481 964 4534 auf
985 4481 1034 4534 alle
1053 4481 1136 4547 11511ε,
1160 4483 1230 4536 donn
1253 4485 1298 4537 wir
1320 4484 1422 4549 finden,
1446 4485 1554 4540 classes

201 4568 256 4620 sich
276 4569 376 4622 ιιευιίυι
393 4569 459 4621 πετο
478 4567 524 4620 der
540 4567 610 4621 Seite
627 4566 672 4620 der
689 4567 790 4635 Speise,
809 4569 850 4622 bis
868 4585 895 4622 es
913 4571 952 4623 sie
970 4569 1052 4622 findet
1093 4638 1099 4652 ¹

201 4805 410 4879 βῶεσθησίαε
517 4809 548 4889 10
574 4808 688 4879 δρυμέων
707 4808 856 4882 δρυμιίαςα
965 4799 1001 4863 13‘
1025 4818 1107 4881 κρῖναι
1125 4828 1152 4864 a:
1172 4810 1254 4883 κρίναι
1273 4811 1295 4865 V
1313 4817 1343 4864 ut
1361 4812 1427 4866 solet
1445 4813 1553 4886 (κρίνον)
1602 4830 1608 4841 ·

118 4922 123 4931 -
204 4896 583 4954 14σκότους1ἰσκόπουςο
699 4897 731 4949 25
759 4896 855 4971 έχουσι]
874 4912 897 4949 σι
916 4914 994 4966 supra
1012 4896 1105 4954 lin.V‘
1207 4899 1239 4950 20
1268 4898 1482 4971 ὀσφραντικυὺςυ
