3540 5610
200 289 263 352 ’204
643 283 873 342 ΑΛΕΞΑΝΔΡΟΥ
893 284 1118 342 ΑΦΡΟΔΙΣΙΕΩΣ

254 459 370 541 ούμενοι
394 461 412 522 ἃ
435 461 585 543 βούλονται
613 461 838 531 κατασκευάζειν
873 457 909 522 δι’
949 460 1045 523 αὐτῶν
1080 464 1137 522 τῶν
1160 464 1347 524 κατασκευῶν
1371 461 1510 542 ἀναιρεῖν.

254 559 355 642 καίγτοι
371 568 473 647 μακρῷ
491 564 602 647 βέλτιον
611 562 673 647 <ἀν>
681 564 716 647 ἦν
732 565 779 626 καὶ
795 563 1061 647 εὐγνωμονέστερον
1077 564 1202 647 ἀναιρεῖν
1217 565 1268 632 τὰς
1284 564 1439 632 ὑποθέσεις
1455 562 1503 626 διὰ
1516 569 1565 626 102

254 666 306 746 τὴν
329 671 387 727 τῶν
411 667 561 747 ἑπομένων
583 667 683 736 αὐταῖς
706 668 836 742 ἀτοπίαν,
870 668 889 749 ἢ
911 672 972 736 τοῖς
994 667 1087 735 ούτως
1115 666 1232 735 ἀτόποις
1256 667 1303 729 διά
1326 667 1377 734 τάς
1400 666 1508 730 ὑποθέ-

254 789 313 835 σεις
336 770 540 852 παρίστασθαι.
578 773 604 832 οῖ
621 771 654 833 δὲ
675 773 723 833 καὶ
746 771 928 833 πιστεύουσιν
951 776 1011 839 τοῖς
1034 771 1232 839 ἀτοπωτάτοις
1256 771 1363 853 ῥαδίως
1386 770 1510 832 καὶτοῦ
1535 787 1550 828 ι

218 872 325 937 5κατά
358 872 442 955 λύγον
476 872 549 936 αὐτὰ
571 873 706 955 γενέσθαι
740 874 831 941 αἰτίας
858 872 936 941 τινάς
958 874 1049 954 λέγειν
1077 874 1130 936 οὐκ
1157 874 1298 936 δκνοιῖσιν.
1344 872 1420 934 ἀλλά
1448 877 1508 934 τῶν
1528 876 1630 931 XXXII

255 976 306 1055 μέν
330 975 466 1038 τοιούτων
490 977 553 1044 ἀλις
574 978 687 1057 (ἱκανὸν
710 977 763 1060 γὰρ
786 976 832 1059 ἐφ’
866 978 989 1040 ἑκάστου
1012 978 1045 1039 τδ
1068 976 1249 1045 ἐνδείξασθαι
1271 976 1323 1058 τὴν
1349 981 1401 1058 τῆς
1424 974 1510 1057 δύξης

255 1077 399 1158 ἀτοπίαν),
434 1080 539 1148 ἱκανῶς
561 1078 587 1142 δ’
615 1079 696 1162 οἶμαι
719 1080 914 1162 δεδηλῶσθαι,
949 1086 1012 1149 πῶς
1046 1080 1159 1161 λέγεται
1184 1080 1217 1141 τὸ
1240 1079 1288 1141 ἐπὶ
1310 1083 1352 1162 τῷ
1376 1078 1511 1160 φρονίμῳ
1528 1095 1554 1136 ιο

255 1178 328 1241 εἶναι
355 1182 387 1242 τὸ
415 1186 529 1264 φρονεῖν
558 1183 649 1244 καίτοι
678 1183 719 1265 μὴ
747 1182 900 1264 δυναμένῳ
928 1183 968 1264 μὴ
996 1187 1126 1265 φρονεῖν·
1161 1181 1195 1243 οὐ
1221 1180 1274 1263 γὰρ
1299 1183 1343 1244 ύτι
1369 1184 1429 1255 νύν,
1462 1178 1512 1242 ὅτε

255 1282 316 1344 ἐστὶ
350 1282 501 1366 φρόνιμος,
534 1281 580 1346 ἐπ’
609 1283 692 1367 αὐτῷ
716 1286 748 1346 τὸ
771 1281 843 1346 είναι
865 1284 987 1367 τοιούτῳ
1018 1283 1070 1366 (ἦν
1103 1283 1158 1368 γάρ
1180 1283 1215 1346 ἀν
1238 1285 1285 1346 καὶ
1319 1287 1370 1346 τοῦ
1394 1286 1443 1345 νύν
1468 1283 1511 1365 μὴ

207 1406 237 1450 10
256 1389 370 1468 φρονεῖν
393 1385 515 1469 κύριος),
539 1384 597 1448 ἀλλ’
627 1385 670 1448 ὅτι
692 1389 749 1470 πρὸ
771 1391 822 1449 τοῦ
846 1392 974 1456 τοιούτος
995 1386 1131 1467 γενέσθαι
1154 1385 1235 1470 είχεν
1258 1387 1358 1471 ὥσπερ
1374 1386 1434 1468 [δέ]
1458 1388 1509 1447 τοῦ

253 1486 388 1569 γενέσθαι
410 1488 502 1556 οὕτως
525 1489 557 1550 δὲ
580 1492 628 1551 καί
650 1493 699 1551 τοῦ
725 1490 766 1572 μὴ
789 1489 924 1571 γενέσθαι
947 1493 1075 1558 τοιούτος
1097 1490 1149 1571 τὴν
1165 1488 1305 1567 ἐξουσίαν,
1328 1487 1366 1551 δι’
1388 1489 1424 1570 ἣν
1441 1504 1552 1571 apo-15

255 1591 414 1673 ειρήκαμεν
436 1591 529 1654 αἰτίαν
551 1591 624 1673 πρὸς
646 1592 679 1652 τδ
701 1590 834 1672 γενέσθαι
858 1596 986 1660 τοιοῦτος
1002 1592 1182 1675 συνήργησεν
1197 1592 1288 1674 αὐτῷ.
1327 1591 1375 1654 ἐπί
1397 1591 1430 1653 δέ
1452 1595 1511 1651 τῶν

256 1694 335 1754 θεῶν
358 1691 411 1754 οὐκ
433 1691 479 1774 εἴη
504 1691 538 1754 ἀν
562 1694 593 1755 τὸ
617 1692 688 1755 εἶναι
707 1694 844 1761 τοιούτοις
867 1693 954 1778 (ὅπερ
977 1694 1012 1778 ἧν
1035 1696 1083 1757 καὶ
1105 1695 1177 1757 αὐτὸ
1200 1694 1230 1756 ἐν
1253 1696 1313 1761 τοῖς
1337 1690 1385 1754 ὑπ’
1413 1691 1512 1754 αὐτῶν

258 1795 491 1879 ἀπορουμένοις),
515 1795 559 1858 δτι
581 1798 636 1879 γάρ
659 1795 735 1858 ἐστιν
758 1795 854 1858 αὐτῶν
877 1797 907 1858 ἐν
930 1801 966 1879 τῇ
991 1797 1076 1880 φύσει
1105 1794 1163 1879 (τὸ)
1185 1800 1324 1867 τοιοῦτον,
1358 1794 1443 1857 οδδέν
1479 1794 1552 1856 δέεο

206 1919 235 1966 15
255 1904 313 1960 τῶν
336 1900 428 1966 οὕτως
451 1898 642 1982 ὑπαρχόντων
665 1897 711 1960 ἐπ’
739 1899 831 1983 αὐτῷ.
877 1898 925 1961 διὰ
946 1903 1031 1961 τοῦτο
1061 1899 1114 1982 γάρ
1138 1899 1173 1961 τὰ
1197 1900 1249 1981 μὲν
1272 1898 1390 1961 ἐκείνων
1414 1895 1513 1979 ἀγαθά

252 2002 332 2083 τίμιά
364 2025 395 2063 τε
428 2001 476 2063 καὶ
511 2002 683 2084 μακαριστά,
718 2003 817 2082 μεῖζόν
841 2026 866 2064 τι
889 2007 948 2064 τῶν
970 2002 1129 2064 ἐπαινετῶν
1164 2002 1285 2083 ἀγαθῶν
1315 1999 1433 2085 ἔχοντα,
1467 1998 1512 2061 ὅτι

254 2105 306 2186 τὴν
330 2104 426 2187 ἀρχὴν
452 2104 471 2184 ἡ
495 2103 580 2186 φύσις
603 2101 699 2164 αὐτῶν
722 2102 907 2171 ἀνεπίδεκτύς
930 2103 1017 2176 ἐστιν,
1041 2105 1127 2186 ἡμεῖς
1150 2104 1183 2165 δὲ
1204 2103 1253 2165 ἐπὶ
1276 2107 1313 2186 τῇ
1336 2104 1438 2186 κτήσει
1453 2106 1513 2165 τῶν

253 2206 365 2289 ἀρετῶν
388 2204 596 2286 ἐπαινούμεθα,
630 2203 683 2283 ὅτι,
718 2211 770 2288 τῆς
803 2206 920 2289 φύσεως
942 2207 1027 2288 ἡμῶν
1061 2206 1244 2289 ἐπιδεκτικῆς
1271 2203 1362 2289 οὔσης
1389 2207 1438 2268 καὶ
1460 2209 1552 2267 τοῦτο

255 2311 395 2393 χείρονος,
419 2308 471 2371 οὐκ
495 2308 668 2390 ὠκνήσαμεν
691 2310 763 2390 πρὸς
784 2308 820 2371 τά
844 2309 959 2392 βελτίω,
981 2310 1029 2372 καί
1052 2314 1110 2371 τῶν
1134 2310 1186 2391 μὲν
1210 2307 1352 2393 χειρύνων
1374 2308 1511 2391 ἀνιδρωτὶ

201 2433 234 2477 20
252 2413 299 2474 καὶ
322 2413 414 2495 χωρίς
437 2413 574 2492 καμάτων
597 2411 792 2494 περιγίνεσθαι
815 2411 987 2484 δοκούντων,
1009 2416 1063 2493 τῆς
1084 2411 1117 2474 δὲ
1139 2413 1246 2494 ἀρετῆς
1263 2409 1336 2488 μετὰ
1359 2408 1456 2472 πύνων
1481 2433 1511 2472 τε

253 2516 301 2576 καὶ
329 2514 401 2596 μετὰ
425 2514 561 2593 καμάτων
585 2514 632 2575 καὶ
655 2516 771 2575 πολλῶν
795 2514 935 2597 ἱδρώτων.
981 2511 1046 2597 ἔχει
1070 2512 1167 2593 μέντοι
1189 2514 1238 2576 καί
1261 2514 1276 2574 ύ
1299 2511 1441 2596 φρόνιμος
1463 2512 1511 2574 ἐπὶ

253 2624 311 2678 τῶν
334 2616 501 2679 καθέκαστα
524 2617 653 2699 πράξεων
676 2621 728 2678 τοῦ
750 2618 797 2679 καὶ
822 2617 862 2699 μὴ
887 2618 1022 2700 πράττειν
1045 2615 1136 2684 αιίτάς
1157 2617 1209 2697 τὴν
1232 2615 1374 2689 ἐξουσίαν,
1409 2613 1551 2677 εῖποτεεο

253 2720 394 2786 κάκείνοις
417 2718 532 2801 πράξεις
554 2720 628 2786 τινές
651 2720 771 2800 γίνοιντο
794 2721 860 2803 περί
883 2719 918 2781 τὰ
946 2720 1125 2803 ἐνδεχόμενα
1146 2721 1194 2781 καὶ
1217 2718 1315 2786 άλλως
1338 2716 1429 2801 ἔχειν.
1475 2715 1510 2778 οὐ

253 2823 307 2905 γὰρ
335 2819 484 2904 ἀφῄρηται
511 2822 562 2903 τὴν
589 2821 718 2889 ἐξουσίαν
742 2820 809 2885 οὔτε
835 2825 851 2885 ὁ
881 2821 991 2889 Πύθιος
1013 2826 1064 2884 τού
1092 2827 1134 2905 τῷ
1155 2822 1237 2906 αὐτῷ
1260 2821 1373 2904 χρῆσαί
1392 2844 1424 2882 τε
1446 2821 1495 2883 καὶ
1514 2824 1565 2880 104

201 2946 233 2993 2’5
254 2927 306 3008 μή,
341 2923 407 2986 ούτε
431 2926 446 2985 ὁ
471 2921 640 3006 Ασκληπιδς
662 2929 713 2987 τοῦ
748 2925 952 3008 παρίστασθαι.
997 2927 1101 2993 πάντες
1123 2929 1192 3005 γοῦν
1215 2924 1322 3008 σχεδδν
1355 2921 1510 3004 ἅνθρωποι

254 3027 483 3110 καταφεύγουσιν
506 3026 556 3088 ἐπ’
570 3027 667 3102 αὐτόν,
691 3025 763 3090 ἔνθα
787 3026 821 3089 ἀν
844 3026 1070 3111 ἐπιφανέστατος
1093 3025 1124 3109 ᾖ,
1148 3026 1372 3094 πεπιστευκότες
1387 3023 1432 3088 ύτι
1447 3029 1507 3092 τοῖς

254 3132 463 3201 σπουδάζουσιν
486 3128 574 3192 αὐτὸν
597 3127 676 3213 ἔχειν
701 3131 796 3213 ἰατρὸν
821 3133 932 3211 μᾶλλον
956 3135 1013 3192 τῶν
1037 3129 1071 3192 οὐ
1095 3128 1317 3201 σπουδαζόντων
1342 3127 1509 3190 ἐπιδίδωσιν
1537 3143 1553 3184 ε

254 3232 349 3296 αύτύν.

201 3406 603 3416 ——--—-———-

204 3527 215 3576 l
237 3524 355 3594 ἀναιρεῖν]
384 3525 413 3576 ἀν
432 3524 491 3576 add.
512 3541 535 3575 v.
555 3540 576 3575 c.
592 3527 613 3573 V
751 3524 766 3574 ‘2
790 3522 819 3574 ἂν
839 3523 927 3574 addidi
1052 3523 1095 3574 καί
1113 3539 1163 3575 om.
1182 3522 1221 3574 ιι12
1353 3521 1369 3573 3
1392 3521 1409 3588 ἦ
1429 3520 1513 3572 Lond.
1532 3524 1568 3574 0:

202 3619 232 3684 ού
254 3631 291 3682 sic
312 3634 342 3679 V:
371 3627 400 3679 οίι
423 3628 466 3680 rel.
619 3627 634 3677 7
662 3627 684 3678 δι
707 3626 734 3678 οἳ
875 3625 936 3677 7.8
963 3624 1102 3684 'cbedvat
1125 3626 1153 3677 τὸ
1173 3624 1285 3696 φρονεῖν]
1312 3626 1338 3676 ἐν
1361 3623 1449 3693 μηδενὶ
1474 3622 1503 3675 δν
1526 3621 1567 3687 (ὃν

201 3719 273 3788 φύσει
292 3719 345 3779 Es)
366 3715 396 3768 τὸ
419 3722 517 3786 φρονεῖν
541 3713 611 3783 φύσει
631 3719 654 3766 Η
668 3732 704 3785 γρ.
720 3717 763 3767 ES
893 3713 909 3765 8
929 3729 966 3781 pr.
985 3712 1026 3778 τὸ]
1046 3712 1059 3764 ὸ
1078 3714 1107 3765 in
1125 3713 1165 3765 lit.
1185 3717 1208 3765 V
1351 3718 1451 3782 φρονεῖν
1471 3710 1568 3775 καίτοι]

202 3824 280 3878 ρονειν
300 3804 381 3856 καίτοι
400 3804 429 3854 in
448 3803 549 3870 mg.V¹
655 3801 785 3870 δυναμένῳ
811 3801 845 3871 μὴ
871 3801 977 3868 scripsi:
1006 3801 1150 3868 δυναμένων
1170 3800 1199 3852 τὸ
1218 3799 1294 3852 Va¹²z
1322 3799 1462 3866 δυναμένου
1480 3798 1510 3850 τὸ
1529 3799 1567 3868 μὴ

202 3894 247 3946 13⁹:
275 3892 406 3960 δυναμένῳ
425 3889 454 3941 τὸ
477 3888 505 3941 ού
524 3889 607 3941 ΙιοοιΙ.
627 3893 663 3942 Οτ
691 3889 819 3957 δυναμένῳ
838 3888 868 3941 οίι
887 3889 959 3941 θύει
988 3888 1048 3957 [μὴ]
1068 3888 1197 3957 δυναμένῳ
1215 3888 1274 3940 τότε
1292 3886 1322 3940 ού
1341 3887 1409 3939 coni.
1428 3889 1464 3939 02
1493 3885 1567 3938 δυνα-

201 3999 269 4066 μένῳ
293 3998 349 4048 τότε
373 3996 402 4047 οὐ
423 3996 542 4061 (ἵκομί)
659 3990 697 4044 δτι
721 3993 769 4044 ἀεί.
789 3991 835 4044 Βέτ
868 3992 905 4044 ἔτι
924 3993 1023 4045 Gercke
1147 3992 1177 4043 10
1205 3993 1249 4043 alt.
1268 3996 1313 4044 τοῦ
1332 3994 1388 4045 RS:
1418 3978 1445 4043 δέ
1468 3996 1513 4043 τού
1535 3996 1567 4044 V:

201 4089 248 4152 llll
264 4090 308 4136 τοῦ
333 4088 365 4135 B:
394 4083 421 4134 δέ
440 4086 484 4133 τοῦ
503 4081 552 4131 ³¹²:
581 4082 627 4150 γὰρ
650 4085 695 4131 τοῦ
714 4085 736 4132 11
758 4096 822 4147 mg.:
851 4078 881 4149 δὴ
900 4085 946 4132 τοῦ
966 4082 1085 4147 θεομθ
1191 4080 1218 4131 11
1241 4077 1530 4148 καίδι’1γνΙ,υιιι1.ί)

205 4172 235 4224 12
263 4172 334 4242 αύτῷ
357 4176 379 4223 V
546 4168 576 4219 13
604 4167 652 4218 οὒκ
676 4167 714 4236 είιγ
739 4168 845 4234 scripsi:
874 4163 961 4218 οὐκέτ’
987 4167 1060 4219 libri:
1088 4165 1136 4218 οδκ
1160 4162 1214 4217 ἔστ’
1240 4169 1282 4219 Es
1458 4170 1568 4219 τοιοῦτοι

202 4261 300 4313 Gercko
407 4255 450 4309 ὑπ’
471 4257 574 4309 ἐκείνων
595 4262 616 4308 0
750 4256 780 4306 14
808 4255 836 4305 τὸ
861 4255 920 4306 add.
943 4258 989 4307 110
1119 4255 1148 4305 15
1178 4249 1219 4305 ἐπ’
1244 4253 1330 4305 αὐτῶν
1352 4254 1451 4306 Gercke

202 4349 247 4417 μὲν
274 4364 324 4398 om.
348 4351 370 4398 0
482 4347 512 4395 111
540 4345 681 4411 μακάριστα
703 4346 724 4392 V
852 4342 882 4392 17
911 4341 995 4393 αύτῶν
1019 4344 1075 4404 (τοῦ
1094 4342 1218 4413 χείρονος)
1243 4345 1265 4394 O
1404 4339 1567 4398 ἀνεπίδικτος

201 4437 238 4488 ῶν
262 4435 379 4487 ἐναντίων
405 4433 438 4485 13²
543 4435 576 4502 τῇ,
601 4446 650 4481 om.
670 4433 692 4479 0
801 4429 879 4481 κτίσει
905 4430 943 4481 8¹²
1090 4431 1118 4479 111
1147 4430 1201 4493 καὶ]
1230 4429 1312 4480 καίτοι
1337 4429 1437 4480 (ἰεττίιυ
1455 4428 1566 4479 fortasse

202 4529 271 4577 recte
378 4520 411 4572 20
439 4517 616 4588 παραγίνεσθαι
639 4518 715 4583 Οιυρ.
740 4520 762 4569 O
870 4516 902 4567 22
927 4516 1019 4583 εἴποτε]
1044 4515 1092 4568 εῖτε
1113 4520 1146 4566 V'
1171 4521 1244 4580 (corr.
1265 4533 1287 4566 v.
1303 4517 1335 4578 c.)
1428 4515 1461 4566 24
1487 4515 1566 4584 ἀφήρ-

201 4646 275 4698 τηται
297 4628 324 4678 π’)
451 4629 496 4675 τοῦ
514 4626 552 4690 τῳ
571 4624 621 4674 ³¹²:
649 4610 694 4674 τού
714 4610 751 4674 τῶ
771 4624 808 4673 sic
828 4626 858 4672 V:
878 4620 960 4689 τούτῳ
983 4625 1036 4673 VIS:
1065 4637 1110 4671 του
1129 4619 1236 4687 τιμίοις.
1344 4623 1437 4689 χρῆσαι
1459 4617 1568 4672 Grotius

202 4719 240 4778 (in
257 4718 333 4776 νοτε.)
353 4714 494 4764 Schwartz:
514 4709 624 4782 χρῆσθαί
642 4729 668 4761 τε
688 4711 730 4760 καί
744 4726 766 4760 ν.
781 4725 803 4761 c.
815 4714 845 4760 V:
865 4709 984 4779 χρήσεται
1003 4708 1046 4759 καί
1058 4709 1091 4758 V¹
1205 4706 1239 4757 ‘25
1259 4704 1400 4773 ἀσκληπιοσ
1421 4710 1443 4757 V

202 4800 366 4872 παρίστασθαι
380 4801 446 4851 coni.
458 4803 494 4850 (λε
515 4796 678 4868 προίστασθαι
697 4795 755 4847 libri
847 4797 955 4848 fortasse
975 4795 1138 4865 παρίστασθαι
1157 4798 1194 4856 (τε
1213 4796 1256 4846 καί
1274 4794 1322 4862 μίγ>
1408 4793 1441 4844 27
1465 4793 1495 4845 οίι
1509 4811 1532 4845 ι.
1545 4809 1567 4845 ε.

202 4889 390 4943 λίιιίέιῶσθ1
497 4885 667 4938 ’ἐθαύτὸνλί
