3540 5610
249 290 359 350 xxxurrr
832 283 1028 338 PRAEFATIO

249 461 362 526 dibilia
389 459 569 525 Parisinum
598 458 630 525 S.
680 478 754 524 raro
781 457 813 522 in
844 456 979 540 singulis
1005 456 1211 521 inveniuntur
1236 455 1392 521 lectiones
1422 454 1606 521 considera-

249 578 337 645 tione
352 578 480 662 dignae,
502 586 538 644 nt
559 579 745 664 21521130
767 577 888 661 223,14
909 577 1017 660 227,5.
1030 578 1069 640 21
1094 575 1235 659 basaa
1258 575 1388 659 231,13.
1422 574 1510 640 levia
1532 582 1606 640 sunt

251 707 283 766 et
305 719 346 764 ex
368 706 461 783 parte
484 698 633 764 ridentur
654 697 697 763 ad
719 697 900 762 Parisinum
922 697 950 761 R
971 695 1086 761 redire.

199 817 244 885 A²
335 817 447 901 Neque
470 818 571 882 multa
592 817 762 901 adscripsit
783 818 886 883 altera
901 814 1017 882 Veneti
1040 834 1154 880 manus
1169 835 1273 899 neque
1288 833 1371 897 quae
1386 813 1607 896 adscripserit,

252 945 339 1006 certo
367 936 443 1001 mihi
473 936 562 1001 licuit
588 935 856 1002 circumscribere.
900 934 1051 999 ridentur
1072 940 1180 1000 autem
1202 933 1326 1019 primae
1349 951 1463 997 manus
1485 951 1607 998 correc-

252 1066 342 1124 turae
371 1077 441 1122 esse
469 1075 543 1139 eae,
571 1055 757 1138 quibuscum
786 1054 988 1120 consentiunt
1011 1052 1128 1136 BOPS,
1155 1061 1190 1118 ut
1212 1053 1342 1137 21526.
1356 1053 1394 1118 31
1423 1051 1607 1135 235,2-3.

252 1183 363 1243 contra
384 1175 453 1241 iure
475 1174 551 1239 milri
572 1174 684 1241 videor
706 1173 876 1240 correctori
898 1173 1016 1240 aetatis
1039 1172 1170 1239 minoris
1191 1173 1332 1238 tribuere
1355 1191 1404 1256 ea,
1427 1192 1512 1255 quae
1535 1193 1609 1239 con·

250 1294 374 1361 iectura
395 1313 435 1359 cx
458 1301 550 1378 parte
576 1294 661 1359 falsa
686 1293 819 1359 inventa
845 1299 934 1375 sunt,
960 1297 995 1357 ut
1017 1293 1093 1356 ἐστιν
1116 1291 1189 1356 εἶναι
1211 1292 1329 1375 214,11
1355 1293 1606 1377 01214,·29.31.

251 1420 379 1479 secutus
406 1433 475 1478 sum
503 1433 575 1478 eam
609 1413 707 1496 211,1
735 1412 865 1494 23221.
910 1410 975 1477 alia
1002 1431 1043 1477 ex
1069 1411 1215 1477 Parisino
1241 1411 1270 1476 R
1295 1418 1382 1478 recte
1414 1412 1607 1498 desumpsit:

251 1535 369 1618 21421
393 1534 493 1605 219,2
515 1532 635 1616 23328
657 1531 756 1614 235,6
778 1530 907 1615 23526.

200 1655 228 1718 R
338 1654 450 1719 Restat
472 1652 578 1735 igitur,
601 1659 636 1715 ut
658 1651 699 1716 de
721 1651 910 1717 ParisinoR
931 1650 1077 1716 iudicem.
1122 1670 1187 1715 non
1206 1650 1328 1734 pendet
1349 1671 1389 1717 en
1411 1651 1501 1717 fonte
1523 1652 1610 1717 codi-

252 1794 322 1839 cum
345 1772 461 1855 BOPS,
484 1791 559 1836 nam
582 1771 696 1855 21321
719 1771 1040 1855 235,4238,14n0n
1064 1777 1113 1836 est
1135 1772 1316 1837 lacunosus.
1354 1791 1425 1837 cum
1447 1772 1475 1836 Α
1498 1778 1609 1837 autem

252 1893 305 1959 bic
337 1912 463 1977 quoque
496 1890 575 1956 mire
605 1890 773 1957 consentit.
825 1889 871 1955 ita
897 1889 1047 1973 religiose
1075 1891 1297 1974 compendium
1326 1891 1485 1972 servarit,
1520 1892 1609 1975 quod

252 2012 349 2080 etiam
371 2013 448 2077 1οΑ
470 2017 577 2077 exstat
599 2032 656 2095 pro
680 2013 789 2080 ὑλικαῖς
810 2010 1020 2091 neglegenter
1042 2008 1212 2074 formatum
1236 2010 1394 2096 (male),
1416 2011 1479 2078 boc
1501 2011 1609 2078 BOPS

252 2130 335 2197 falso
358 2132 523 2197 solverunt
545 2131 577 2195 in
600 2132 719 2214 ὁτικαῖς,
741 2135 905 2194 autnon
927 2126 1124 2193 intellectum
1148 2129 1255 2196 omisit
1273 2151 1376 2197 vacuo
1399 2132 1521 2198 relicto.
1555 2151 1611 2214 ge-

252 2251 384 2316 nuinum
406 2251 540 2336 praebet
561 2251 598 2333 R,
622 2250 675 2315 ubi
698 2254 726 2314 A
749 2253 916 2332 corruptus
939 2254 997 2332 cst,
1021 2269 1085 2314 non
1109 2268 1208 2332 saepe
1230 2250 1368 2335 quidem,
1392 2251 1451 2317 sed
1474 2251 1613 2336 praebet

252 2391 334 2435 unus
358 2371 456 2454 213,9
484 2370 604 2454 meac
631 2370 729 2450 abac
758 2368 889 2451 23728.
902 2369 957 2453 31;
984 2369 1142 2433 accedunt
1169 2368 1198 2434 ei
1225 2369 1302 2455 loci,
1333 2370 1387 2435 ubi
1414 2369 1458 2436 A'
1479 2369 1546 2435 dixi
1569 2389 1612 2435 ex

251 2489 280 2553 R
302 2489 458 2555 Venatum
486 2488 673 2554 correxisse.
716 2488 775 2553 sed
797 2488 903 2553 obstat
929 2487 980 2552 bis
1006 2487 1178 2553 virtutibus
1204 2490 1305 2555 multo
1334 2489 1436 2555 maior
1457 2508 1533 2573 pars
1557 2488 1613 2554 de-

252 2616 459 2693 pravatarum
481 2609 666 2690 lectionum,
695 2627 776 2690 quas
806 2628 846 2673 ex
874 2606 1084 2672 adnotatione
1112 2608 1186 2673 nolo
1210 2608 1262 2673 bie
1289 2615 1443 2694 repetere.
1488 2627 1553 2692 qua
1577 2628 1612 2674 re

252 2729 455 2796 verisimilius
482 2734 544 2811 est,
578 2727 758 2793 Parisinum
787 2728 962 2812 quoquell
994 2727 1216 2810 apographum
1244 2747 1340 2811 quam
1372 2726 1505 2793 fratrem
1538 2745 1612 2792 esse

253 2849 379 2914 Veneti.
423 2855 509 2914 certe
537 2847 589 2913 bic
610 2848 853 2913 fundamentum
882 2845 1078 2913 recensionis
1101 2846 1198 2913 debet
1219 2867 1306 2931 esse,
1332 2867 1427 2930 quem
1452 2845 1487 2911 in
1508 2865 1611 2930 appa·

254 2975 325 3033 ratu
360 2989 431 3033 cum
466 2968 612 3034 Parisino
646 2968 673 3031 R
705 2967 863 3048 integrum
896 2967 1049 3049 proposui
1084 2987 1124 3032 ex
1157 2966 1264 3033 BOPS
1300 2967 1452 3050 graviora
1484 2972 1611 3031 tantum

254 3087 424 3153 adnotans.
459 3125 499 3133 -
533 3087 680 3170 Denique
707 3106 821 3151 moneo
855 3086 1003 3151 lacunam
1037 3086 1071 3150 in
1098 3085 1276 3171 archetypo
1308 3086 1483 3152 indicatam
1509 3084 1613 3151 fuisse

255 3209 385 3292 229,21.

340 3328 493 3393 Venimus
520 3329 562 3393 ad
588 3333 715 3393 veteres
742 3325 909 3390 versiones
936 3325 1064 3410 latinas,
1099 3346 1232 3410 quarum
1266 3326 1347 3391 duas
1379 3325 1456 3390 novi
1479 3324 1612 3391 Caurum

254 3447 485 3532 Anglarieusis,
520 3467 601 3531 quae
628 3445 764 3529 primum
793 3444 910 3527 prodiit
938 3445 1081 3511 Venetiis
1115 3447 1231 3529 1555¹)
1256 3444 1414 3528 (editione
1442 3464 1519 3509 usus
1542 3465 1613 3510 sum

255 3567 330 3632 anui
357 3568 463 3650 1559),
497 3573 529 3631 01
551 3564 658 3630 lacobi
683 3565 834 3629 Sermouu
861 3562 1043 3647 (Tubingae
1074 3566 1179 3649 1540).
1235 3572 1381 3632 neutram
1413 3565 1447 3629 in
1478 3564 1614 3630 adnota-

255 3687 375 3753 tionem
398 3685 538 3751 criticam
562 3684 679 3767 reoepi.
724 3703 798 3748 nam
822 3682 991 3748 Caninium
1013 3682 1082 3748 sivo
1107 3684 1224 3749 Aldina
1246 3684 1315 3750 sive
1338 3684 1476 3766 gemello
1492 3685 1613 3750 codicis

256 3807 284 3871 R
306 3826 397 3870 usum
421 3825 493 3870 esso
516 3804 714 3869 demonstrat
736 3805 861 3885 lacuna,
890 3822 974 3885 quae
997 3802 1114 3883 abael
1142 3801 1283 3868 hiscum
1308 3802 1435 3869 Caninii
1458 3805 1615 3890 interpre-

256 3925 377 3990 tatione
400 3923 576 3988 communis
599 3931 657 3988 ost.
702 3924 777 3989 item
801 3923 917 4004 225,lb
940 3921 972 3985 in
995 3921 1102 3986 verbis
1124 3921 1308 4005 interpretis
1335 3945 1424 4002 „cam
1445 3946 1515 3988 cero
1539 3925 1613 3988 tolia

256 4046 304 4124 ait,
327 4045 492 4107 accessorio
514 4042 739 4106 alterutrum
760 4044 835 4127 ipsis
857 4042 1012 4104 ‹lorrtuaot
1033 4042 1194 4105 dicendam
1220 4043 1298 4105 erit‘
1327 4043 1531 4125 cognoscitur
1553 4044 1615 4109 Pa·

257 4161 388 4226 risiniR
411 4161 504 4226 lectio
528 4167 655 4230 1010111ος
677 4163 709 4224 δὲ
732 4162 772 4224 ὢν
788 4161 834 4245 εἴη
858 4161 892 4224 ἂν
915 4161 1002 4245 μέχρι
1025 4167 1158 4245 φωνῆσαι
1174 4162 1234 4223 δύο
1250 4160 1349 4230 αὐτοῖς
1364 4163 1462 4248 μόνης.
1508 4183 1614 4248 neque

257 4283 371 4349 tacebo
394 4282 426 4346 in
450 4283 556 4347 media
579 4288 670 4364 parte
698 4279 791 4344 buius
813 4280 970 4345 versionis
998 4299 1147 4362 magnam
1175 4279 1266 4345 hiare
1292 4263 1451 4347 lacunam.
1496 4283 1616 4348 desunt

258 4403 341 4468 enim
364 4401 540 4467 Alexandri
566 4400 666 4466 verba
691 4400 727 4463 τὰ
750 4399 905 4484 μιγνύμενα
933 4420 1033 4481 usque
1060 4399 1102 4463 ad
1126 4401 1288 4484 parallelis
1316 4398 1615 4487 (⁵229,4·-⁵230,l3).

258 4541 341 4604 quae
363 4527 469 4586 utrum
492 4521 523 4584 iu
548 4520 676 4584 officina
697 4517 850 4603 perierint
873 4518 974 4582 latina
996 4539 1038 4583 an
1061 4519 1103 4583 ad
1119 4538 1269 4601 graecum
1286 4520 1452 4603 exemplar
1467 4520 1615 4586 mutilum

257 4640 459 4706 referendum
487 4640 529 4704 sit
554 4639 640 4722 quod
667 4637 796 4718 desunt,
820 4638 938 4720 nescio,
962 4637 1018 4703 scd
1046 4637 1253 4703 memorabile
1285 4645 1334 4704 est
1361 4646 1433 4723 post
1461 4661 1616 4723 magnum

330 4896 349 4964 ¹)
369 4895 407 4950 Ci.
426 4896 567 4949 Hoffmann
586 4894 647 4949 Lex.
667 4895 838 4961 1111011111.
