<?xml version="1.0" encoding="UTF-8"?>
<!DOCTYPE html PUBLIC "-//W3C//DTD XHTML 1.0 Transitional//EN"
    "http://www.w3.org/TR/xhtml1/DTD/xhtml1-transitional.dtd">
<html xmlns="http://www.w3.org/1999/xhtml" xml:lang="en" lang="en">
 <head>
  <title>
</title>
<meta http-equiv="Content-Type" content="text/html;charset=utf-8" />
  <meta name='ocr-system' content='tesseract 3.04.00' />
  <meta name='ocr-capabilities' content='ocr_page ocr_carea ocr_par ocr_line ocrx_word'/>
</head>
<body>
  <div class='ocr_page' id='page_1' title='image "./supplementumari02arisgoog/supplementumari02arisgoog_0118.png"; bbox 0 0 3540 5610; ppageno 0'>
   <div class='ocr_carea' id='block_1_1' title="bbox 686 325 1092 381">
    <p class='ocr_par' dir='ltr' id='par_1_1' title="bbox 686 325 1092 381">
     <span class='ocr_line' id='line_1_1' title="bbox 686 325 1092 381; baseline 0.002 -2"><span class='ocrx_word' id='word_1_1' title='bbox 686 325 889 380; x_wconf 80' lang='lat' dir='ltr'>ALEXANDRI</span> <span class='ocrx_word' id='word_1_2' title='bbox 912 326 957 379; x_wconf 85' lang='lat' dir='ltr'><strong>DE</strong></span> <span class='ocrx_word' id='word_1_3' title='bbox 982 326 1092 381; x_wconf 78' lang='lat' dir='ltr'><strong>ANIrrh</strong></span> 
     </span>
    </p>
   </div>
   <div class='ocr_carea' id='block_1_2' title="bbox 215 497 1569 3154">
    <p class='ocr_par' dir='ltr' id='par_1_2' title="bbox 265 497 1517 892">
     <span class='ocr_line' id='line_1_2' title="bbox 267 497 1516 585; baseline -0.002 -23"><span class='ocrx_word' id='word_1_4' title='bbox 267 501 336 581; x_wconf 76' lang='grc' dir='ltr'><strong>ἡμῖν</strong></span> <span class='ocrx_word' id='word_1_5' title='bbox 357 503 425 568; x_wconf 93' lang='grc' dir='ltr'><strong>νοῦς</strong></span> <span class='ocrx_word' id='word_1_6' title='bbox 446 497 531 568; x_wconf 86' lang='grc' dir='ltr'><strong>οῦτύς</strong></span> <span class='ocrx_word' id='word_1_7' title='bbox 545 499 632 576; x_wconf 83' lang='grc' dir='ltr'><strong>ἐστιν,</strong></span> <span class='ocrx_word' id='word_1_8' title='bbox 655 497 712 585; x_wconf 79' lang='grc' dir='ltr'><strong>[ὅτι</strong></span> <span class='ocrx_word' id='word_1_9' title='bbox 733 497 876 584; x_wconf 84' lang='grc' dir='ltr'><strong>χωριστύς</strong></span> <span class='ocrx_word' id='word_1_10' title='bbox 898 522 930 562; x_wconf 89' lang='grc' dir='ltr'><strong>τε</strong></span> <span class='ocrx_word' id='word_1_11' title='bbox 948 499 979 561; x_wconf 83' lang='grc' dir='ltr'><strong>ἐν</strong></span> <span class='ocrx_word' id='word_1_12' title='bbox 1002 500 1071 583; x_wconf 80' lang='grc' dir='ltr'><strong>ἡμῖν</strong></span> <span class='ocrx_word' id='word_1_13' title='bbox 1087 499 1135 562; x_wconf 82' lang='grc' dir='ltr'><strong>καὶ</strong></span> <span class='ocrx_word' id='word_1_14' title='bbox 1150 497 1298 583; x_wconf 82' lang='grc' dir='ltr'><strong>ἄφθαρτος</strong></span> <span class='ocrx_word' id='word_1_15' title='bbox 1319 503 1397 574; x_wconf 98' lang='grc' dir='ltr'><strong>νοῦς,</strong></span> <span class='ocrx_word' id='word_1_16' title='bbox 1420 498 1452 561; x_wconf 85' lang='grc' dir='ltr'><strong>ὃν</strong></span> <span class='ocrx_word' id='word_1_17' title='bbox 1468 498 1516 560; x_wconf 86' lang='grc' dir='ltr'><strong>καὶ</strong></span> 
     </span>
     <span class='ocr_line' id='line_1_3' title="bbox 268 598 1515 687; baseline 0.001 -24"><span class='ocrx_word' id='word_1_18' title='bbox 268 601 394 685; x_wconf 78' lang='grc' dir='ltr'><strong>θύραθεν</strong></span> <span class='ocrx_word' id='word_1_19' title='bbox 413 600 617 687; x_wconf 78' lang='grc' dir='ltr'>Ἀριστοτέλης</span> <span class='ocrx_word' id='word_1_20' title='bbox 639 601 732 684; x_wconf 68' lang='grc' dir='ltr'><strong>λέγει,</strong></span> <span class='ocrx_word' id='word_1_21' title='bbox 746 606 812 671; x_wconf 89' lang='grc' dir='ltr'><strong>νοῦς</strong></span> <span class='ocrx_word' id='word_1_22' title='bbox 835 599 975 670; x_wconf 80' lang='grc' dir='ltr'><strong>ύέΕιοθεν</strong></span> <span class='ocrx_word' id='word_1_23' title='bbox 997 600 1146 685; x_wconf 71' lang='grc' dir='ltr'>γινόμενος</span> <span class='ocrx_word' id='word_1_24' title='bbox 1168 601 1198 664; x_wconf 83' lang='grc' dir='ltr'><strong>ἐν</strong></span> <span class='ocrx_word' id='word_1_25' title='bbox 1220 598 1313 687; x_wconf 53' lang='lat' dir='ltr'><strong>ipim]</strong></span> <span class='ocrx_word' id='word_1_26' title='bbox 1336 600 1396 664; x_wconf 83' lang='grc' dir='ltr'><strong>ἀλλ’</strong></span> <span class='ocrx_word' id='word_1_27' title='bbox 1417 599 1474 686; x_wconf 80' lang='grc' dir='ltr'><strong>οὐχ</strong></span> <span class='ocrx_word' id='word_1_28' title='bbox 1496 602 1515 684; x_wconf 79' lang='grc' dir='ltr'><strong>ἡ</strong></span> 
     </span>
     <span class='ocr_line' id='line_1_4' title="bbox 268 702 1517 793; baseline 0 -27"><span class='ocrx_word' id='word_1_29' title='bbox 268 704 386 787; x_wconf 84' lang='grc' dir='ltr'><strong>δύναμις</strong></span> <span class='ocrx_word' id='word_1_30' title='bbox 407 709 461 788; x_wconf 70' lang='grc' dir='ltr'><strong>τῆς</strong></span> <span class='ocrx_word' id='word_1_31' title='bbox 482 703 512 767; x_wconf 81' lang='grc' dir='ltr'><strong>ἐν</strong></span> <span class='ocrx_word' id='word_1_32' title='bbox 530 705 599 788; x_wconf 76' lang='grc' dir='ltr'><strong>ἡμῖν</strong></span> <span class='ocrx_word' id='word_1_33' title='bbox 615 709 725 790; x_wconf 81' lang='grc' dir='ltr'><strong>ψυχῆς,</strong></span> <span class='ocrx_word' id='word_1_34' title='bbox 747 705 816 768; x_wconf 79' lang='grc' dir='ltr'><strong>οὐδὲ</strong></span> <span class='ocrx_word' id='word_1_35' title='bbox 835 706 854 788; x_wconf 79' lang='grc' dir='ltr'>ἡ</span> <span class='ocrx_word' id='word_1_36' title='bbox 870 703 937 780; x_wconf 75' lang='grc' dir='ltr'><strong>ἕξις,</strong></span> <span class='ocrx_word' id='word_1_37' title='bbox 960 702 1029 767; x_wconf 80' lang='grc' dir='ltr'><strong>καθ’</strong></span> <span class='ocrx_word' id='word_1_38' title='bbox 1049 705 1085 788; x_wconf 80' lang='grc' dir='ltr'><strong>ἣν</strong></span> <span class='ocrx_word' id='word_1_39' title='bbox 1108 702 1164 772; x_wconf 78' lang='grc' dir='ltr'><strong>ἕξιν</strong></span> <span class='ocrx_word' id='word_1_40' title='bbox 1181 704 1197 766; x_wconf 85' lang='grc' dir='ltr'>ὁ</span> <span class='ocrx_word' id='word_1_41' title='bbox 1213 705 1332 793; x_wconf 77' lang='grc' dir='ltr'><strong>δυνάμει</strong></span> <span class='ocrx_word' id='word_1_42' title='bbox 1353 708 1419 774; x_wconf 88' lang='grc' dir='ltr'><strong>νοῦς</strong></span> <span class='ocrx_word' id='word_1_43' title='bbox 1435 704 1471 766; x_wconf 90' lang='grc' dir='ltr'><strong>τά</strong></span> <span class='ocrx_word' id='word_1_44' title='bbox 1485 726 1517 766; x_wconf 82' lang='grc' dir='ltr'><strong>τε</strong></span> 
     </span>
     <span class='ocr_line' id='line_1_5' title="bbox 265 804 1516 892; baseline -0.002 -23"><span class='ocrx_word' id='word_1_45' title='bbox 265 805 342 869; x_wconf 77' lang='grc' dir='ltr'><strong>ἄλλα</strong></span> <span class='ocrx_word' id='word_1_46' title='bbox 366 808 416 870; x_wconf 85' lang='grc' dir='ltr'><strong>καὶ</strong></span> <span class='ocrx_word' id='word_1_47' title='bbox 438 811 537 883; x_wconf 85' lang='grc' dir='ltr'><strong>τοῦτον</strong></span> <span class='ocrx_word' id='word_1_48' title='bbox 563 810 632 869; x_wconf 85' lang='grc' dir='ltr'><strong>νοεῖ.</strong></span> <span class='ocrx_word' id='word_1_49' title='bbox 677 805 737 869; x_wconf 83' lang='grc' dir='ltr'><strong>ἀλλ’</strong></span> <span class='ocrx_word' id='word_1_50' title='bbox 765 805 834 869; x_wconf 78' lang='grc' dir='ltr'><strong>οὐδὲ</strong></span> <span class='ocrx_word' id='word_1_51' title='bbox 859 807 891 869; x_wconf 90' lang='grc' dir='ltr'><strong>τδ</strong></span> <span class='ocrx_word' id='word_1_52' title='bbox 918 804 1015 890; x_wconf 90' lang='grc' dir='ltr'><strong>νύημα</strong></span> <span class='ocrx_word' id='word_1_53' title='bbox 1040 808 1081 874; x_wconf 93' lang='grc' dir='ltr'><strong>ῶς</strong></span> <span class='ocrx_word' id='word_1_54' title='bbox 1107 804 1204 889; x_wconf 85' lang='grc' dir='ltr'><strong>νύημα</strong></span> <span class='ocrx_word' id='word_1_55' title='bbox 1230 805 1379 892; x_wconf 72' lang='grc' dir='ltr'><strong>ἄφθαρτον</strong></span> <span class='ocrx_word' id='word_1_56' title='bbox 1409 806 1457 869; x_wconf 85' lang='grc' dir='ltr'><strong>διὰ</strong></span> <span class='ocrx_word' id='word_1_57' title='bbox 1483 805 1516 868; x_wconf 88' lang='grc' dir='ltr'><strong>τδ</strong></span> 
     </span>
    </p>

    <p class='ocr_par' dir='ltr' id='par_1_3' title="bbox 234 907 1517 1096">
     <span class='ocr_line' id='line_1_6' title="bbox 234 907 1517 994; baseline 0.003 -27"><span class='ocrx_word' id='word_1_58' title='bbox 234 909 419 993; x_wconf 76' lang='grc' dir='ltr'><strong>σνοούμενον</strong></span> <span class='ocrx_word' id='word_1_59' title='bbox 445 907 519 972; x_wconf 83' lang='grc' dir='ltr'><strong>τότε.</strong></span> <span class='ocrx_word' id='word_1_60' title='bbox 564 909 608 971; x_wconf 86' lang='grc' dir='ltr'><strong>διδ</strong></span> <span class='ocrx_word' id='word_1_61' title='bbox 631 908 674 978; x_wconf 75' lang='grc' dir='ltr'><strong>οἷς</strong></span> <span class='ocrx_word' id='word_1_62' title='bbox 697 907 779 992; x_wconf 79' lang='grc' dir='ltr'><strong>μέλει</strong></span> <span class='ocrx_word' id='word_1_63' title='bbox 803 912 855 972; x_wconf 91' lang='grc' dir='ltr'><strong>τοῦ</strong></span> <span class='ocrx_word' id='word_1_64' title='bbox 876 907 954 994; x_wconf 87' lang='grc' dir='ltr'><strong>ἔχειν</strong></span> <span class='ocrx_word' id='word_1_65' title='bbox 976 932 1004 971; x_wconf 89' lang='grc' dir='ltr'><strong>τι</strong></span> <span class='ocrx_word' id='word_1_66' title='bbox 1025 909 1105 972; x_wconf 88' lang='grc' dir='ltr'><strong>θεῖον</strong></span> <span class='ocrx_word' id='word_1_67' title='bbox 1127 909 1158 973; x_wconf 83' lang='grc' dir='ltr'><strong>ἐν</strong></span> <span class='ocrx_word' id='word_1_68' title='bbox 1180 908 1292 989; x_wconf 86' lang='grc' dir='ltr'><strong>αὑτοῖς,</strong></span> <span class='ocrx_word' id='word_1_69' title='bbox 1319 909 1428 978; x_wconf 76' lang='grc' dir='ltr'><strong>τούτοις</strong></span> <span class='ocrx_word' id='word_1_70' title='bbox 1451 931 1517 992; x_wconf 86' lang='grc' dir='ltr'><strong>προ-</strong></span> 
     </span>
     <span class='ocr_line' id='line_1_7' title="bbox 265 1010 996 1096; baseline -0.001 -21"><span class='ocrx_word' id='word_1_71' title='bbox 265 1012 384 1096; x_wconf 79' lang='grc' dir='ltr'><strong>νοητέον</strong></span> <span class='ocrx_word' id='word_1_72' title='bbox 407 1015 459 1074; x_wconf 92' lang='grc' dir='ltr'><strong>τοῦ</strong></span> <span class='ocrx_word' id='word_1_73' title='bbox 481 1010 623 1074; x_wconf 89' lang='grc' dir='ltr'><strong>δύνασθαι</strong></span> <span class='ocrx_word' id='word_1_74' title='bbox 644 1016 718 1074; x_wconf 89' lang='grc' dir='ltr'><strong>νοεῖν</strong></span> <span class='ocrx_word' id='word_1_75' title='bbox 741 1034 767 1073; x_wconf 94' lang='grc' dir='ltr'><strong>τι</strong></span> <span class='ocrx_word' id='word_1_76' title='bbox 789 1012 837 1074; x_wconf 78' lang='grc' dir='ltr'><strong>καὶ</strong></span> <span class='ocrx_word' id='word_1_77' title='bbox 859 1015 996 1074; x_wconf 78' lang='grc' dir='ltr'><strong>τοιοῦτον.</strong></span> 
     </span>
    </p>

    <p class='ocr_par' dir='ltr' id='par_1_4' title="bbox 263 1111 1557 1404">
     <span class='ocr_line' id='line_1_8' title="bbox 351 1111 1557 1198; baseline -0.005 -20"><span class='ocrx_word' id='word_1_78' title='bbox 351 1111 388 1178; x_wconf 77' lang='grc' dir='ltr'><strong>Εἰ</strong></span> <span class='ocrx_word' id='word_1_79' title='bbox 411 1115 444 1177; x_wconf 79' lang='grc' dir='ltr'><strong>δὲ</strong></span> <span class='ocrx_word' id='word_1_80' title='bbox 459 1112 477 1176; x_wconf 80' lang='grc' dir='ltr'>ὅ</span> <span class='ocrx_word' id='word_1_81' title='bbox 490 1136 522 1176; x_wconf 88' lang='grc' dir='ltr'><strong>τε</strong></span> <span class='ocrx_word' id='word_1_82' title='bbox 544 1117 611 1183; x_wconf 84' lang='grc' dir='ltr'><strong>νοῦς</strong></span> <span class='ocrx_word' id='word_1_83' title='bbox 631 1113 680 1175; x_wconf 79' lang='grc' dir='ltr'><strong>καὶ</strong></span> <span class='ocrx_word' id='word_1_84' title='bbox 702 1112 721 1195; x_wconf 79' lang='grc' dir='ltr'>ἡ</span> <span class='ocrx_word' id='word_1_85' title='bbox 742 1112 816 1175; x_wconf 82' lang='grc' dir='ltr'><strong>κατὰ</strong></span> <span class='ocrx_word' id='word_1_86' title='bbox 837 1118 937 1177; x_wconf 91' lang='grc' dir='ltr'><strong>τοῦτον</strong></span> <span class='ocrx_word' id='word_1_87' title='bbox 960 1113 1088 1197; x_wconf 81' lang='grc' dir='ltr'><strong>ἐνέργεια</strong></span> <span class='ocrx_word' id='word_1_88' title='bbox 1109 1116 1195 1198; x_wconf 79' lang='grc' dir='ltr'><strong>λήψει</strong></span> <span class='ocrx_word' id='word_1_89' title='bbox 1216 1117 1275 1176; x_wconf 90' lang='grc' dir='ltr'><strong>τῶν</strong></span> <span class='ocrx_word' id='word_1_90' title='bbox 1297 1120 1408 1197; x_wconf 90' lang='grc' dir='ltr'><strong>νοητῶν</strong></span> <span class='ocrx_word' id='word_1_91' title='bbox 1431 1114 1516 1176; x_wconf 81' lang='grc' dir='ltr'><strong>εἰδῶν</strong></span> <span class='ocrx_word' id='word_1_92' title='bbox 1530 1129 1557 1172; x_wconf 70' lang='lat'><strong>⁴5</strong></span> 
     </span>
     <span class='ocr_line' id='line_1_9' title="bbox 264 1214 1512 1301; baseline 0.002 -24"><span class='ocrx_word' id='word_1_93' title='bbox 264 1217 357 1299; x_wconf 82' lang='grc' dir='ltr'><strong>χωρὶς</strong></span> <span class='ocrx_word' id='word_1_94' title='bbox 384 1217 456 1301; x_wconf 87' lang='grc' dir='ltr'><strong>ύλης</strong></span> <span class='ocrx_word' id='word_1_95' title='bbox 482 1218 530 1280; x_wconf 84' lang='grc' dir='ltr'><strong>καὶ</strong></span> <span class='ocrx_word' id='word_1_96' title='bbox 557 1217 699 1298; x_wconf 81' lang='grc' dir='ltr'><strong>ὁμοιώσει</strong></span> <span class='ocrx_word' id='word_1_97' title='bbox 724 1219 763 1299; x_wconf 70' lang='grc' dir='ltr'><strong>τῇ</strong></span> <span class='ocrx_word' id='word_1_98' title='bbox 791 1216 862 1298; x_wconf 80' lang='grc' dir='ltr'><strong>πρὸς</strong></span> <span class='ocrx_word' id='word_1_99' title='bbox 887 1214 963 1279; x_wconf 86' lang='grc' dir='ltr'><strong>αῦτά</strong></span> <span class='ocrx_word' id='word_1_100' title='bbox 987 1216 1093 1299; x_wconf 79' lang='grc' dir='ltr'><strong>γίνεται</strong></span> <span class='ocrx_word' id='word_1_101' title='bbox 1121 1217 1240 1300; x_wconf 77' lang='grc' dir='ltr'><strong>(γίνεται</strong></span> <span class='ocrx_word' id='word_1_102' title='bbox 1266 1217 1299 1280; x_wconf 82' lang='grc' dir='ltr'><strong>δὲ</strong></span> <span class='ocrx_word' id='word_1_103' title='bbox 1324 1218 1372 1279; x_wconf 83' lang='grc' dir='ltr'><strong>καὶ</strong></span> <span class='ocrx_word' id='word_1_104' title='bbox 1399 1218 1419 1300; x_wconf 78' lang='grc' dir='ltr'><strong>η</strong></span> <span class='ocrx_word' id='word_1_105' title='bbox 1448 1215 1512 1280; x_wconf 87' lang='grc' dir='ltr'><strong>κατ’</strong></span> 
     </span>
     <span class='ocr_line' id='line_1_10' title="bbox 263 1316 1516 1404; baseline 0.001 -24"><span class='ocrx_word' id='word_1_106' title='bbox 263 1317 408 1403; x_wconf 70' lang='grc' dir='ltr'><strong>ἐνέργειαν</strong></span> <span class='ocrx_word' id='word_1_107' title='bbox 430 1319 566 1403; x_wconf 81' lang='grc' dir='ltr'><strong>αἴσθησις</strong></span> <span class='ocrx_word' id='word_1_108' title='bbox 588 1319 636 1381; x_wconf 74' lang='grc' dir='ltr'><strong>καὶ</strong></span> <span class='ocrx_word' id='word_1_109' title='bbox 651 1316 725 1401; x_wconf 81' lang='grc' dir='ltr'><strong>αύτὴ</strong></span> <span class='ocrx_word' id='word_1_110' title='bbox 748 1318 822 1381; x_wconf 82' lang='grc' dir='ltr'><strong>κατὰ</strong></span> <span class='ocrx_word' id='word_1_111' title='bbox 843 1321 929 1404; x_wconf 78' lang='grc' dir='ltr'><strong>λῆψιν</strong></span> <span class='ocrx_word' id='word_1_112' title='bbox 951 1324 1010 1382; x_wconf 92' lang='grc' dir='ltr'><strong>τῶν</strong></span> <span class='ocrx_word' id='word_1_113' title='bbox 1031 1319 1180 1401; x_wconf 80' lang='grc' dir='ltr'><strong>αἰσθητῶν</strong></span> <span class='ocrx_word' id='word_1_114' title='bbox 1202 1320 1287 1382; x_wconf 82' lang='grc' dir='ltr'><strong>εἰδῶν</strong></span> <span class='ocrx_word' id='word_1_115' title='bbox 1310 1319 1357 1382; x_wconf 87' lang='grc' dir='ltr'><strong>καὶ</strong></span> <span class='ocrx_word' id='word_1_116' title='bbox 1378 1320 1516 1403; x_wconf 84' lang='grc' dir='ltr'><strong>ύμοίιυσιν</strong></span> 
     </span>
    </p>

    <p class='ocr_par' dir='ltr' id='par_1_5' title="bbox 220 1418 1558 1917">
     <span class='ocr_line' id='line_1_11' title="bbox 220 1418 1517 1506; baseline 0.002 -26"><span class='ocrx_word' id='word_1_117' title='bbox 220 1437 252 1480; x_wconf 87' lang='lat'><strong>10</strong></span> <span class='ocrx_word' id='word_1_118' title='bbox 263 1422 318 1504; x_wconf 78' lang='grc' dir='ltr'><strong>τὴν</strong></span> <span class='ocrx_word' id='word_1_119' title='bbox 341 1423 413 1505; x_wconf 87' lang='grc' dir='ltr'><strong>πρδς</strong></span> <span class='ocrx_word' id='word_1_120' title='bbox 433 1421 518 1497; x_wconf 80' lang='grc' dir='ltr'><strong>αὐτά,</strong></span> <span class='ocrx_word' id='word_1_121' title='bbox 541 1424 582 1490; x_wconf 88' lang='grc' dir='ltr'><strong>ῶς</strong></span> <span class='ocrx_word' id='word_1_122' title='bbox 604 1419 773 1503; x_wconf 81' lang='grc' dir='ltr'><strong>δέδεικται),</strong></span> <span class='ocrx_word' id='word_1_123' title='bbox 796 1418 843 1503; x_wconf 82' lang='grc' dir='ltr'><strong>εἴη</strong></span> <span class='ocrx_word' id='word_1_124' title='bbox 866 1418 901 1483; x_wconf 78' lang='grc' dir='ltr'><strong>ἂν</strong></span> <span class='ocrx_word' id='word_1_125' title='bbox 923 1421 942 1504; x_wconf 80' lang='grc' dir='ltr'>ἡ</span> <span class='ocrx_word' id='word_1_126' title='bbox 965 1420 1046 1506; x_wconf 79' lang='grc' dir='ltr'><strong>ψυχὴ</strong></span> <span class='ocrx_word' id='word_1_127' title='bbox 1068 1420 1105 1483; x_wconf 84' lang='grc' dir='ltr'><strong>τὰ</strong></span> <span class='ocrx_word' id='word_1_128' title='bbox 1127 1418 1196 1484; x_wconf 83' lang='grc' dir='ltr'><strong>ὄντα</strong></span> <span class='ocrx_word' id='word_1_129' title='bbox 1217 1445 1280 1490; x_wconf 83' lang='grc' dir='ltr'><strong>πῶς</strong></span> <span class='ocrx_word' id='word_1_130' title='bbox 1301 1424 1408 1495; x_wconf 87' lang='grc' dir='ltr'><strong>πάντα,</strong></span> <span class='ocrx_word' id='word_1_131' title='bbox 1436 1419 1517 1503; x_wconf 81' lang='grc' dir='ltr'><strong>εἴγε</strong></span> 
     </span>
     <span class='ocr_line' id='line_1_12' title="bbox 262 1520 1558 1608; baseline -0.003 -22"><span class='ocrx_word' id='word_1_132' title='bbox 262 1525 357 1587; x_wconf 86' lang='grc' dir='ltr'><strong>πάντα</strong></span> <span class='ocrx_word' id='word_1_133' title='bbox 388 1525 441 1607; x_wconf 78' lang='grc' dir='ltr'><strong>μὲν</strong></span> <span class='ocrx_word' id='word_1_134' title='bbox 463 1525 499 1588; x_wconf 83' lang='grc' dir='ltr'><strong>τὰ</strong></span> <span class='ocrx_word' id='word_1_135' title='bbox 525 1523 594 1588; x_wconf 85' lang='grc' dir='ltr'><strong>ὄντα</strong></span> <span class='ocrx_word' id='word_1_136' title='bbox 621 1520 756 1608; x_wconf 76' lang='grc' dir='ltr'><strong>διῄρηται</strong></span> <span class='ocrx_word' id='word_1_137' title='bbox 782 1521 824 1592; x_wconf 78' lang='grc' dir='ltr'><strong>εἷς</strong></span> <span class='ocrx_word' id='word_1_138' title='bbox 845 1545 877 1585; x_wconf 88' lang='grc' dir='ltr'><strong>τε</strong></span> <span class='ocrx_word' id='word_1_139' title='bbox 902 1523 1030 1607; x_wconf 83' lang='grc' dir='ltr'><strong>αἰσθητὰ</strong></span> <span class='ocrx_word' id='word_1_140' title='bbox 1055 1524 1103 1586; x_wconf 83' lang='grc' dir='ltr'><strong>καὶ</strong></span> <span class='ocrx_word' id='word_1_141' title='bbox 1128 1525 1232 1607; x_wconf 89' lang='grc' dir='ltr'><strong>νοητά,</strong></span> <span class='ocrx_word' id='word_1_142' title='bbox 1261 1521 1321 1589; x_wconf 85' lang='grc' dir='ltr'><strong>ἔστι</strong></span> <span class='ocrx_word' id='word_1_143' title='bbox 1347 1525 1379 1588; x_wconf 79' lang='grc' dir='ltr'><strong>δὲ</strong></span> <span class='ocrx_word' id='word_1_144' title='bbox 1401 1525 1516 1607; x_wconf 81' lang='grc' dir='ltr'><strong>ἑκάστῳ</strong></span> <span class='ocrx_word' id='word_1_145' title='bbox 1530 1539 1558 1582; x_wconf 75' lang='grc' dir='ltr'><strong>τυ</strong></span> 
     </span>
     <span class='ocr_line' id='line_1_13' title="bbox 262 1624 1515 1711; baseline 0.001 -22"><span class='ocrx_word' id='word_1_146' title='bbox 262 1632 323 1691; x_wconf 88' lang='grc' dir='ltr'><strong>τῶν</strong></span> <span class='ocrx_word' id='word_1_147' title='bbox 341 1625 432 1690; x_wconf 80' lang='grc' dir='ltr'><strong>ὄντων</strong></span> <span class='ocrx_word' id='word_1_148' title='bbox 455 1627 582 1690; x_wconf 81' lang='grc' dir='ltr'><strong>κατὰτὸ</strong></span> <span class='ocrx_word' id='word_1_149' title='bbox 605 1625 682 1696; x_wconf 81' lang='grc' dir='ltr'><strong>εἶδος</strong></span> <span class='ocrx_word' id='word_1_150' title='bbox 702 1627 736 1689; x_wconf 85' lang='grc' dir='ltr'><strong>τὸ</strong></span> <span class='ocrx_word' id='word_1_151' title='bbox 757 1624 844 1703; x_wconf 79' lang='grc' dir='ltr'><strong>εἶναι,</strong></span> <span class='ocrx_word' id='word_1_152' title='bbox 870 1627 886 1688; x_wconf 81' lang='grc' dir='ltr'><strong>ὁ</strong></span> <span class='ocrx_word' id='word_1_153' title='bbox 909 1626 941 1688; x_wconf 80' lang='grc' dir='ltr'><strong>δὲ</strong></span> <span class='ocrx_word' id='word_1_154' title='bbox 962 1630 1029 1695; x_wconf 88' lang='grc' dir='ltr'><strong>νοῦς</strong></span> <span class='ocrx_word' id='word_1_155' title='bbox 1050 1626 1098 1689; x_wconf 78' lang='grc' dir='ltr'><strong>καὶ</strong></span> <span class='ocrx_word' id='word_1_156' title='bbox 1119 1626 1140 1710; x_wconf 79' lang='grc' dir='ltr'>ἡ</span> <span class='ocrx_word' id='word_1_157' title='bbox 1162 1625 1298 1711; x_wconf 78' lang='grc' dir='ltr'><strong>αἴσθησις</strong></span> <span class='ocrx_word' id='word_1_158' title='bbox 1320 1629 1435 1690; x_wconf 85' lang='grc' dir='ltr'><strong>πάντων</strong></span> <span class='ocrx_word' id='word_1_159' title='bbox 1458 1633 1515 1690; x_wconf 93' lang='grc' dir='ltr'><strong>τῶν</strong></span> 
     </span>
     <span class='ocr_line' id='line_1_14' title="bbox 263 1727 1515 1813; baseline 0 -21"><span class='ocrx_word' id='word_1_160' title='bbox 263 1730 351 1793; x_wconf 81' lang='grc' dir='ltr'><strong>εἰδῶν</strong></span> <span class='ocrx_word' id='word_1_161' title='bbox 373 1729 446 1793; x_wconf 82' lang='grc' dir='ltr'><strong>εἰσιν</strong></span> <span class='ocrx_word' id='word_1_162' title='bbox 469 1729 595 1805; x_wconf 88' lang='grc' dir='ltr'><strong>δεκτικά,</strong></span> <span class='ocrx_word' id='word_1_163' title='bbox 618 1727 634 1790; x_wconf 85' lang='grc' dir='ltr'><strong>δ</strong></span> <span class='ocrx_word' id='word_1_164' title='bbox 658 1728 710 1811; x_wconf 82' lang='grc' dir='ltr'><strong>μὲν</strong></span> <span class='ocrx_word' id='word_1_165' title='bbox 732 1732 790 1790; x_wconf 92' lang='grc' dir='ltr'><strong>τῶν</strong></span> <span class='ocrx_word' id='word_1_166' title='bbox 812 1732 938 1811; x_wconf 79' lang='grc' dir='ltr'><strong>νοητῶν,</strong></span> <span class='ocrx_word' id='word_1_167' title='bbox 961 1730 980 1811; x_wconf 79' lang='grc' dir='ltr'>ἡ</span> <span class='ocrx_word' id='word_1_168' title='bbox 1004 1730 1037 1792; x_wconf 82' lang='grc' dir='ltr'><strong>δὲ</strong></span> <span class='ocrx_word' id='word_1_169' title='bbox 1058 1731 1115 1791; x_wconf 93' lang='grc' dir='ltr'><strong>τῶν</strong></span> <span class='ocrx_word' id='word_1_170' title='bbox 1138 1729 1298 1812; x_wconf 82' lang='grc' dir='ltr'><strong>αἰσθητῶν.</strong></span> <span class='ocrx_word' id='word_1_171' title='bbox 1342 1730 1369 1793; x_wconf 85' lang='grc' dir='ltr'><strong>εἰ</strong></span> <span class='ocrx_word' id='word_1_172' title='bbox 1391 1730 1443 1813; x_wconf 80' lang='grc' dir='ltr'><strong>μὲν</strong></span> <span class='ocrx_word' id='word_1_173' title='bbox 1465 1727 1515 1792; x_wconf 90' lang='grc' dir='ltr'><strong>ούν</strong></span> 
     </span>
     <span class='ocr_line' id='line_1_15' title="bbox 263 1829 1514 1917; baseline 0 -21"><span class='ocrx_word' id='word_1_174' title='bbox 263 1829 331 1914; x_wconf 79' lang='grc' dir='ltr'><strong>μεθ’</strong></span> <span class='ocrx_word' id='word_1_175' title='bbox 360 1832 430 1916; x_wconf 89' lang='grc' dir='ltr'><strong>ύλης</strong></span> <span class='ocrx_word' id='word_1_176' title='bbox 453 1831 572 1917; x_wconf 78' lang='grc' dir='ltr'><strong>ἐδέχετο</strong></span> <span class='ocrx_word' id='word_1_177' title='bbox 601 1833 620 1915; x_wconf 79' lang='grc' dir='ltr'><strong>ἡ</strong></span> <span class='ocrx_word' id='word_1_178' title='bbox 648 1831 731 1916; x_wconf 78' lang='grc' dir='ltr'><strong>ψυχὴ</strong></span> <span class='ocrx_word' id='word_1_179' title='bbox 760 1830 795 1894; x_wconf 82' lang='grc' dir='ltr'><strong>τὰ</strong></span> <span class='ocrx_word' id='word_1_180' title='bbox 823 1829 902 1914; x_wconf 83' lang='grc' dir='ltr'><strong>εἴδη,</strong></span> <span class='ocrx_word' id='word_1_181' title='bbox 931 1831 1033 1900; x_wconf 87' lang='grc' dir='ltr'><strong>ἁπλῶς</strong></span> <span class='ocrx_word' id='word_1_182' title='bbox 1060 1829 1093 1894; x_wconf 78' lang='grc' dir='ltr'><strong>ἂν</strong></span> <span class='ocrx_word' id='word_1_183' title='bbox 1120 1831 1227 1915; x_wconf 83' lang='grc' dir='ltr'><strong>ἐγίνετο</strong></span> <span class='ocrx_word' id='word_1_184' title='bbox 1255 1833 1348 1896; x_wconf 85' lang='grc' dir='ltr'><strong>πάντα</strong></span> <span class='ocrx_word' id='word_1_185' title='bbox 1374 1832 1410 1894; x_wconf 79' lang='grc' dir='ltr'><strong>τὰ</strong></span> <span class='ocrx_word' id='word_1_186' title='bbox 1436 1830 1514 1912; x_wconf 87' lang='grc' dir='ltr'><strong>ύντοι,</strong></span> 
     </span>
    </p>

    <p class='ocr_par' dir='ltr' id='par_1_6' title="bbox 219 1932 1569 2433">
     <span class='ocr_line' id='line_1_16' title="bbox 219 1932 1515 2019; baseline 0.003 -25"><span class='ocrx_word' id='word_1_187' title='bbox 219 1951 249 1995; x_wconf 76' lang='grc' dir='ltr'><strong>ιε</strong></span> <span class='ocrx_word' id='word_1_188' title='bbox 262 1936 328 1999; x_wconf 77' lang='grc' dir='ltr'><strong>ἐπεὶ</strong></span> <span class='ocrx_word' id='word_1_189' title='bbox 350 1936 383 1998; x_wconf 81' lang='grc' dir='ltr'><strong>δὲ</strong></span> <span class='ocrx_word' id='word_1_190' title='bbox 406 1934 440 1998; x_wconf 82' lang='grc' dir='ltr'><strong>ού</strong></span> <span class='ocrx_word' id='word_1_191' title='bbox 463 1932 530 2017; x_wconf 80' lang='grc' dir='ltr'><strong>μεθ’</strong></span> <span class='ocrx_word' id='word_1_192' title='bbox 558 1934 638 2017; x_wconf 90' lang='grc' dir='ltr'><strong>ύλης,</strong></span> <span class='ocrx_word' id='word_1_193' title='bbox 666 1933 740 1997; x_wconf 79' lang='grc' dir='ltr'><strong>ἀλλὰ</strong></span> <span class='ocrx_word' id='word_1_194' title='bbox 763 1932 833 1996; x_wconf 84' lang='grc' dir='ltr'><strong>ἄνευ</strong></span> <span class='ocrx_word' id='word_1_195' title='bbox 856 1933 975 2017; x_wconf 90' lang='grc' dir='ltr'><strong>ταύτης,</strong></span> <span class='ocrx_word' id='word_1_196' title='bbox 1002 1933 1038 1996; x_wconf 82' lang='grc' dir='ltr'><strong>τὰ</strong></span> <span class='ocrx_word' id='word_1_197' title='bbox 1060 1934 1093 1997; x_wconf 78' lang='grc' dir='ltr'><strong>δὲ</strong></span> <span class='ocrx_word' id='word_1_198' title='bbox 1114 1935 1270 2019; x_wconf 87' lang='grc' dir='ltr'><strong>πράγματα</strong></span> <span class='ocrx_word' id='word_1_199' title='bbox 1296 1934 1346 1999; x_wconf 85' lang='grc' dir='ltr'><strong>σῦν</strong></span> <span class='ocrx_word' id='word_1_200' title='bbox 1368 1935 1460 2019; x_wconf 87' lang='grc' dir='ltr'><strong>ταύτη</strong></span> <span class='ocrx_word' id='word_1_201' title='bbox 1482 1937 1515 1999; x_wconf 90' lang='grc' dir='ltr'><strong>τδ</strong></span> 
     </span>
     <span class='ocr_line' id='line_1_17' title="bbox 261 2034 1560 2123; baseline 0.001 -22"><span class='ocrx_word' id='word_1_202' title='bbox 261 2038 336 2102; x_wconf 85' lang='grc' dir='ltr'><strong>εἶναι</strong></span> <span class='ocrx_word' id='word_1_203' title='bbox 358 2035 422 2123; x_wconf 80' lang='grc' dir='ltr'><strong>ἔχει</strong></span> <span class='ocrx_word' id='word_1_204' title='bbox 443 2061 520 2111; x_wconf 80' lang='grc' dir='ltr'><strong>πῶς,</strong></span> <span class='ocrx_word' id='word_1_205' title='bbox 549 2034 630 2100; x_wconf 83' lang='grc' dir='ltr'><strong>ἔσται</strong></span> <span class='ocrx_word' id='word_1_206' title='bbox 652 2037 672 2119; x_wconf 76' lang='grc' dir='ltr'>ἡ</span> <span class='ocrx_word' id='word_1_207' title='bbox 695 2034 769 2120; x_wconf 73' lang='grc' dir='ltr'><strong>αῦτη</strong></span> <span class='ocrx_word' id='word_1_208' title='bbox 793 2040 878 2100; x_wconf 84' lang='grc' dir='ltr'><strong>πᾶσιν</strong></span> <span class='ocrx_word' id='word_1_209' title='bbox 901 2041 960 2106; x_wconf 85' lang='grc' dir='ltr'><strong>τοῖς</strong></span> <span class='ocrx_word' id='word_1_210' title='bbox 982 2034 1061 2100; x_wconf 85' lang='grc' dir='ltr'><strong>οθσιν</strong></span> <span class='ocrx_word' id='word_1_211' title='bbox 1084 2035 1140 2122; x_wconf 84' lang='grc' dir='ltr'><strong>οὐχ</strong></span> <span class='ocrx_word' id='word_1_212' title='bbox 1162 2039 1277 2107; x_wconf 84' lang='grc' dir='ltr'><strong>ἁπλῶς·</strong></span> <span class='ocrx_word' id='word_1_213' title='bbox 1312 2037 1439 2102; x_wconf 84' lang='grc' dir='ltr'><strong>καθόσον</strong></span> <span class='ocrx_word' id='word_1_214' title='bbox 1461 2037 1514 2122; x_wconf 79' lang='grc' dir='ltr'><strong>γὰρ</strong></span> <span class='ocrx_word' id='word_1_215' title='bbox 1556 2082 1560 2089; x_wconf 92' lang='grc'><strong>-</strong></span> 
     </span>
     <span class='ocr_line' id='line_1_18' title="bbox 261 2138 1515 2226; baseline -0.002 -22"><span class='ocrx_word' id='word_1_216' title='bbox 261 2141 301 2204; x_wconf 81' lang='grc' dir='ltr'><strong>τὰ</strong></span> <span class='ocrx_word' id='word_1_217' title='bbox 321 2139 384 2225; x_wconf 83' lang='grc' dir='ltr'><strong>εἴδη</strong></span> <span class='ocrx_word' id='word_1_218' title='bbox 407 2141 525 2225; x_wconf 84' lang='grc' dir='ltr'><strong>δέχεται</strong></span> <span class='ocrx_word' id='word_1_219' title='bbox 546 2138 658 2218; x_wconf 84' lang='grc' dir='ltr'><strong>αὐτῶν,</strong></span> <span class='ocrx_word' id='word_1_220' title='bbox 689 2142 779 2202; x_wconf 87' lang='grc' dir='ltr'><strong>ταῦτα</strong></span> <span class='ocrx_word' id='word_1_221' title='bbox 801 2138 833 2202; x_wconf 83' lang='grc' dir='ltr'><strong>δέ</strong></span> <span class='ocrx_word' id='word_1_222' title='bbox 855 2142 919 2207; x_wconf 84' lang='grc' dir='ltr'><strong>πῶς</strong></span> <span class='ocrx_word' id='word_1_223' title='bbox 939 2138 1000 2202; x_wconf 80' lang='grc' dir='ltr'><strong>ἐστι</strong></span> <span class='ocrx_word' id='word_1_224' title='bbox 1027 2140 1063 2202; x_wconf 78' lang='grc' dir='ltr'><strong>τὰ</strong></span> <span class='ocrx_word' id='word_1_225' title='bbox 1084 2141 1239 2225; x_wconf 84' lang='grc' dir='ltr'><strong>πράγματα</strong></span> <span class='ocrx_word' id='word_1_226' title='bbox 1264 2144 1307 2226; x_wconf 78' lang='grc' dir='ltr'><strong>τῷ</strong></span> <span class='ocrx_word' id='word_1_227' title='bbox 1330 2142 1404 2205; x_wconf 80' lang='grc' dir='ltr'><strong>κατὰ</strong></span> <span class='ocrx_word' id='word_1_228' title='bbox 1425 2144 1515 2204; x_wconf 87' lang='grc' dir='ltr'><strong>ταῦτα</strong></span> 
     </span>
     <span class='ocr_line' id='line_1_19' title="bbox 259 2241 1557 2333; baseline -0.004 -25"><span class='ocrx_word' id='word_1_229' title='bbox 259 2243 360 2313; x_wconf 84' lang='grc' dir='ltr'><strong>αὐτοῖς</strong></span> <span class='ocrx_word' id='word_1_230' title='bbox 380 2242 453 2306; x_wconf 81' lang='grc' dir='ltr'><strong>εἶναι</strong></span> <span class='ocrx_word' id='word_1_231' title='bbox 485 2245 609 2327; x_wconf 79' lang='grc' dir='ltr'><strong>μαλιστα</strong></span> <span class='ocrx_word' id='word_1_232' title='bbox 635 2243 668 2304; x_wconf 86' lang='grc' dir='ltr'><strong>τδ</strong></span> <span class='ocrx_word' id='word_1_233' title='bbox 690 2241 772 2304; x_wconf 79' lang='grc' dir='ltr'><strong>εἶναι.</strong></span> <span class='ocrx_word' id='word_1_234' title='bbox 816 2241 874 2327; x_wconf 85' lang='grc' dir='ltr'><strong>οὐχ</strong></span> <span class='ocrx_word' id='word_1_235' title='bbox 901 2245 942 2311; x_wconf 87' lang='grc' dir='ltr'><strong>ῶς</strong></span> <span class='ocrx_word' id='word_1_236' title='bbox 972 2241 1090 2329; x_wconf 82' lang='grc' dir='ltr'><strong>ἀθρύονν</strong></span> <span class='ocrx_word' id='word_1_237' title='bbox 1119 2244 1151 2307; x_wconf 85' lang='grc' dir='ltr'><strong>δὲ</strong></span> <span class='ocrx_word' id='word_1_238' title='bbox 1179 2247 1237 2307; x_wconf 91' lang='grc' dir='ltr'><strong>τῶν</strong></span> <span class='ocrx_word' id='word_1_239' title='bbox 1260 2245 1435 2329; x_wconf 84' lang='grc' dir='ltr'><strong>πραγμάτων</strong></span> <span class='ocrx_word' id='word_1_240' title='bbox 1464 2249 1516 2333; x_wconf 77' lang='grc' dir='ltr'><strong>τῆς</strong></span> <span class='ocrx_word' id='word_1_241' title='bbox 1530 2259 1557 2303; x_wconf 76' lang='grc' dir='ltr'><strong>ου</strong></span> 
     </span>
     <span class='ocr_line' id='line_1_20' title="bbox 259 2343 1569 2433; baseline 0.002 -25"><span class='ocrx_word' id='word_1_242' title='bbox 259 2351 361 2431; x_wconf 74' lang='grc' dir='ltr'><strong>ψυχῆς</strong></span> <span class='ocrx_word' id='word_1_243' title='bbox 387 2343 492 2428; x_wconf 90' lang='grc' dir='ltr'><strong>ούσης,</strong></span> <span class='ocrx_word' id='word_1_244' title='bbox 521 2345 597 2408; x_wconf 79' lang='grc' dir='ltr'><strong>ἀλλὰ</strong></span> <span class='ocrx_word' id='word_1_245' title='bbox 623 2343 697 2407; x_wconf 82' lang='grc' dir='ltr'><strong>κατὰ</strong></span> <span class='ocrx_word' id='word_1_246' title='bbox 724 2343 810 2428; x_wconf 81' lang='grc' dir='ltr'><strong>μέρος</strong></span> <span class='ocrx_word' id='word_1_247' title='bbox 833 2345 1006 2428; x_wconf 84' lang='grc' dir='ltr'><strong>ὁμοιοῦσθαι</strong></span> <span class='ocrx_word' id='word_1_248' title='bbox 1031 2345 1128 2410; x_wconf 77' lang='grc' dir='ltr'><strong>αὐτῶν</strong></span> <span class='ocrx_word' id='word_1_249' title='bbox 1157 2347 1273 2432; x_wconf 79' lang='grc' dir='ltr'><strong>ἑκάστῳ</strong></span> <span class='ocrx_word' id='word_1_250' title='bbox 1298 2344 1302 2433; x_wconf 85' lang='grc' dir='ltr'>Ι</span> <span class='ocrx_word' id='word_1_251' title='bbox 1326 2348 1496 2433; x_wconf 80' lang='grc' dir='ltr'><strong>δυναμένης,</strong></span> <span class='ocrx_word' id='word_1_252' title='bbox 1519 2364 1569 2410; x_wconf 76' lang='grc' dir='ltr'><strong>ιιυι</strong></span> 
     </span>
    </p>

    <p class='ocr_par' dir='ltr' id='par_1_7' title="bbox 216 2444 1514 2948">
     <span class='ocr_line' id='line_1_21' title="bbox 216 2444 1514 2537; baseline 0.003 -26"><span class='ocrx_word' id='word_1_253' title='bbox 216 2466 247 2511; x_wconf 73' lang='lat'><strong>20</strong></span> <span class='ocrx_word' id='word_1_254' title='bbox 262 2450 356 2533; x_wconf 82' lang='grc' dir='ltr'><strong>ούτιυς</strong></span> <span class='ocrx_word' id='word_1_255' title='bbox 378 2450 398 2532; x_wconf 80' lang='grc' dir='ltr'>ἡ</span> <span class='ocrx_word' id='word_1_256' title='bbox 421 2448 505 2534; x_wconf 81' lang='grc' dir='ltr'><strong>ψυχὴ</strong></span> <span class='ocrx_word' id='word_1_257' title='bbox 527 2444 649 2511; x_wconf 82' lang='grc' dir='ltr'><strong>τὰόντα</strong></span> <span class='ocrx_word' id='word_1_258' title='bbox 671 2469 734 2516; x_wconf 86' lang='grc' dir='ltr'><strong>πιος</strong></span> <span class='ocrx_word' id='word_1_259' title='bbox 749 2448 842 2510; x_wconf 86' lang='grc' dir='ltr'><strong>πάντα</strong></span> <span class='ocrx_word' id='word_1_260' title='bbox 863 2446 926 2510; x_wconf 80' lang='grc' dir='ltr'><strong>ἐστι’</strong></span> <span class='ocrx_word' id='word_1_261' title='bbox 945 2471 977 2510; x_wconf 89' lang='grc' dir='ltr'><strong>τε</strong></span> <span class='ocrx_word' id='word_1_262' title='bbox 999 2450 1048 2512; x_wconf 84' lang='grc' dir='ltr'><strong>καὶ</strong></span> <span class='ocrx_word' id='word_1_263' title='bbox 1069 2450 1189 2531; x_wconf 82' lang='grc' dir='ltr'><strong>γίνεται·</strong></span> <span class='ocrx_word' id='word_1_264' title='bbox 1213 2451 1351 2514; x_wconf 80' lang='grc' dir='ltr'><strong>ἑκάστοτε</strong></span> <span class='ocrx_word' id='word_1_265' title='bbox 1374 2451 1426 2535; x_wconf 82' lang='grc' dir='ltr'><strong>μὲν</strong></span> <span class='ocrx_word' id='word_1_266' title='bbox 1447 2454 1514 2537; x_wconf 88' lang='grc' dir='ltr'><strong>γάρ,</strong></span> 
     </span>
     <span class='ocr_line' id='line_1_22' title="bbox 258 2548 1513 2637; baseline 0.002 -21"><span class='ocrx_word' id='word_1_267' title='bbox 258 2551 296 2617; x_wconf 85' lang='grc' dir='ltr'><strong>ού</strong></span> <span class='ocrx_word' id='word_1_268' title='bbox 317 2551 486 2615; x_wconf 79' lang='grc' dir='ltr'><strong>αἰσθάνεται</strong></span> <span class='ocrx_word' id='word_1_269' title='bbox 511 2550 561 2613; x_wconf 86' lang='grc' dir='ltr'><strong>καὶ</strong></span> <span class='ocrx_word' id='word_1_270' title='bbox 583 2548 599 2612; x_wconf 88' lang='grc' dir='ltr'><strong>δ</strong></span> <span class='ocrx_word' id='word_1_271' title='bbox 622 2554 697 2626; x_wconf 89' lang='grc' dir='ltr'><strong>νοεῖ,</strong></span> <span class='ocrx_word' id='word_1_272' title='bbox 725 2548 819 2613; x_wconf 82' lang='grc' dir='ltr'><strong>ἑκεῖνύ</strong></span> <span class='ocrx_word' id='word_1_273' title='bbox 842 2573 905 2619; x_wconf 86' lang='grc' dir='ltr'><strong>πως</strong></span> <span class='ocrx_word' id='word_1_274' title='bbox 926 2550 1046 2633; x_wconf 85' lang='grc' dir='ltr'><strong>γίνεται,</strong></span> <span class='ocrx_word' id='word_1_275' title='bbox 1074 2558 1118 2637; x_wconf 84' lang='grc' dir='ltr'><strong>τῷ</strong></span> <span class='ocrx_word' id='word_1_276' title='bbox 1141 2553 1174 2615; x_wconf 85' lang='grc' dir='ltr'><strong>δὲ</strong></span> <span class='ocrx_word' id='word_1_277' title='bbox 1195 2552 1299 2617; x_wconf 83' lang='grc' dir='ltr'><strong>άλλοτε</strong></span> <span class='ocrx_word' id='word_1_278' title='bbox 1326 2552 1401 2618; x_wconf 80' lang='grc' dir='ltr'><strong>ἄλλα</strong></span> <span class='ocrx_word' id='word_1_279' title='bbox 1423 2559 1513 2619; x_wconf 88' lang='grc' dir='ltr'><strong>ταῦτα</strong></span> 
     </span>
     <span class='ocr_line' id='line_1_23' title="bbox 260 2651 1513 2741; baseline -0.001 -22"><span class='ocrx_word' id='word_1_280' title='bbox 260 2654 405 2719; x_wconf 79' lang='grc' dir='ltr'><strong>εἶναικαὶ</strong></span> <span class='ocrx_word' id='word_1_281' title='bbox 427 2652 568 2716; x_wconf 87' lang='grc' dir='ltr'><strong>δύνασθαι</strong></span> <span class='ocrx_word' id='word_1_282' title='bbox 593 2656 650 2715; x_wconf 83' lang='grc' dir='ltr'><strong>πᾶν</strong></span> <span class='ocrx_word' id='word_1_283' title='bbox 672 2653 705 2715; x_wconf 80' lang='grc' dir='ltr'><strong>τὸ</strong></span> <span class='ocrx_word' id='word_1_284' title='bbox 729 2651 760 2716; x_wconf 84' lang='grc' dir='ltr'><strong>δν</strong></span> <span class='ocrx_word' id='word_1_285' title='bbox 783 2653 802 2737; x_wconf 75' lang='grc' dir='ltr'>ἢ</span> <span class='ocrx_word' id='word_1_286' title='bbox 825 2653 967 2737; x_wconf 81' lang='grc' dir='ltr'><strong>νοηθῆναι</strong></span> <span class='ocrx_word' id='word_1_287' title='bbox 994 2654 1014 2736; x_wconf 78' lang='grc' dir='ltr'><strong>ἢ</strong></span> <span class='ocrx_word' id='word_1_288' title='bbox 1037 2653 1092 2716; x_wconf 80' lang='grc' dir='ltr'><strong>ὑπὸ</strong></span> <span class='ocrx_word' id='word_1_289' title='bbox 1115 2652 1252 2740; x_wconf 81' lang='grc' dir='ltr'><strong>αἴσθησιν</strong></span> <span class='ocrx_word' id='word_1_290' title='bbox 1274 2661 1387 2732; x_wconf 85' lang='grc' dir='ltr'><strong>πεσεῖν,</strong></span> <span class='ocrx_word' id='word_1_291' title='bbox 1419 2656 1513 2741; x_wconf 85' lang='grc' dir='ltr'><strong>τούτῳ</strong></span> 
     </span>
     <span class='ocr_line' id='line_1_24' title="bbox 259 2754 1514 2842; baseline 0.002 -21"><span class='ocrx_word' id='word_1_292' title='bbox 259 2759 355 2821; x_wconf 87' lang='grc' dir='ltr'><strong>πάντα</strong></span> <span class='ocrx_word' id='word_1_293' title='bbox 375 2756 490 2839; x_wconf 84' lang='grc' dir='ltr'><strong>γίνεται.</strong></span> <span class='ocrx_word' id='word_1_294' title='bbox 534 2754 645 2838; x_wconf 80' lang='grc' dir='ltr'><strong>λέγοιτο</strong></span> <span class='ocrx_word' id='word_1_295' title='bbox 670 2754 697 2818; x_wconf 86' lang='grc' dir='ltr'><strong>δ’</strong></span> <span class='ocrx_word' id='word_1_296' title='bbox 726 2754 760 2818; x_wconf 82' lang='grc' dir='ltr'><strong>ἂν</strong></span> <span class='ocrx_word' id='word_1_297' title='bbox 788 2755 822 2818; x_wconf 87' lang='grc' dir='ltr'><strong>ού</strong></span> <span class='ocrx_word' id='word_1_298' title='bbox 844 2756 909 2840; x_wconf 81' lang='grc' dir='ltr'><strong>περὶ</strong></span> <span class='ocrx_word' id='word_1_299' title='bbox 931 2755 1028 2840; x_wconf 81' lang='grc' dir='ltr'><strong>πάσης</strong></span> <span class='ocrx_word' id='word_1_300' title='bbox 1049 2761 1147 2842; x_wconf 78' lang='grc' dir='ltr'><strong>ψυχῆς</strong></span> <span class='ocrx_word' id='word_1_301' title='bbox 1167 2761 1272 2833; x_wconf 87' lang='grc' dir='ltr'><strong>ταῦτα,</strong></span> <span class='ocrx_word' id='word_1_302' title='bbox 1301 2759 1377 2822; x_wconf 80' lang='grc' dir='ltr'><strong>ἀλλὰ</strong></span> <span class='ocrx_word' id='word_1_303' title='bbox 1399 2764 1451 2842; x_wconf 82' lang='grc' dir='ltr'><strong>τῆς</strong></span> <span class='ocrx_word' id='word_1_304' title='bbox 1472 2784 1514 2823; x_wconf 89' lang='grc' dir='ltr'><strong>τε·</strong></span> 
     </span>
     <span class='ocr_line' id='line_1_25' title="bbox 259 2857 1512 2948; baseline 0.001 -24"><span class='ocrx_word' id='word_1_305' title='bbox 259 2860 351 2937; x_wconf 77' lang='grc' dir='ltr'><strong>λείου,</strong></span> <span class='ocrx_word' id='word_1_306' title='bbox 378 2860 441 2943; x_wconf 83' lang='grc' dir='ltr'><strong>ἥτις</strong></span> <span class='ocrx_word' id='word_1_307' title='bbox 462 2859 534 2942; x_wconf 79' lang='grc' dir='ltr'><strong>πρὸς</strong></span> <span class='ocrx_word' id='word_1_308' title='bbox 555 2861 594 2941; x_wconf 77' lang='grc' dir='ltr'><strong>τῇ</strong></span> <span class='ocrx_word' id='word_1_309' title='bbox 616 2857 753 2943; x_wconf 80' lang='grc' dir='ltr'><strong>αἰσθήσει</strong></span> <span class='ocrx_word' id='word_1_310' title='bbox 775 2859 822 2922; x_wconf 82' lang='grc' dir='ltr'><strong>καὶ</strong></span> <span class='ocrx_word' id='word_1_311' title='bbox 845 2859 893 2921; x_wconf 90' lang='grc' dir='ltr'><strong>τδν</strong></span> <span class='ocrx_word' id='word_1_312' title='bbox 917 2862 983 2922; x_wconf 90' lang='grc' dir='ltr'><strong>νοῦν</strong></span> <span class='ocrx_word' id='word_1_313' title='bbox 1005 2857 1079 2945; x_wconf 86' lang='grc' dir='ltr'><strong>ἔχει.</strong></span> <span class='ocrx_word' id='word_1_314' title='bbox 1123 2863 1150 2924; x_wconf 82' lang='grc' dir='ltr'><strong>οἱ</strong></span> <span class='ocrx_word' id='word_1_315' title='bbox 1173 2862 1225 2945; x_wconf 81' lang='grc' dir='ltr'><strong>μὲν</strong></span> <span class='ocrx_word' id='word_1_316' title='bbox 1248 2860 1297 2925; x_wconf 89' lang='grc' dir='ltr'><strong>ούν</strong></span> <span class='ocrx_word' id='word_1_317' title='bbox 1320 2863 1439 2948; x_wconf 84' lang='grc' dir='ltr'><strong>ἀρχαῖοι</strong></span> <span class='ocrx_word' id='word_1_318' title='bbox 1460 2863 1512 2947; x_wconf 81' lang='grc' dir='ltr'><strong>τὴν</strong></span> 
     </span>
    </p>

    <p class='ocr_par' dir='ltr' id='par_1_8' title="bbox 215 2959 1513 3154">
     <span class='ocr_line' id='line_1_26' title="bbox 215 2959 1512 3050; baseline 0.002 -25"><span class='ocrx_word' id='word_1_319' title='bbox 215 2980 244 3025; x_wconf 72' lang='lat'><strong>25</strong></span> <span class='ocrx_word' id='word_1_320' title='bbox 259 2964 361 3050; x_wconf 80' lang='grc' dir='ltr'><strong>ψυχὴν</strong></span> <span class='ocrx_word' id='word_1_321' title='bbox 383 2964 477 3025; x_wconf 90' lang='grc' dir='ltr'><strong>πάντα</strong></span> <span class='ocrx_word' id='word_1_322' title='bbox 499 2959 597 3043; x_wconf 80' lang='grc' dir='ltr'><strong>ἔλεγον</strong></span> <span class='ocrx_word' id='word_1_323' title='bbox 624 2959 697 3024; x_wconf 81' lang='grc' dir='ltr'><strong>εἶναι</strong></span> <span class='ocrx_word' id='word_1_324' title='bbox 722 2960 759 3024; x_wconf 81' lang='grc' dir='ltr'><strong>τὰ</strong></span> <span class='ocrx_word' id='word_1_325' title='bbox 780 2963 934 3045; x_wconf 87' lang='grc' dir='ltr'><strong>πράγματα</strong></span> <span class='ocrx_word' id='word_1_326' title='bbox 961 2968 1004 3047; x_wconf 83' lang='grc' dir='ltr'><strong>τῷ</strong></span> <span class='ocrx_word' id='word_1_327' title='bbox 1027 2966 1119 3026; x_wconf 83' lang='grc' dir='ltr'><strong>ποιεῖν</strong></span> <span class='ocrx_word' id='word_1_328' title='bbox 1141 2962 1232 3048; x_wconf 75' lang='grc' dir='ltr'><strong>αὐτὴν</strong></span> <span class='ocrx_word' id='word_1_329' title='bbox 1260 2964 1294 3028; x_wconf 84' lang='grc' dir='ltr'><strong>ἐκ</strong></span> <span class='ocrx_word' id='word_1_330' title='bbox 1320 2969 1378 3026; x_wconf 92' lang='grc' dir='ltr'><strong>τῶν</strong></span> <span class='ocrx_word' id='word_1_331' title='bbox 1400 2965 1512 3050; x_wconf 83' lang='grc' dir='ltr'><strong>ἀρχῶν,</strong></span> 
     </span>
     <span class='ocr_line' id='line_1_27' title="bbox 258 3060 1513 3154; baseline 0.002 -25"><span class='ocrx_word' id='word_1_332' title='bbox 258 3068 290 3137; x_wconf 78' lang='grc' dir='ltr'><strong>ἐξ</strong></span> <span class='ocrx_word' id='word_1_333' title='bbox 316 3068 358 3130; x_wconf 89' lang='grc' dir='ltr'><strong>ῶν</strong></span> <span class='ocrx_word' id='word_1_334' title='bbox 385 3066 433 3129; x_wconf 80' lang='grc' dir='ltr'><strong>καὶ</strong></span> <span class='ocrx_word' id='word_1_335' title='bbox 461 3065 497 3127; x_wconf 84' lang='grc' dir='ltr'><strong>τὰ</strong></span> <span class='ocrx_word' id='word_1_336' title='bbox 528 3060 596 3125; x_wconf 86' lang='grc' dir='ltr'><strong>ὄντα</strong></span> <span class='ocrx_word' id='word_1_337' title='bbox 623 3064 716 3127; x_wconf 88' lang='grc' dir='ltr'><strong>πάντα</strong></span> <span class='ocrx_word' id='word_1_338' title='bbox 742 3062 840 3133; x_wconf 85' lang='grc' dir='ltr'><strong>αὐτοῖς</strong></span> <span class='ocrx_word' id='word_1_339' title='bbox 867 3062 917 3149; x_wconf 77' lang='grc' dir='ltr'><strong>ἦν,</strong></span> <span class='ocrx_word' id='word_1_340' title='bbox 953 3064 989 3128; x_wconf 81' lang='grc' dir='ltr'><strong>τὰ</strong></span> <span class='ocrx_word' id='word_1_341' title='bbox 1015 3066 1048 3129; x_wconf 80' lang='grc' dir='ltr'><strong>δὲ</strong></span> <span class='ocrx_word' id='word_1_342' title='bbox 1075 3070 1123 3129; x_wconf 88' lang='grc' dir='ltr'><strong>νῦν</strong></span> <span class='ocrx_word' id='word_1_343' title='bbox 1150 3065 1289 3150; x_wconf 83' lang='grc' dir='ltr'><strong>εἰρημένα</strong></span> <span class='ocrx_word' id='word_1_344' title='bbox 1321 3066 1385 3150; x_wconf 81' lang='grc' dir='ltr'><strong>περὶ</strong></span> <span class='ocrx_word' id='word_1_345' title='bbox 1413 3071 1513 3154; x_wconf 75' lang='grc' dir='ltr'><strong>ψυχῆς</strong></span> 
     </span>
    </p>
   </div>
   <div class='ocr_carea' id='block_1_3' title="bbox 201 3244 1567 4022">
    <p class='ocr_par' dir='ltr' id='par_1_9' title="bbox 201 3244 1567 4022">
     <span class='ocr_line' id='line_1_28' title="bbox 203 3244 1565 3325; baseline -0.002 -14"><span class='ocrx_word' id='word_1_346' title='bbox 203 3257 275 3311; x_wconf 57' lang='grc'><strong>5-6</strong></span> <span class='ocrx_word' id='word_1_347' title='bbox 297 3255 416 3308; x_wconf 81' lang='grc' dir='ltr'><strong>διδ-καὶ</strong></span> <span class='ocrx_word' id='word_1_348' title='bbox 433 3256 545 3306; x_wconf 81' lang='grc' dir='ltr'><strong>τοιοῦτον</strong></span> <span class='ocrx_word' id='word_1_349' title='bbox 564 3268 614 3305; x_wconf 88' lang='lat' dir='ltr'><strong>om.</strong></span> <span class='ocrx_word' id='word_1_350' title='bbox 721 3252 737 3303; x_wconf 78' lang='grc'><strong>7</strong></span> <span class='ocrx_word' id='word_1_351' title='bbox 760 3249 974 3325; x_wconf 77' lang='grc' dir='ltr'><strong>δτι-ἐνέργεια]</strong></span> <span class='ocrx_word' id='word_1_352' title='bbox 994 3253 1039 3306; x_wconf 86' lang='lat' dir='ltr'><strong>der</strong></span> <span class='ocrx_word' id='word_1_353' title='bbox 1056 3244 1176 3307; x_wconf 56' lang='lat' dir='ltr'><strong>Intereat</strong></span> <span class='ocrx_word' id='word_1_354' title='bbox 1195 3255 1223 3307; x_wconf 89' lang='lat' dir='ltr'><strong>in</strong></span> <span class='ocrx_word' id='word_1_355' title='bbox 1242 3258 1303 3306; x_wconf 76' lang='lat' dir='ltr'><strong>actu</strong></span> <span class='ocrx_word' id='word_1_356' title='bbox 1411 3256 1443 3308; x_wconf 84' lang='lat'><strong>14</strong></span> <span class='ocrx_word' id='word_1_357' title='bbox 1465 3254 1565 3325; x_wconf 79' lang='grc' dir='ltr'><strong>ἁπλῶς]</strong></span> 
     </span>
     <span class='ocr_line' id='line_1_29' title="bbox 203 3339 1567 3411; baseline -0.001 -13"><span class='ocrx_word' id='word_1_358' title='bbox 203 3344 378 3410; x_wconf 73' lang='lat' dir='ltr'><strong>sehlochtweg</strong></span> <span class='ocrx_word' id='word_1_359' title='bbox 504 3340 606 3394; x_wconf 79' lang='lat'>15-20</span> <span class='ocrx_word' id='word_1_360' title='bbox 631 3341 664 3393; x_wconf 82' lang='grc' dir='ltr'><strong>τὰ</strong></span> <span class='ocrx_word' id='word_1_361' title='bbox 682 3339 708 3392; x_wconf 73' lang='grc' dir='ltr'><strong>δὲ</strong></span> <span class='ocrx_word' id='word_1_362' title='bbox 726 3342 931 3410; x_wconf 78' lang='grc' dir='ltr'><strong>πράγματα-τι</strong></span> <span class='ocrx_word' id='word_1_363' title='bbox 949 3341 992 3393; x_wconf 81' lang='grc' dir='ltr'><strong>καὶ</strong></span> <span class='ocrx_word' id='word_1_364' title='bbox 1010 3340 1113 3410; x_wconf 72' lang='grc' dir='ltr'><strong>γίνεται]</strong></span> <span class='ocrx_word' id='word_1_365' title='bbox 1136 3341 1179 3394; x_wconf 78' lang='lat' dir='ltr'><strong>die</strong></span> <span class='ocrx_word' id='word_1_366' title='bbox 1197 3342 1321 3394; x_wconf 78' lang='lat' dir='ltr'><strong>Exishonz</strong></span> <span class='ocrx_word' id='word_1_367' title='bbox 1339 3343 1384 3396; x_wconf 87' lang='lat' dir='ltr'><strong>der</strong></span> <span class='ocrx_word' id='word_1_368' title='bbox 1401 3343 1486 3411; x_wconf 74' lang='lat' dir='ltr'><strong>Dirige</strong></span> <span class='ocrx_word' id='word_1_369' title='bbox 1505 3345 1567 3398; x_wconf 77' lang='lat' dir='ltr'><strong>aber</strong></span> 
     </span>
     <span class='ocr_line' id='line_1_30' title="bbox 203 3428 1566 3500; baseline -0.001 -14"><span class='ocrx_word' id='word_1_370' title='bbox 203 3434 232 3486; x_wconf 88' lang='lat' dir='ltr'><strong>in</strong></span> <span class='ocrx_word' id='word_1_371' title='bbox 251 3431 344 3500; x_wconf 81' lang='lat' dir='ltr'><strong>irgend</strong></span> <span class='ocrx_word' id='word_1_372' title='bbox 363 3431 435 3483; x_wconf 78' lang='lat' dir='ltr'><strong>einer</strong></span> <span class='ocrx_word' id='word_1_373' title='bbox 453 3429 542 3481; x_wconf 78' lang='lat' dir='ltr'><strong>Weise</strong></span> <span class='ocrx_word' id='word_1_374' title='bbox 560 3429 609 3480; x_wconf 79' lang='lat' dir='ltr'><strong>mit</strong></span> <span class='ocrx_word' id='word_1_375' title='bbox 626 3428 670 3480; x_wconf 82' lang='lat' dir='ltr'><strong>der</strong></span> <span class='ocrx_word' id='word_1_376' title='bbox 688 3429 754 3496; x_wconf 81' lang='grc' dir='ltr'><strong>Ηγλε</strong></span> <span class='ocrx_word' id='word_1_377' title='bbox 772 3429 820 3494; x_wconf 84' lang='lat' dir='ltr'><strong>ist,</strong></span> <span class='ocrx_word' id='word_1_378' title='bbox 838 3444 867 3482; x_wconf 80' lang='grc' dir='ltr'><strong>ευ</strong></span> <span class='ocrx_word' id='word_1_379' title='bbox 886 3430 987 3498; x_wconf 83' lang='lat' dir='ltr'><strong>ergiebt</strong></span> <span class='ocrx_word' id='word_1_380' title='bbox 1006 3429 1070 3494; x_wconf 85' lang='lat' dir='ltr'><strong>sich,</strong></span> <span class='ocrx_word' id='word_1_381' title='bbox 1091 3429 1151 3481; x_wconf 78' lang='lat' dir='ltr'><strong>dass</strong></span> <span class='ocrx_word' id='word_1_382' title='bbox 1169 3429 1212 3482; x_wconf 86' lang='lat' dir='ltr'><strong>die</strong></span> <span class='ocrx_word' id='word_1_383' title='bbox 1230 3428 1303 3482; x_wconf 77' lang='lat' dir='ltr'>Seele</span> <span class='ocrx_word' id='word_1_384' title='bbox 1320 3431 1394 3483; x_wconf 84' lang='lat' dir='ltr'><strong>nicht</strong></span> <span class='ocrx_word' id='word_1_385' title='bbox 1412 3430 1462 3483; x_wconf 76' lang='lat' dir='ltr'>alle</span> <span class='ocrx_word' id='word_1_386' title='bbox 1480 3431 1566 3500; x_wconf 76' lang='lat' dir='ltr'><strong>Dirige</strong></span> 
     </span>
     <span class='ocr_line' id='line_1_31' title="bbox 202 3514 1565 3587; baseline -0.003 -14"><span class='ocrx_word' id='word_1_387' title='bbox 202 3518 378 3587; x_wconf 74' lang='lat' dir='ltr'><strong>schlechtweg</strong></span> <span class='ocrx_word' id='word_1_388' title='bbox 394 3518 444 3582; x_wconf 85' lang='lat' dir='ltr'><strong>ist,</strong></span> <span class='ocrx_word' id='word_1_389' title='bbox 469 3516 583 3569; x_wconf 79' lang='lat' dir='ltr'><strong>sondern</strong></span> <span class='ocrx_word' id='word_1_390' title='bbox 600 3514 717 3569; x_wconf 80' lang='lat' dir='ltr'><strong>insofern</strong></span> <span class='ocrx_word' id='word_1_391' title='bbox 738 3517 776 3569; x_wconf 79' lang='lat' dir='ltr'><strong>sie</strong></span> <span class='ocrx_word' id='word_1_392' title='bbox 795 3515 873 3569; x_wconf 80' lang='lat' dir='ltr'><strong>deren</strong></span> <span class='ocrx_word' id='word_1_393' title='bbox 891 3516 1001 3569; x_wconf 85' lang='lat' dir='ltr'><strong>Formen</strong></span> <span class='ocrx_word' id='word_1_394' title='bbox 1024 3517 1175 3582; x_wconf 74' lang='lat' dir='ltr'><strong>aufnimmt,</strong></span> <span class='ocrx_word' id='word_1_395' title='bbox 1197 3517 1252 3569; x_wconf 87' lang='lat' dir='ltr'><strong>und</strong></span> <span class='ocrx_word' id='word_1_396' title='bbox 1271 3516 1314 3570; x_wconf 75' lang='lat' dir='ltr'><strong>die</strong></span> <span class='ocrx_word' id='word_1_397' title='bbox 1332 3516 1443 3570; x_wconf 79' lang='lat' dir='ltr'><strong>Formen</strong></span> <span class='ocrx_word' id='word_1_398' title='bbox 1461 3533 1513 3571; x_wconf 83' lang='lat' dir='ltr'><strong>ron</strong></span> <span class='ocrx_word' id='word_1_399' title='bbox 1531 3519 1565 3570; x_wconf 87' lang='lat' dir='ltr'><strong>ir·</strong></span> 
     </span>
     <span class='ocr_line' id='line_1_32' title="bbox 202 3602 1565 3677; baseline 0 -18"><span class='ocrx_word' id='word_1_400' title='bbox 202 3606 274 3677; x_wconf 73' lang='lat' dir='ltr'><strong>gend</strong></span> <span class='ocrx_word' id='word_1_401' title='bbox 292 3606 367 3659; x_wconf 82' lang='lat' dir='ltr'><strong>einer</strong></span> <span class='ocrx_word' id='word_1_402' title='bbox 386 3604 456 3657; x_wconf 77' lang='lat' dir='ltr'><strong>Seite</strong></span> <span class='ocrx_word' id='word_1_403' title='bbox 474 3604 516 3656; x_wconf 83' lang='lat' dir='ltr'><strong>die</strong></span> <span class='ocrx_word' id='word_1_404' title='bbox 534 3602 717 3671; x_wconf 67' lang='lat' dir='ltr'><strong>Gegensrrnde</strong></span> <span class='ocrx_word' id='word_1_405' title='bbox 736 3602 818 3656; x_wconf 81' lang='lat' dir='ltr'><strong>selbst</strong></span> <span class='ocrx_word' id='word_1_406' title='bbox 835 3604 908 3669; x_wconf 86' lang='lat' dir='ltr'><strong>sind,</strong></span> <span class='ocrx_word' id='word_1_407' title='bbox 926 3604 968 3656; x_wconf 85' lang='lat' dir='ltr'><strong>ich</strong></span> <span class='ocrx_word' id='word_1_408' title='bbox 988 3606 1086 3668; x_wconf 76' lang='lat' dir='ltr'><strong>meino,</strong></span> <span class='ocrx_word' id='word_1_409' title='bbox 1109 3604 1169 3656; x_wconf 73' lang='lat' dir='ltr'>dass</span> <span class='ocrx_word' id='word_1_410' title='bbox 1188 3603 1268 3656; x_wconf 84' lang='lat' dir='ltr'><strong>durch</strong></span> <span class='ocrx_word' id='word_1_411' title='bbox 1287 3602 1328 3657; x_wconf 91' lang='lat' dir='ltr'><strong>die</strong></span> <span class='ocrx_word' id='word_1_412' title='bbox 1347 3603 1458 3657; x_wconf 75' lang='lat' dir='ltr'><strong>Poimen</strong></span> <span class='ocrx_word' id='word_1_413' title='bbox 1476 3605 1565 3659; x_wconf 81' lang='lat' dir='ltr'><strong>insbe-</strong></span> 
     </span>
     <span class='ocr_line' id='line_1_33' title="bbox 203 3689 1565 3759; baseline -0.002 -12"><span class='ocrx_word' id='word_1_414' title='bbox 203 3693 316 3747; x_wconf 81' lang='lat' dir='ltr'><strong>sondere</strong></span> <span class='ocrx_word' id='word_1_415' title='bbox 334 3693 373 3744; x_wconf 78' lang='lat' dir='ltr'><strong>sie</strong></span> <span class='ocrx_word' id='word_1_416' title='bbox 391 3692 461 3757; x_wconf 84' lang='lat' dir='ltr'><strong>sind,</strong></span> <span class='ocrx_word' id='word_1_417' title='bbox 478 3707 531 3743; x_wconf 74' lang='lat' dir='ltr'><strong>was</strong></span> <span class='ocrx_word' id='word_1_418' title='bbox 549 3691 587 3742; x_wconf 79' lang='lat' dir='ltr'><strong>sie</strong></span> <span class='ocrx_word' id='word_1_419' title='bbox 605 3691 678 3754; x_wconf 79' lang='lat' dir='ltr'><strong>sind;</strong></span> <span class='ocrx_word' id='word_1_420' title='bbox 695 3690 748 3742; x_wconf 88' lang='lat' dir='ltr'><strong>und</strong></span> <span class='ocrx_word' id='word_1_421' title='bbox 769 3706 843 3744; x_wconf 84' lang='lat' dir='ltr'>wenn</span> <span class='ocrx_word' id='word_1_422' title='bbox 862 3689 969 3759; x_wconf 76' lang='lat' dir='ltr'><strong>[auehi]</strong></span> <span class='ocrx_word' id='word_1_423' title='bbox 989 3692 1031 3744; x_wconf 79' lang='lat' dir='ltr'><strong>die</strong></span> <span class='ocrx_word' id='word_1_424' title='bbox 1043 3690 1116 3744; x_wconf 84' lang='lat' dir='ltr'>Seele</span> <span class='ocrx_word' id='word_1_425' title='bbox 1133 3691 1207 3744; x_wconf 75' lang='lat' dir='ltr'><strong>nicht</strong></span> <span class='ocrx_word' id='word_1_426' title='bbox 1224 3690 1274 3743; x_wconf 77' lang='lat' dir='ltr'><strong>alle</strong></span> <span class='ocrx_word' id='word_1_427' title='bbox 1288 3689 1470 3759; x_wconf 75' lang='lat' dir='ltr'><strong>Gegenstr&#39;rnde</strong></span> <span class='ocrx_word' id='word_1_428' title='bbox 1490 3693 1565 3745; x_wconf 73' lang='lat' dir='ltr'><strong>riber-</strong></span> 
     </span>
     <span class='ocr_line' id='line_1_34' title="bbox 202 3777 1565 3848; baseline -0.002 -14"><span class='ocrx_word' id='word_1_429' title='bbox 202 3782 287 3848; x_wconf 68' lang='grc' dir='ltr'><strong>δουρὶ</strong></span> <span class='ocrx_word' id='word_1_430' title='bbox 299 3780 448 3845; x_wconf 77' lang='lat' dir='ltr'><strong>aufnimmt,</strong></span> <span class='ocrx_word' id='word_1_431' title='bbox 466 3780 528 3831; x_wconf 81' lang='lat' dir='ltr'><strong>aber</strong></span> <span class='ocrx_word' id='word_1_432' title='bbox 546 3779 581 3829; x_wconf 91' lang='lat' dir='ltr'><strong>im</strong></span> <span class='ocrx_word' id='word_1_433' title='bbox 595 3777 692 3830; x_wconf 73' lang='lat' dir='ltr'><strong>srande</strong></span> <span class='ocrx_word' id='word_1_434' title='bbox 709 3778 754 3841; x_wconf 84' lang='lat' dir='ltr'><strong>ist,</strong></span> <span class='ocrx_word' id='word_1_435' title='bbox 773 3777 833 3830; x_wconf 81' lang='lat' dir='ltr'>dass</span> <span class='ocrx_word' id='word_1_436' title='bbox 852 3779 890 3830; x_wconf 80' lang='lat' dir='ltr'><strong>sie</strong></span> <span class='ocrx_word' id='word_1_437' title='bbox 903 3778 958 3831; x_wconf 84' lang='lat' dir='ltr'><strong>sich</strong></span> <span class='ocrx_word' id='word_1_438' title='bbox 976 3779 1059 3831; x_wconf 79' lang='lat' dir='ltr'><strong>richhe</strong></span> <span class='ocrx_word' id='word_1_439' title='bbox 1072 3779 1138 3831; x_wconf 74' lang='lat' dir='ltr'><strong>nach</strong></span> <span class='ocrx_word' id='word_1_440' title='bbox 1158 3778 1301 3845; x_wconf 78' lang='lat' dir='ltr'><strong>(ausdehne</strong></span> <span class='ocrx_word' id='word_1_441' title='bbox 1315 3778 1389 3845; x_wconf 78' lang='lat' dir='ltr'><strong>iiber)</strong></span> <span class='ocrx_word' id='word_1_442' title='bbox 1404 3779 1490 3847; x_wconf 78' lang='lat' dir='ltr'><strong>jedern</strong></span> <span class='ocrx_word' id='word_1_443' title='bbox 1509 3779 1565 3831; x_wconf 80' lang='lat' dir='ltr'><strong>ein-</strong></span> 
     </span>
     <span class='ocr_line' id='line_1_35' title="bbox 202 3864 1565 3935; baseline -0.001 -14"><span class='ocrx_word' id='word_1_444' title='bbox 202 3868 297 3921; x_wconf 83' lang='lat' dir='ltr'>zelnen</span> <span class='ocrx_word' id='word_1_445' title='bbox 317 3867 373 3920; x_wconf 77' lang='lat' dir='ltr'><strong>Teii</strong></span> <span class='ocrx_word' id='word_1_446' title='bbox 399 3865 496 3918; x_wconf 78' lang='lat' dir='ltr'><strong>daron:</strong></span> <span class='ocrx_word' id='word_1_447' title='bbox 524 3880 553 3918; x_wconf 85' lang='lat' dir='ltr'><strong>so</strong></span> <span class='ocrx_word' id='word_1_448' title='bbox 573 3865 608 3917; x_wconf 79' lang='lat' dir='ltr'><strong>ist</strong></span> <span class='ocrx_word' id='word_1_449' title='bbox 631 3864 673 3917; x_wconf 82' lang='lat' dir='ltr'><strong>die</strong></span> <span class='ocrx_word' id='word_1_450' title='bbox 691 3864 764 3917; x_wconf 70' lang='grc' dir='ltr'><strong>θεῶν</strong></span> <span class='ocrx_word' id='word_1_451' title='bbox 786 3865 814 3917; x_wconf 90' lang='lat' dir='ltr'><strong>in</strong></span> <span class='ocrx_word' id='word_1_452' title='bbox 833 3866 917 3918; x_wconf 84' lang='lat' dir='ltr'>dieser</span> <span class='ocrx_word' id='word_1_453' title='bbox 936 3865 1023 3919; x_wconf 79' lang='lat' dir='ltr'><strong>Weise</strong></span> <span class='ocrx_word' id='word_1_454' title='bbox 1045 3865 1095 3918; x_wconf 78' lang='lat' dir='ltr'>alle</span> <span class='ocrx_word' id='word_1_455' title='bbox 1114 3866 1298 3919; x_wconf 75' lang='lat' dir='ltr'><strong>rothandrrnen</strong></span> <span class='ocrx_word' id='word_1_456' title='bbox 1317 3867 1402 3935; x_wconf 70' lang='lat' dir='ltr'><strong>iringo</strong></span> <span class='ocrx_word' id='word_1_457' title='bbox 1425 3866 1479 3918; x_wconf 90' lang='lat' dir='ltr'><strong>und</strong></span> <span class='ocrx_word' id='word_1_458' title='bbox 1503 3867 1565 3919; x_wconf 85' lang='lat' dir='ltr'><strong>wird</strong></span> 
     </span>
     <span class='ocr_line' id='line_1_36' title="bbox 201 3950 1565 4022; baseline -0.002 -14"><span class='ocrx_word' id='word_1_459' title='bbox 201 3956 255 4008; x_wconf 78' lang='grc' dir='ltr'><strong>αθε</strong></span> <span class='ocrx_word' id='word_1_460' title='bbox 273 3954 459 4008; x_wconf 77' lang='grc' dir='ltr'><strong>νοτλαιιάεπου</strong></span> <span class='ocrx_word' id='word_1_461' title='bbox 478 3954 563 4020; x_wconf 79' lang='lat' dir='ltr'><strong>Dinge</strong></span> <span class='ocrx_word' id='word_1_462' title='bbox 675 3950 778 4005; x_wconf 72' lang='lat'><strong>22-23</strong></span> <span class='ocrx_word' id='word_1_463' title='bbox 804 3951 888 4022; x_wconf 86' lang='grc' dir='ltr'><strong>τούτιρ</strong></span> <span class='ocrx_word' id='word_1_464' title='bbox 907 3954 987 4004; x_wconf 83' lang='grc' dir='ltr'><strong>πάντα</strong></span> <span class='ocrx_word' id='word_1_465' title='bbox 1005 3952 1107 4021; x_wconf 77' lang='grc' dir='ltr'><strong>γίνεται]</strong></span> <span class='ocrx_word' id='word_1_466' title='bbox 1127 3968 1156 4006; x_wconf 86' lang='lat' dir='ltr'><strong>so</strong></span> <span class='ocrx_word' id='word_1_467' title='bbox 1174 3953 1239 4006; x_wconf 86' lang='lat' dir='ltr'><strong>wird</strong></span> <span class='ocrx_word' id='word_1_468' title='bbox 1257 3954 1294 4007; x_wconf 80' lang='lat' dir='ltr'><strong>sie</strong></span> <span class='ocrx_word' id='word_1_469' title='bbox 1313 3953 1371 4007; x_wconf 81' lang='lat' dir='ltr'><strong>auf</strong></span> <span class='ocrx_word' id='word_1_470' title='bbox 1387 3954 1459 4006; x_wconf 73' lang='lat' dir='ltr'><strong>diere</strong></span> <span class='ocrx_word' id='word_1_471' title='bbox 1476 3952 1565 4005; x_wconf 75' lang='lat' dir='ltr'><strong>Weise</strong></span> 
     </span>
    </p>
   </div>
   <div class='ocr_carea' id='block_1_4' title="bbox 201 4036 970 4110">
    <p class='ocr_par' dir='ltr' id='par_1_10' title="bbox 201 4036 970 4110">
     <span class='ocr_line' id='line_1_37' title="bbox 201 4036 970 4110; baseline -0.004 -15"><span class='ocrx_word' id='word_1_472' title='bbox 201 4043 255 4095; x_wconf 72' lang='lat' dir='ltr'>alle</span> <span class='ocrx_word' id='word_1_473' title='bbox 274 4043 360 4110; x_wconf 75' lang='lat' dir='ltr'><strong>Dingo</strong></span> <span class='ocrx_word' id='word_1_474' title='bbox 466 4039 499 4091; x_wconf 76' lang='lat'><strong>26</strong></span> <span class='ocrx_word' id='word_1_475' title='bbox 518 4036 562 4109; x_wconf 72' lang='grc' dir='ltr'><strong>ἢν]</strong></span> <span class='ocrx_word' id='word_1_476' title='bbox 581 4038 666 4091; x_wconf 71' lang='lat' dir='ltr'><strong>addit:</strong></span> <span class='ocrx_word' id='word_1_477' title='bbox 684 4040 752 4092; x_wconf 80' lang='lat' dir='ltr'><strong>nach</strong></span> <span class='ocrx_word' id='word_1_478' title='bbox 771 4040 838 4093; x_wconf 83' lang='lat' dir='ltr'><strong>ihrer</strong></span> <span class='ocrx_word' id='word_1_479' title='bbox 858 4040 970 4093; x_wconf 84' lang='lat' dir='ltr'><strong>Ansicht</strong></span> 
     </span>
    </p>
   </div>
   <div class='ocr_carea' id='block_1_5' title="bbox 200 4197 1566 4883">
    <p class='ocr_par' dir='ltr' id='par_1_11' title="bbox 200 4197 1566 4883">
     <span class='ocr_line' id='line_1_38' title="bbox 204 4197 1566 4287; baseline -0.001 -34"><span class='ocrx_word' id='word_1_480' title='bbox 204 4203 215 4253; x_wconf 93' lang='lat' dir='ltr'>l</span> <span class='ocrx_word' id='word_1_481' title='bbox 237 4197 277 4252; x_wconf 80' lang='grc' dir='ltr'><strong>ὅτι</strong></span> <span class='ocrx_word' id='word_1_482' title='bbox 293 4197 420 4271; x_wconf 80' lang='grc' dir='ltr'><strong>γωριοτύς</strong></span> <span class='ocrx_word' id='word_1_483' title='bbox 436 4198 627 4269; x_wconf 84' lang='grc' dir='ltr'><strong>τι-γινόμινος</strong></span> <span class='ocrx_word' id='word_1_484' title='bbox 645 4198 671 4251; x_wconf 75' lang='grc' dir='ltr'><strong>ἐν</strong></span> <span class='ocrx_word' id='word_1_485' title='bbox 689 4197 750 4267; x_wconf 76' lang='grc' dir='ltr'><strong>ἡμῖν</strong></span> <span class='ocrx_word' id='word_1_486' title='bbox 768 4201 798 4250; x_wconf 87' lang='lat' dir='ltr'><strong>ut</strong></span> <span class='ocrx_word' id='word_1_487' title='bbox 815 4198 910 4251; x_wconf 71' lang='lat' dir='ltr'><strong>lemma</strong></span> <span class='ocrx_word' id='word_1_488' title='bbox 927 4200 1071 4287; x_wconf 57' lang='lat' dir='ltr'><strong>marginale</strong></span> <span class='ocrx_word' id='word_1_489' title='bbox 1089 4200 1171 4253; x_wconf 78' lang='lat' dir='ltr'><strong>delevi</strong></span> <span class='ocrx_word' id='word_1_490' title='bbox 1285 4200 1301 4252; x_wconf 76' lang='grc' dir='ltr'><strong>θ</strong></span> <span class='ocrx_word' id='word_1_491' title='bbox 1320 4197 1369 4269; x_wconf 78' lang='grc' dir='ltr'><strong>οθχ</strong></span> <span class='ocrx_word' id='word_1_492' title='bbox 1385 4199 1403 4270; x_wconf 77' lang='grc' dir='ltr'>ἡ</span> <span class='ocrx_word' id='word_1_493' title='bbox 1421 4201 1457 4253; x_wconf 93' lang='lat' dir='ltr'><strong>V:</strong></span> <span class='ocrx_word' id='word_1_494' title='bbox 1476 4197 1506 4250; x_wconf 79' lang='grc' dir='ltr'><strong>ού</strong></span> <span class='ocrx_word' id='word_1_495' title='bbox 1525 4200 1566 4251; x_wconf 79' lang='lat' dir='ltr'><strong>Ka</strong></span> 
     </span>
     <span class='ocr_line' id='line_1_39' title="bbox 200 4283 1565 4356; baseline -0.003 -15"><span class='ocrx_word' id='word_1_496' title='bbox 200 4288 316 4341; x_wconf 63' lang='grc' dir='ltr'><strong>δτοῦτο</strong></span> <span class='ocrx_word' id='word_1_497' title='bbox 334 4292 389 4338; x_wconf 75' lang='grc' dir='ltr'><strong>νοεῖ</strong></span> <span class='ocrx_word' id='word_1_498' title='bbox 404 4284 445 4337; x_wconf 78' lang='lat' dir='ltr'><strong>Ka</strong></span> <span class='ocrx_word' id='word_1_499' title='bbox 534 4283 573 4337; x_wconf 78' lang='grc' dir='ltr'><strong>διὰ</strong></span> <span class='ocrx_word' id='word_1_500' title='bbox 590 4284 632 4354; x_wconf 87' lang='grc' dir='ltr'><strong>τὸ]</strong></span> <span class='ocrx_word' id='word_1_501' title='bbox 651 4285 762 4339; x_wconf 76' lang='lat' dir='ltr'><strong>fortasse</strong></span> <span class='ocrx_word' id='word_1_502' title='bbox 780 4285 856 4338; x_wconf 81' lang='grc' dir='ltr'><strong>ἀλλὰ</strong></span> <span class='ocrx_word' id='word_1_503' title='bbox 873 4285 903 4339; x_wconf 83' lang='grc' dir='ltr'><strong>τὸ</strong></span> <span class='ocrx_word' id='word_1_504' title='bbox 922 4286 955 4339; x_wconf 78' lang='lat' dir='ltr'><strong>cf.</strong></span> <span class='ocrx_word' id='word_1_505' title='bbox 973 4287 1022 4339; x_wconf 89' lang='lat' dir='ltr'><strong>int.</strong></span> <span class='ocrx_word' id='word_1_506' title='bbox 1039 4288 1110 4342; x_wconf 84' lang='lat' dir='ltr'><strong>hebr.</strong></span> <span class='ocrx_word' id='word_1_507' title='bbox 1203 4286 1306 4356; x_wconf 82' lang='grc' dir='ltr'><strong>ύτύτι]</strong></span> <span class='ocrx_word' id='word_1_508' title='bbox 1325 4287 1433 4341; x_wconf 72' lang='lat' dir='ltr'><strong>fortasse</strong></span> <span class='ocrx_word' id='word_1_509' title='bbox 1451 4289 1565 4338; x_wconf 81' lang='grc' dir='ltr'><strong>τοιοῦτον</strong></span> 
     </span>
     <span class='ocr_line' id='line_1_40' title="bbox 201 4373 1565 4442; baseline -0.002 -15"><span class='ocrx_word' id='word_1_510' title='bbox 201 4375 236 4428; x_wconf 79' lang='lat' dir='ltr'><strong>ti.</strong></span> <span class='ocrx_word' id='word_1_511' title='bbox 254 4376 305 4427; x_wconf 85' lang='lat' dir='ltr'><strong>int.</strong></span> <span class='ocrx_word' id='word_1_512' title='bbox 322 4374 394 4427; x_wconf 79' lang='lat' dir='ltr'><strong>hebr.</strong></span> <span class='ocrx_word' id='word_1_513' title='bbox 414 4374 472 4441; x_wconf 78' lang='grc' dir='ltr'><strong>ι’ρεα</strong></span> <span class='ocrx_word' id='word_1_514' title='bbox 489 4374 604 4438; x_wconf 75' lang='grc' dir='ltr'><strong>οορθαιίο</strong></span> <span class='ocrx_word' id='word_1_515' title='bbox 623 4391 669 4423; x_wconf 80' lang='lat' dir='ltr'><strong>nrm</strong></span> <span class='ocrx_word' id='word_1_516' title='bbox 687 4384 724 4424; x_wconf 77' lang='lat' dir='ltr'><strong>ert</strong></span> <span class='ocrx_word' id='word_1_517' title='bbox 741 4383 854 4429; x_wconf 71' lang='lat' dir='ltr'><strong>aeterna.</strong></span> <span class='ocrx_word' id='word_1_518' title='bbox 875 4373 921 4424; x_wconf 76' lang='lat' dir='ltr'><strong>red</strong></span> <span class='ocrx_word' id='word_1_519' title='bbox 938 4374 977 4439; x_wconf 78' lang='lat' dir='ltr'><strong>id,</strong></span> <span class='ocrx_word' id='word_1_520' title='bbox 998 4375 1065 4441; x_wconf 78' lang='lat' dir='ltr'><em>quod</em></span> <span class='ocrx_word' id='word_1_521' title='bbox 1080 4376 1201 4442; x_wconf 77' lang='grc' dir='ltr'><strong>υορίιαιυν</strong></span> <span class='ocrx_word' id='word_1_522' title='bbox 1218 4377 1267 4426; x_wconf 75' lang='lat' dir='ltr'><strong>eale</strong></span> <span class='ocrx_word' id='word_1_523' title='bbox 1287 4376 1320 4439; x_wconf 76' lang='lat' dir='ltr'><strong>(i.</strong></span> <span class='ocrx_word' id='word_1_524' title='bbox 1331 4392 1351 4426; x_wconf 82' lang='grc' dir='ltr'><strong>α.</strong></span> <span class='ocrx_word' id='word_1_525' title='bbox 1370 4375 1509 4438; x_wconf 74' lang='lat' dir='ltr'><strong>aeternum)</strong></span> <span class='ocrx_word' id='word_1_526' title='bbox 1528 4384 1565 4424; x_wconf 77' lang='lat' dir='ltr'><strong>ert</strong></span> 
     </span>
     <span class='ocr_line' id='line_1_41' title="bbox 200 4457 1564 4537; baseline -0.001 -23"><span class='ocrx_word' id='word_1_527' title='bbox 200 4462 288 4520; x_wconf 79' lang='grc' dir='ltr'><strong>αυτοῖς</strong></span> <span class='ocrx_word' id='word_1_528' title='bbox 306 4462 371 4514; x_wconf 75' lang='grc' dir='ltr'><strong>θΚι</strong></span> <span class='ocrx_word' id='word_1_529' title='bbox 495 4457 563 4527; x_wconf 81' lang='grc' dir='ltr'><strong>μέλει</strong></span> <span class='ocrx_word' id='word_1_530' title='bbox 581 4476 623 4513; x_wconf 77' lang='lat' dir='ltr'><strong>ex.</strong></span> <span class='ocrx_word' id='word_1_531' title='bbox 641 4461 715 4513; x_wconf 82' lang='lat' dir='ltr'><strong>vict:</strong></span> <span class='ocrx_word' id='word_1_532' title='bbox 739 4457 824 4528; x_wconf 69' lang='grc' dir='ltr'><strong>μλλλει</strong></span> <span class='ocrx_word' id='word_1_533' title='bbox 842 4461 908 4513; x_wconf 79' lang='grc' dir='ltr'><strong>θΚυ</strong></span> <span class='ocrx_word' id='word_1_534' title='bbox 971 4498 976 4507; x_wconf 87' lang='grc'><strong>.</strong></span> <span class='ocrx_word' id='word_1_535' title='bbox 1030 4459 1130 4526; x_wconf 83' lang='grc' dir='ltr'><strong>7,,θτι</strong></span> <span class='ocrx_word' id='word_1_536' title='bbox 1152 4461 1258 4537; x_wconf 68' lang='grc' dir='ltr'><strong>ἡψυχὴ</strong></span> <span class='ocrx_word' id='word_1_537' title='bbox 1280 4462 1313 4515; x_wconf 76' lang='grc' dir='ltr'><strong>τὰ</strong></span> <span class='ocrx_word' id='word_1_538' title='bbox 1335 4459 1396 4515; x_wconf 77' lang='grc' dir='ltr'><strong>ὄντα</strong></span> <span class='ocrx_word' id='word_1_539' title='bbox 1418 4459 1474 4518; x_wconf 85' lang='grc' dir='ltr'><strong>πῶς</strong></span> <span class='ocrx_word' id='word_1_540' title='bbox 1498 4460 1564 4513; x_wconf 74' lang='grc' dir='ltr'><strong>ἐστιν</strong></span> 
     </span>
     <span class='ocr_line' id='line_1_42' title="bbox 201 4545 1564 4619; baseline -0.001 -18"><span class='ocrx_word' id='word_1_541' title='bbox 201 4551 310 4601; x_wconf 79' lang='grc' dir='ltr'><strong>πάντα“.</strong></span> <span class='ocrx_word' id='word_1_542' title='bbox 348 4548 370 4600; x_wconf 80' lang='lat' dir='ltr'><strong>ri</strong></span> <span class='ocrx_word' id='word_1_543' title='bbox 387 4546 415 4599; x_wconf 73' lang='lat' dir='ltr'><strong>hi</strong></span> <span class='ocrx_word' id='word_1_544' title='bbox 432 4547 472 4600; x_wconf 78' lang='lat' dir='ltr'><strong>Va</strong></span> <span class='ocrx_word' id='word_1_545' title='bbox 553 4546 680 4615; x_wconf 76' lang='grc' dir='ltr'><strong>8γύντται</strong></span> <span class='ocrx_word' id='word_1_546' title='bbox 698 4545 791 4615; x_wconf 80' lang='grc' dir='ltr'><strong>γίνεται</strong></span> <span class='ocrx_word' id='word_1_547' title='bbox 808 4546 855 4612; x_wconf 81' lang='lat'>111²,</span> <span class='ocrx_word' id='word_1_548' title='bbox 873 4546 966 4618; x_wconf 76' lang='grc' dir='ltr'><strong>γίνεται</strong></span> <span class='ocrx_word' id='word_1_549' title='bbox 983 4549 1019 4600; x_wconf 86' lang='lat' dir='ltr'><strong>m¹</strong></span> <span class='ocrx_word' id='word_1_550' title='bbox 1032 4550 1067 4601; x_wconf 90' lang='lat' dir='ltr'><strong>V:</strong></span> <span class='ocrx_word' id='word_1_551' title='bbox 1086 4549 1177 4619; x_wconf 70' lang='grc' dir='ltr'><strong>γίνεται</strong></span> <span class='ocrx_word' id='word_1_552' title='bbox 1194 4550 1236 4602; x_wconf 75' lang='lat' dir='ltr'><strong>Ka</strong></span> <span class='ocrx_word' id='word_1_553' title='bbox 1324 4549 1356 4603; x_wconf 89' lang='grc'><strong>10</strong></span> <span class='ocrx_word' id='word_1_554' title='bbox 1374 4547 1410 4607; x_wconf 87' lang='grc' dir='ltr'><strong>ῶς</strong></span> <span class='ocrx_word' id='word_1_555' title='bbox 1428 4546 1564 4617; x_wconf 77' lang='grc' dir='ltr'><strong>δέδεικται]</strong></span> 
     </span>
     <span class='ocr_line' id='line_1_43' title="bbox 201 4632 1564 4705; baseline -0.001 -16"><span class='ocrx_word' id='word_1_556' title='bbox 201 4635 282 4700; x_wconf 80' lang='grc' dir='ltr'><strong>38,θο</strong></span> <span class='ocrx_word' id='word_1_557' title='bbox 404 4635 434 4686; x_wconf 85' lang='grc'><strong>14</strong></span> <span class='ocrx_word' id='word_1_558' title='bbox 462 4633 550 4692; x_wconf 77' lang='grc' dir='ltr'><strong>ἁπλῶς</strong></span> <span class='ocrx_word' id='word_1_559' title='bbox 568 4652 606 4705; x_wconf 89' lang='grc' dir='ltr'><strong>γρ.</strong></span> <span class='ocrx_word' id='word_1_560' title='bbox 624 4634 662 4686; x_wconf 78' lang='lat' dir='ltr'><strong>m²</strong></span> <span class='ocrx_word' id='word_1_561' title='bbox 680 4635 708 4687; x_wconf 89' lang='lat' dir='ltr'><strong>in</strong></span> <span class='ocrx_word' id='word_1_562' title='bbox 726 4649 778 4702; x_wconf 84' lang='lat' dir='ltr'><strong>mg.</strong></span> <span class='ocrx_word' id='word_1_563' title='bbox 797 4633 881 4694; x_wconf 76' lang='grc' dir='ltr'><strong>ἄλλοις</strong></span> <span class='ocrx_word' id='word_1_564' title='bbox 899 4637 981 4689; x_wconf 76' lang='lat' dir='ltr'><strong>m¹Vt</strong></span> <span class='ocrx_word' id='word_1_565' title='bbox 1001 4634 1086 4695; x_wconf 73' lang='grc' dir='ltr'><strong>ἄλλως</strong></span> <span class='ocrx_word' id='word_1_566' title='bbox 1105 4637 1145 4688; x_wconf 83' lang='lat' dir='ltr'><strong>Ka</strong></span> <span class='ocrx_word' id='word_1_567' title='bbox 1263 4637 1295 4689; x_wconf 83' lang='lat'><strong>16</strong></span> <span class='ocrx_word' id='word_1_568' title='bbox 1322 4641 1377 4694; x_wconf 86' lang='grc' dir='ltr'><strong>πῶς</strong></span> <span class='ocrx_word' id='word_1_569' title='bbox 1394 4635 1441 4701; x_wconf 86' lang='lat' dir='ltr'><strong>m¹‚</strong></span> <span class='ocrx_word' id='word_1_570' title='bbox 1458 4632 1482 4705; x_wconf 71' lang='grc' dir='ltr'><strong>ψ’</strong></span> <span class='ocrx_word' id='word_1_571' title='bbox 1503 4634 1564 4702; x_wconf 84' lang='lat' dir='ltr'><strong>(sic)</strong></span> 
     </span>
     <span class='ocr_line' id='line_1_44' title="bbox 202 4720 1566 4793; baseline -0.001 -18"><span class='ocrx_word' id='word_1_572' title='bbox 202 4722 306 4780; x_wconf 70' lang='grc' dir='ltr'><strong>ὼδίτκυς</strong></span> <span class='ocrx_word' id='word_1_573' title='bbox 324 4724 353 4775; x_wconf 88' lang='lat' dir='ltr'><strong>in</strong></span> <span class='ocrx_word' id='word_1_574' title='bbox 372 4738 423 4791; x_wconf 78' lang='lat' dir='ltr'><strong>mg.</strong></span> <span class='ocrx_word' id='word_1_575' title='bbox 442 4722 525 4774; x_wconf 77' lang='lat' dir='ltr'><strong>m²Vr</strong></span> <span class='ocrx_word' id='word_1_576' title='bbox 545 4729 600 4781; x_wconf 85' lang='grc' dir='ltr'><strong>πῶς</strong></span> <span class='ocrx_word' id='word_1_577' title='bbox 619 4722 659 4774; x_wconf 81' lang='lat' dir='ltr'><strong>Ka</strong></span> <span class='ocrx_word' id='word_1_578' title='bbox 738 4720 767 4773; x_wconf 81' lang='grc' dir='ltr'><strong>ού</strong></span> <span class='ocrx_word' id='word_1_579' title='bbox 786 4720 907 4780; x_wconf 79' lang='grc' dir='ltr'><strong>ἁπλωςο</strong></span> <span class='ocrx_word' id='word_1_580' title='bbox 981 4722 1039 4793; x_wconf 78' lang='grc' dir='ltr'><strong>γὰρ]</strong></span> <span class='ocrx_word' id='word_1_581' title='bbox 1059 4725 1112 4776; x_wconf 80' lang='lat' dir='ltr'><strong>ie.</strong></span> <span class='ocrx_word' id='word_1_582' title='bbox 1131 4722 1197 4792; x_wconf 79' lang='grc' dir='ltr'><strong>λέγω</strong></span> <span class='ocrx_word' id='word_1_583' title='bbox 1217 4723 1249 4777; x_wconf 74' lang='lat' dir='ltr'><strong>ci,</strong></span> <span class='ocrx_word' id='word_1_584' title='bbox 1268 4723 1325 4776; x_wconf 88' lang='lat' dir='ltr'>lnd.</span> <span class='ocrx_word' id='word_1_585' title='bbox 1408 4723 1439 4775; x_wconf 79' lang='lat'><strong>17</strong></span> <span class='ocrx_word' id='word_1_586' title='bbox 1457 4722 1509 4774; x_wconf 73' lang='grc' dir='ltr'><strong>ἐστι</strong></span> <span class='ocrx_word' id='word_1_587' title='bbox 1526 4721 1566 4773; x_wconf 86' lang='lat' dir='ltr'><strong>m¹</strong></span> 
     </span>
     <span class='ocr_line' id='line_1_45' title="bbox 202 4809 1552 4883; baseline -0.001 -20"><span class='ocrx_word' id='word_1_588' title='bbox 202 4826 283 4879; x_wconf 74' lang='lat' dir='ltr'><strong>supra</strong></span> <span class='ocrx_word' id='word_1_589' title='bbox 300 4810 406 4877; x_wconf 73' lang='lat' dir='ltr'><strong>lineam,</strong></span> <span class='ocrx_word' id='word_1_590' title='bbox 425 4810 486 4862; x_wconf 77' lang='grc' dir='ltr'><strong>εἶναι</strong></span> <span class='ocrx_word' id='word_1_591' title='bbox 503 4810 585 4863; x_wconf 77' lang='lat' dir='ltr'><strong>m¹Vz</strong></span> <span class='ocrx_word' id='word_1_592' title='bbox 604 4810 656 4861; x_wconf 80' lang='grc' dir='ltr'><strong>ἐστι</strong></span> <span class='ocrx_word' id='word_1_593' title='bbox 673 4809 714 4861; x_wconf 80' lang='lat' dir='ltr'><strong>Ka</strong></span> <span class='ocrx_word' id='word_1_594' title='bbox 822 4809 926 4862; x_wconf 51' lang='lat'><strong>2043</strong></span> <span class='ocrx_word' id='word_1_595' title='bbox 945 4810 1064 4863; x_wconf 72' lang='grc' dir='ltr'><strong>θκάστυττ</strong></span> <span class='ocrx_word' id='word_1_596' title='bbox 1082 4827 1165 4880; x_wconf 82' lang='grc' dir='ltr'><strong>υεηυυ</strong></span> <span class='ocrx_word' id='word_1_597' title='bbox 1183 4812 1216 4865; x_wconf 76' lang='grc' dir='ltr'><strong>αθ</strong></span> <span class='ocrx_word' id='word_1_598' title='bbox 1233 4812 1315 4864; x_wconf 84' lang='grc' dir='ltr'><strong>πάντα</strong></span> <span class='ocrx_word' id='word_1_599' title='bbox 1333 4809 1426 4883; x_wconf 70' lang='grc' dir='ltr'><strong>γίνεται</strong></span> <span class='ocrx_word' id='word_1_600' title='bbox 1443 4824 1494 4863; x_wconf 83' lang='lat' dir='ltr'><strong>om.</strong></span> <span class='ocrx_word' id='word_1_601' title='bbox 1511 4809 1552 4863; x_wconf 78' lang='lat' dir='ltr'><strong>Ka</strong></span> 
     </span>
    </p>
   </div>
   <div class='ocr_carea' id='block_1_6' title="bbox 202 4894 824 4968">
    <p class='ocr_par' dir='ltr' id='par_1_12' title="bbox 202 4894 824 4968">
     <span class='ocr_line' id='line_1_46' title="bbox 202 4894 824 4968; baseline 0 -18"><span class='ocrx_word' id='word_1_602' title='bbox 202 4897 237 4950; x_wconf 68' lang='lat' dir='ltr'><strong>ri</strong></span> <span class='ocrx_word' id='word_1_603' title='bbox 255 4896 271 4967; x_wconf 74' lang='grc' dir='ltr'><strong>ᾖ</strong></span> <span class='ocrx_word' id='word_1_604' title='bbox 291 4896 415 4968; x_wconf 79' lang='grc' dir='ltr'><strong>νοηθῆναι</strong></span> <span class='ocrx_word' id='word_1_605' title='bbox 432 4895 450 4967; x_wconf 72' lang='grc' dir='ltr'><strong>ἢ</strong></span> <span class='ocrx_word' id='word_1_606' title='bbox 468 4897 570 4966; x_wconf 81' lang='lat' dir='ltr'><strong>scripsi:</strong></span> <span class='ocrx_word' id='word_1_607' title='bbox 590 4896 606 4967; x_wconf 77' lang='grc' dir='ltr'><strong>η</strong></span> <span class='ocrx_word' id='word_1_608' title='bbox 625 4894 747 4967; x_wconf 75' lang='grc' dir='ltr'><strong>νοηθῆναι</strong></span> <span class='ocrx_word' id='word_1_609' title='bbox 765 4897 781 4966; x_wconf 79' lang='grc' dir='ltr'><strong>η</strong></span> <span class='ocrx_word' id='word_1_610' title='bbox 801 4897 824 4950; x_wconf 88' lang='lat' dir='ltr'>V</span> 
     </span>
    </p>
   </div>
   <div class='ocr_carea' id='block_1_7' title="bbox 0 0 1774 5610">
    <p class='ocr_par' dir='ltr' id='par_1_13' title="bbox 0 0 1774 5610">
     <span class='ocr_line' id='line_1_47' title="bbox 0 0 1774 5610; baseline 0 1"><span class='ocrx_word' id='word_1_611' title='bbox 0 0 1774 5610; x_wconf 95' lang='lat' dir='ltr'><strong> </strong></span> 
     </span>
    </p>
   </div>
  </div>
 </body>
</html>
