<?xml version="1.0" encoding="UTF-8"?>
<!DOCTYPE html PUBLIC "-//W3C//DTD XHTML 1.0 Transitional//EN"
    "http://www.w3.org/TR/xhtml1/DTD/xhtml1-transitional.dtd">
<html xmlns="http://www.w3.org/1999/xhtml" xml:lang="en" lang="en">
 <head>
  <title>
</title>
<meta http-equiv="Content-Type" content="text/html;charset=utf-8" />
  <meta name='ocr-system' content='tesseract 3.04.00' />
  <meta name='ocr-capabilities' content='ocr_page ocr_carea ocr_par ocr_line ocrx_word'/>
</head>
<body>
  <div class='ocr_page' id='page_1' title='image "./supplementumari02arisgoog/supplementumari02arisgoog_0138.png"; bbox 0 0 3540 5610; ppageno 0'>
   <div class='ocr_carea' id='block_1_1' title="bbox 652 331 1558 402">
    <p class='ocr_par' dir='ltr' id='par_1_1' title="bbox 652 331 1558 402">
     <span class='ocr_line' id='line_1_1' title="bbox 652 331 1558 402; baseline 0.009 -15"><span class='ocrx_word' id='word_1_1' title='bbox 652 331 707 402; x_wconf 82' lang='lat' dir='ltr'>[DE</span> <span class='ocrx_word' id='word_1_2' title='bbox 731 333 839 387; x_wconf 80' lang='lat' dir='ltr'><strong>ANIMA</strong></span> <span class='ocrx_word' id='word_1_3' title='bbox 865 333 965 387; x_wconf 81' lang='lat' dir='ltr'>LIBER</span> <span class='ocrx_word' id='word_1_4' title='bbox 990 331 1115 402; x_wconf 77' lang='lat' dir='ltr'><strong>ALTER]</strong></span> <span class='ocrx_word' id='word_1_5' title='bbox 1499 334 1558 395; x_wconf 92' lang='grc'>111</span> 
     </span>
    </p>
   </div>
   <div class='ocr_carea' id='block_1_2' title="bbox 210 501 1550 4188">
    <p class='ocr_par' dir='ltr' id='par_1_2' title="bbox 210 501 1550 4188">
     <span class='ocr_line' id='line_1_2' title="bbox 256 501 1547 592; baseline -0.009 -20"><span class='ocrx_word' id='word_1_6' title='bbox 256 509 305 572; x_wconf 82' lang='grc' dir='ltr'>καὶ</span> <span class='ocrx_word' id='word_1_7' title='bbox 327 509 344 571; x_wconf 91' lang='lat'>6</span> <span class='ocrx_word' id='word_1_8' title='bbox 367 512 433 576; x_wconf 82' lang='grc' dir='ltr'>νοῦς</span> <span class='ocrx_word' id='word_1_9' title='bbox 455 508 620 576; x_wconf 76' lang='grc' dir='ltr'>τελειωθεὶς</span> <span class='ocrx_word' id='word_1_10' title='bbox 647 508 683 570; x_wconf 91' lang='grc' dir='ltr'>τά</span> <span class='ocrx_word' id='word_1_11' title='bbox 708 530 739 570; x_wconf 88' lang='grc' dir='ltr'>τε</span> <span class='ocrx_word' id='word_1_12' title='bbox 761 507 846 592; x_wconf 81' lang='grc' dir='ltr'>φύσει</span> <span class='ocrx_word' id='word_1_13' title='bbox 874 507 963 589; x_wconf 87' lang='grc' dir='ltr'>νυητδι</span> <span class='ocrx_word' id='word_1_14' title='bbox 989 511 1051 570; x_wconf 83' lang='grc' dir='ltr'>νοεῖ</span> <span class='ocrx_word' id='word_1_15' title='bbox 1075 508 1123 569; x_wconf 91' lang='grc' dir='ltr'>καὶ</span> <span class='ocrx_word' id='word_1_16' title='bbox 1150 506 1186 569; x_wconf 80' lang='grc' dir='ltr'>τὰ</span> <span class='ocrx_word' id='word_1_17' title='bbox 1207 505 1335 589; x_wconf 84' lang='grc' dir='ltr'>αἰσθητὰ</span> <span class='ocrx_word' id='word_1_18' title='bbox 1362 501 1506 586; x_wconf 82' lang='grc' dir='ltr'>δὲ’νοητδι</span> <span class='ocrx_word' id='word_1_19' title='bbox 1520 520 1547 560; x_wconf 88' lang='grc' dir='ltr'>ιο</span> 
     </span>
     <span class='ocr_line' id='line_1_3' title="bbox 255 607 1506 694; baseline -0.003 -22"><span class='ocrx_word' id='word_1_20' title='bbox 255 610 338 694; x_wconf 82' lang='grc' dir='ltr'>αὑτῷ</span> <span class='ocrx_word' id='word_1_21' title='bbox 362 614 448 679; x_wconf 82' lang='grc' dir='ltr'>ποιεῖ,</span> <span class='ocrx_word' id='word_1_22' title='bbox 471 611 524 673; x_wconf 82' lang='grc' dir='ltr'>ἅτε</span> <span class='ocrx_word' id='word_1_23' title='bbox 545 612 586 672; x_wconf 85' lang='grc' dir='ltr'>ὢν</span> <span class='ocrx_word' id='word_1_24' title='bbox 608 609 764 692; x_wconf 81' lang='grc' dir='ltr'>ποιητικάς.</span> <span class='ocrx_word' id='word_1_25' title='bbox 799 610 833 672; x_wconf 83' lang='grc' dir='ltr'>οὐ</span> <span class='ocrx_word' id='word_1_26' title='bbox 855 609 909 692; x_wconf 83' lang='grc' dir='ltr'>γὰρ</span> <span class='ocrx_word' id='word_1_27' title='bbox 931 609 1092 692; x_wconf 86' lang='grc' dir='ltr'>παθητικδς</span> <span class='ocrx_word' id='word_1_28' title='bbox 1114 610 1129 671; x_wconf 98' lang='lat'>6</span> <span class='ocrx_word' id='word_1_29' title='bbox 1153 613 1217 678; x_wconf 90' lang='grc' dir='ltr'>νοῦς</span> <span class='ocrx_word' id='word_1_30' title='bbox 1240 614 1276 690; x_wconf 76' lang='grc' dir='ltr'>τῇ</span> <span class='ocrx_word' id='word_1_31' title='bbox 1300 609 1389 672; x_wconf 86' lang='grc' dir='ltr'>αὑτοῦ</span> <span class='ocrx_word' id='word_1_32' title='bbox 1410 607 1506 691; x_wconf 73' lang='grc' dir='ltr'>φύσει,</span> 
     </span>
     <span class='ocr_line' id='line_1_4' title="bbox 255 709 1508 797; baseline -0.003 -23"><span class='ocrx_word' id='word_1_33' title='bbox 255 716 298 781; x_wconf 81' lang='grc' dir='ltr'>ὡς</span> <span class='ocrx_word' id='word_1_34' title='bbox 325 714 382 776; x_wconf 76' lang='grc' dir='ltr'>ὑπὸ</span> <span class='ocrx_word' id='word_1_35' title='bbox 409 712 501 776; x_wconf 82' lang='grc' dir='ltr'>άλλου</span> <span class='ocrx_word' id='word_1_36' title='bbox 528 713 658 795; x_wconf 90' lang='grc' dir='ltr'>γίνεσθαι</span> <span class='ocrx_word' id='word_1_37' title='bbox 684 713 731 774; x_wconf 85' lang='grc' dir='ltr'>καὶ</span> <span class='ocrx_word' id='word_1_38' title='bbox 759 714 896 797; x_wconf 78' lang='grc' dir='ltr'>πάσχειν,</span> <span class='ocrx_word' id='word_1_39' title='bbox 932 712 1066 795; x_wconf 87' lang='grc' dir='ltr'>καθάπερ</span> <span class='ocrx_word' id='word_1_40' title='bbox 1093 713 1111 794; x_wconf 73' lang='grc' dir='ltr'>ἡ</span> <span class='ocrx_word' id='word_1_41' title='bbox 1140 711 1286 794; x_wconf 83' lang='grc' dir='ltr'>αἴσθησις.</span> <span class='ocrx_word' id='word_1_42' title='bbox 1335 709 1508 776; x_wconf 76' lang='grc' dir='ltr'>ὑπεναντίως</span> 
     </span>
     <span class='ocr_line' id='line_1_5' title="bbox 255 811 1508 900; baseline -0.002 -24"><span class='ocrx_word' id='word_1_43' title='bbox 255 815 311 899; x_wconf 80' lang='grc' dir='ltr'>γάρ</span> <span class='ocrx_word' id='word_1_44' title='bbox 334 813 406 900; x_wconf 87' lang='grc' dir='ltr'>ἔχει.</span> <span class='ocrx_word' id='word_1_45' title='bbox 453 817 472 899; x_wconf 76' lang='grc' dir='ltr'>ἡ</span> <span class='ocrx_word' id='word_1_46' title='bbox 498 816 548 899; x_wconf 82' lang='grc' dir='ltr'>μὲν</span> <span class='ocrx_word' id='word_1_47' title='bbox 571 815 625 899; x_wconf 82' lang='grc' dir='ltr'>γὰρ</span> <span class='ocrx_word' id='word_1_48' title='bbox 647 813 782 896; x_wconf 77' lang='grc' dir='ltr'>αἴσθησις</span> <span class='ocrx_word' id='word_1_49' title='bbox 807 814 882 877; x_wconf 78' lang='grc' dir='ltr'>κατὰ</span> <span class='ocrx_word' id='word_1_50' title='bbox 904 815 1014 889; x_wconf 84' lang='grc' dir='ltr'>πάθος,</span> <span class='ocrx_word' id='word_1_51' title='bbox 1044 814 1206 897; x_wconf 77' lang='grc' dir='ltr'>παθητικὸν</span> <span class='ocrx_word' id='word_1_52' title='bbox 1228 815 1297 896; x_wconf 92' lang='grc' dir='ltr'>γάρ,</span> <span class='ocrx_word' id='word_1_53' title='bbox 1324 814 1372 876; x_wconf 86' lang='grc' dir='ltr'>καὶ</span> <span class='ocrx_word' id='word_1_54' title='bbox 1394 814 1413 894; x_wconf 74' lang='grc' dir='ltr'>ί,</span> <span class='ocrx_word' id='word_1_55' title='bbox 1437 811 1508 873; x_wconf 82' lang='grc' dir='ltr'>ἀντί-</span> 
     </span>
     <span class='ocr_line' id='line_1_6' title="bbox 225 914 1508 1001; baseline -0.001 -25"><span class='ocrx_word' id='word_1_56' title='bbox 225 919 344 1001; x_wconf 69' lang='grc' dir='ltr'>οληψις</span> <span class='ocrx_word' id='word_1_57' title='bbox 365 917 441 1001; x_wconf 71' lang='grc' dir='ltr'>αὐτῇ</span> <span class='ocrx_word' id='word_1_58' title='bbox 466 918 513 981; x_wconf 80' lang='grc' dir='ltr'>διὰ</span> <span class='ocrx_word' id='word_1_59' title='bbox 535 917 658 991; x_wconf 77' lang='grc' dir='ltr'>πάθους,</span> <span class='ocrx_word' id='word_1_60' title='bbox 681 918 697 980; x_wconf 92' lang='lat'>6</span> <span class='ocrx_word' id='word_1_61' title='bbox 720 918 752 980; x_wconf 88' lang='grc' dir='ltr'>δέ</span> <span class='ocrx_word' id='word_1_62' title='bbox 774 922 840 986; x_wconf 89' lang='grc' dir='ltr'>νοῦς</span> <span class='ocrx_word' id='word_1_63' title='bbox 862 919 1020 1001; x_wconf 84' lang='grc' dir='ltr'>ποιητικόν.</span> <span class='ocrx_word' id='word_1_64' title='bbox 1062 917 1193 1000; x_wconf 80' lang='grc' dir='ltr'>νοητικδς</span> <span class='ocrx_word' id='word_1_65' title='bbox 1215 914 1267 999; x_wconf 81' lang='grc' dir='ltr'>γὰρ</span> <span class='ocrx_word' id='word_1_66' title='bbox 1291 916 1331 977; x_wconf 88' lang='grc' dir='ltr'>ὢν</span> <span class='ocrx_word' id='word_1_67' title='bbox 1354 921 1411 977; x_wconf 83' lang='grc' dir='ltr'>τῶν</span> <span class='ocrx_word' id='word_1_68' title='bbox 1434 914 1508 975; x_wconf 85' lang='grc' dir='ltr'>πλεί-</span> 
     </span>
     <span class='ocr_line' id='line_1_7' title="bbox 255 1015 1508 1103; baseline -0.004 -20"><span class='ocrx_word' id='word_1_69' title='bbox 255 1041 333 1083; x_wconf 85' lang='grc' dir='ltr'>στων</span> <span class='ocrx_word' id='word_1_70' title='bbox 360 1021 422 1103; x_wconf 86' lang='grc' dir='ltr'>άμα</span> <span class='ocrx_word' id='word_1_71' title='bbox 449 1022 498 1083; x_wconf 82' lang='grc' dir='ltr'>καὶ</span> <span class='ocrx_word' id='word_1_72' title='bbox 519 1021 642 1103; x_wconf 79' lang='grc' dir='ltr'>ποιητὴς</span> <span class='ocrx_word' id='word_1_73' title='bbox 667 1020 713 1082; x_wconf 74' lang='grc' dir='ltr'>ἵνα</span> <span class='ocrx_word' id='word_1_74' title='bbox 740 1019 815 1082; x_wconf 79' lang='grc' dir='ltr'>αὐτὰ</span> <span class='ocrx_word' id='word_1_75' title='bbox 842 1022 936 1103; x_wconf 76' lang='grc' dir='ltr'>νοηση</span> <span class='ocrx_word' id='word_1_76' title='bbox 963 1021 1082 1102; x_wconf 88' lang='grc' dir='ltr'>γίνεται,</span> <span class='ocrx_word' id='word_1_77' title='bbox 1110 1021 1184 1103; x_wconf 84' lang='grc' dir='ltr'>πλὴν</span> <span class='ocrx_word' id='word_1_78' title='bbox 1212 1019 1237 1080; x_wconf 85' lang='grc' dir='ltr'>εί</span> <span class='ocrx_word' id='word_1_79' title='bbox 1265 1018 1304 1100; x_wconf 76' lang='grc' dir='ltr'>μὴ</span> <span class='ocrx_word' id='word_1_80' title='bbox 1328 1018 1401 1080; x_wconf 86' lang='grc' dir='ltr'>κατὰ</span> <span class='ocrx_word' id='word_1_81' title='bbox 1423 1015 1508 1080; x_wconf 75' lang='grc' dir='ltr'>τοῦτό</span> 
     </span>
     <span class='ocr_line' id='line_1_8' title="bbox 254 1120 1508 1207; baseline -0.002 -23"><span class='ocrx_word' id='word_1_82' title='bbox 254 1145 300 1190; x_wconf 91' lang='grc' dir='ltr'>τις</span> <span class='ocrx_word' id='word_1_83' title='bbox 321 1124 369 1185; x_wconf 84' lang='grc' dir='ltr'>καὶ</span> <span class='ocrx_word' id='word_1_84' title='bbox 390 1124 440 1185; x_wconf 81' lang='grc' dir='ltr'>τὸν</span> <span class='ocrx_word' id='word_1_85' title='bbox 462 1126 529 1185; x_wconf 84' lang='grc' dir='ltr'>νοῦν</span> <span class='ocrx_word' id='word_1_86' title='bbox 544 1120 676 1207; x_wconf 79' lang='grc' dir='ltr'>βούλοιτο</span> <span class='ocrx_word' id='word_1_87' title='bbox 699 1123 860 1204; x_wconf 86' lang='grc' dir='ltr'>παθητικὸν</span> <span class='ocrx_word' id='word_1_88' title='bbox 876 1121 977 1204; x_wconf 87' lang='grc' dir='ltr'>λέγειν,</span> <span class='ocrx_word' id='word_1_89' title='bbox 1000 1123 1076 1186; x_wconf 87' lang='grc' dir='ltr'>καθὸ</span> <span class='ocrx_word' id='word_1_90' title='bbox 1093 1120 1230 1206; x_wconf 82' lang='grc' dir='ltr'>ληπτικδς</span> <span class='ocrx_word' id='word_1_91' title='bbox 1251 1121 1311 1183; x_wconf 89' lang='grc' dir='ltr'>ἐστι</span> <span class='ocrx_word' id='word_1_92' title='bbox 1333 1127 1391 1182; x_wconf 84' lang='grc' dir='ltr'>τῶν</span> <span class='ocrx_word' id='word_1_93' title='bbox 1413 1120 1508 1182; x_wconf 80' lang='grc' dir='ltr'>εἰδῶν.</span> 
     </span>
     <span class='ocr_line' id='line_1_9' title="bbox 255 1222 1550 1310; baseline -0.005 -24"><span class='ocrx_word' id='word_1_94' title='bbox 255 1226 382 1309; x_wconf 75' lang='grc' dir='ltr'>πάσχειν</span> <span class='ocrx_word' id='word_1_95' title='bbox 410 1226 465 1310; x_wconf 82' lang='grc' dir='ltr'>γὰρ</span> <span class='ocrx_word' id='word_1_96' title='bbox 493 1225 564 1287; x_wconf 81' lang='grc' dir='ltr'>εἶναι</span> <span class='ocrx_word' id='word_1_97' title='bbox 592 1224 728 1288; x_wconf 83' lang='grc' dir='ltr'>δοκεῖτὸ</span> <span class='ocrx_word' id='word_1_98' title='bbox 755 1226 920 1309; x_wconf 80' lang='grc' dir='ltr'>λαμβάνειν.</span> <span class='ocrx_word' id='word_1_99' title='bbox 971 1226 1019 1288; x_wconf 82' lang='grc' dir='ltr'>καὶ</span> <span class='ocrx_word' id='word_1_100' title='bbox 1045 1229 1128 1288; x_wconf 89' lang='grc' dir='ltr'>τοῦτο</span> <span class='ocrx_word' id='word_1_101' title='bbox 1160 1225 1211 1307; x_wconf 80' lang='grc' dir='ltr'>μὲν</span> <span class='ocrx_word' id='word_1_102' title='bbox 1238 1223 1331 1286; x_wconf 87' lang='grc' dir='ltr'>κοινὸν</span> <span class='ocrx_word' id='word_1_103' title='bbox 1359 1222 1431 1306; x_wconf 87' lang='grc' dir='ltr'>πρὸς</span> <span class='ocrx_word' id='word_1_104' title='bbox 1457 1223 1509 1305; x_wconf 78' lang='grc' dir='ltr'>τὴν</span> <span class='ocrx_word' id='word_1_105' title='bbox 1525 1239 1550 1280; x_wconf 90' lang='grc' dir='ltr'>ιο</span> 
     </span>
     <span class='ocr_line' id='line_1_10' title="bbox 255 1326 1509 1412; baseline -0.002 -23"><span class='ocrx_word' id='word_1_106' title='bbox 255 1327 395 1411; x_wconf 83' lang='grc' dir='ltr'>αἴσθησίν</span> <span class='ocrx_word' id='word_1_107' title='bbox 418 1327 493 1391; x_wconf 83' lang='grc' dir='ltr'>ἐστιν</span> <span class='ocrx_word' id='word_1_108' title='bbox 509 1326 602 1411; x_wconf 78' lang='grc' dir='ltr'>αὐτῷ,</span> <span class='ocrx_word' id='word_1_109' title='bbox 624 1326 684 1390; x_wconf 78' lang='grc' dir='ltr'>ἀλλ’</span> <span class='ocrx_word' id='word_1_110' title='bbox 713 1327 776 1389; x_wconf 77' lang='grc' dir='ltr'>ἐπεὶ</span> <span class='ocrx_word' id='word_1_111' title='bbox 796 1327 917 1391; x_wconf 82' lang='grc' dir='ltr'>ἕκαστον</span> <span class='ocrx_word' id='word_1_112' title='bbox 939 1327 1035 1390; x_wconf 84' lang='grc' dir='ltr'>αδτῶν</span> <span class='ocrx_word' id='word_1_113' title='bbox 1052 1327 1293 1412; x_wconf 73' lang='grc' dir='ltr'>χαρακτηρίζεται</span> <span class='ocrx_word' id='word_1_114' title='bbox 1316 1327 1363 1388; x_wconf 86' lang='grc' dir='ltr'>καὶ</span> <span class='ocrx_word' id='word_1_115' title='bbox 1385 1326 1509 1408; x_wconf 79' lang='grc' dir='ltr'>ὁρίζεται</span> 
     </span>
     <span class='ocr_line' id='line_1_11' title="bbox 214 1428 1507 1514; baseline 0 -26"><span class='ocrx_word' id='word_1_116' title='bbox 214 1444 241 1489; x_wconf 84' lang='grc' dir='ltr'>ιο</span> <span class='ocrx_word' id='word_1_117' title='bbox 255 1428 310 1493; x_wconf 83' lang='grc' dir='ltr'>οῦκ</span> <span class='ocrx_word' id='word_1_118' title='bbox 333 1431 466 1493; x_wconf 81' lang='grc' dir='ltr'>ἀπὸτοῦ</span> <span class='ocrx_word' id='word_1_119' title='bbox 489 1435 585 1493; x_wconf 89' lang='grc' dir='ltr'>κοινοῦ</span> <span class='ocrx_word' id='word_1_120' title='bbox 607 1435 659 1493; x_wconf 90' lang='grc' dir='ltr'>τοῦ</span> <span class='ocrx_word' id='word_1_121' title='bbox 681 1431 753 1514; x_wconf 88' lang='grc' dir='ltr'>πρδς</span> <span class='ocrx_word' id='word_1_122' title='bbox 775 1429 846 1492; x_wconf 84' lang='grc' dir='ltr'>ἄλλο</span> <span class='ocrx_word' id='word_1_123' title='bbox 869 1454 909 1503; x_wconf 91' lang='grc' dir='ltr'>τι,</span> <span class='ocrx_word' id='word_1_124' title='bbox 937 1429 997 1493; x_wconf 84' lang='grc' dir='ltr'>ἀλλ’</span> <span class='ocrx_word' id='word_1_125' title='bbox 1025 1430 1083 1492; x_wconf 87' lang='grc' dir='ltr'>ἀπὸ</span> <span class='ocrx_word' id='word_1_126' title='bbox 1106 1433 1156 1492; x_wconf 89' lang='grc' dir='ltr'>τοῦ</span> <span class='ocrx_word' id='word_1_127' title='bbox 1181 1429 1268 1502; x_wconf 80' lang='grc' dir='ltr'>ἰδίου,</span> <span class='ocrx_word' id='word_1_128' title='bbox 1295 1429 1343 1490; x_wconf 85' lang='grc' dir='ltr'>καὶ</span> <span class='ocrx_word' id='word_1_129' title='bbox 1366 1432 1449 1491; x_wconf 88' lang='grc' dir='ltr'>τοῦτο</span> <span class='ocrx_word' id='word_1_130' title='bbox 1473 1428 1507 1491; x_wconf 83' lang='grc' dir='ltr'>ἂν</span> 
     </span>
     <span class='ocr_line' id='line_1_12' title="bbox 256 1531 1505 1617; baseline -0.001 -22"><span class='ocrx_word' id='word_1_131' title='bbox 256 1535 292 1595; x_wconf 86' lang='grc' dir='ltr'>τδ</span> <span class='ocrx_word' id='word_1_132' title='bbox 314 1534 386 1616; x_wconf 79' lang='grc' dir='ltr'>πρὸς</span> <span class='ocrx_word' id='word_1_133' title='bbox 408 1534 461 1616; x_wconf 83' lang='grc' dir='ltr'>τὴν</span> <span class='ocrx_word' id='word_1_134' title='bbox 484 1531 620 1616; x_wconf 81' lang='grc' dir='ltr'>αἴσθησιν</span> <span class='ocrx_word' id='word_1_135' title='bbox 642 1532 722 1616; x_wconf 82' lang='grc' dir='ltr'>αὐτῷ</span> <span class='ocrx_word' id='word_1_136' title='bbox 738 1533 832 1595; x_wconf 88' lang='grc' dir='ltr'>κοινδν</span> <span class='ocrx_word' id='word_1_137' title='bbox 856 1532 913 1595; x_wconf 83' lang='grc' dir='ltr'>ὑπὸ</span> <span class='ocrx_word' id='word_1_138' title='bbox 936 1533 1007 1596; x_wconf 82' lang='grc' dir='ltr'>ἰδίου</span> <span class='ocrx_word' id='word_1_139' title='bbox 1030 1532 1279 1617; x_wconf 72' lang='grc' dir='ltr'>χαρακτηρίζοιτο,</span> <span class='ocrx_word' id='word_1_140' title='bbox 1303 1532 1379 1593; x_wconf 84' lang='grc' dir='ltr'>ὥστε</span> <span class='ocrx_word' id='word_1_141' title='bbox 1401 1532 1426 1594; x_wconf 86' lang='grc' dir='ltr'>εἰ</span> <span class='ocrx_word' id='word_1_142' title='bbox 1448 1556 1505 1594; x_wconf 89' lang='grc' dir='ltr'>κοι-</span> 
     </span>
     <span class='ocr_line' id='line_1_13' title="bbox 255 1633 1506 1719; baseline 0 -22"><span class='ocrx_word' id='word_1_143' title='bbox 255 1638 306 1698; x_wconf 84' lang='grc' dir='ltr'>νδν</span> <span class='ocrx_word' id='word_1_144' title='bbox 329 1635 382 1717; x_wconf 89' lang='grc' dir='ltr'>μέν</span> <span class='ocrx_word' id='word_1_145' title='bbox 409 1636 486 1699; x_wconf 78' lang='grc' dir='ltr'>ἐστιν</span> <span class='ocrx_word' id='word_1_146' title='bbox 508 1635 589 1718; x_wconf 76' lang='grc' dir='ltr'>αὐτῷ</span> <span class='ocrx_word' id='word_1_147' title='bbox 617 1635 688 1719; x_wconf 83' lang='grc' dir='ltr'>πρὸς</span> <span class='ocrx_word' id='word_1_148' title='bbox 714 1636 766 1718; x_wconf 79' lang='grc' dir='ltr'>τὴν</span> <span class='ocrx_word' id='word_1_149' title='bbox 792 1634 928 1718; x_wconf 83' lang='grc' dir='ltr'>αἴσθησιν</span> <span class='ocrx_word' id='word_1_150' title='bbox 955 1635 987 1697; x_wconf 90' lang='grc' dir='ltr'>τδ</span> <span class='ocrx_word' id='word_1_151' title='bbox 1014 1640 1071 1697; x_wconf 84' lang='grc' dir='ltr'>τῶν</span> <span class='ocrx_word' id='word_1_152' title='bbox 1098 1635 1183 1697; x_wconf 84' lang='grc' dir='ltr'>εἰδῶν</span> <span class='ocrx_word' id='word_1_153' title='bbox 1210 1633 1281 1697; x_wconf 69' lang='grc' dir='ltr'>εἶναι</span> <span class='ocrx_word' id='word_1_154' title='bbox 1304 1637 1452 1719; x_wconf 79' lang='grc' dir='ltr'>ληπτικῷ,</span> <span class='ocrx_word' id='word_1_155' title='bbox 1480 1635 1506 1697; x_wconf 84' lang='grc' dir='ltr'>εί</span> 
     </span>
     <span class='ocr_line' id='line_1_14' title="bbox 229 1736 1509 1822; baseline -0.002 -22"><span class='ocrx_word' id='word_1_156' title='bbox 229 1769 232 1773; x_wconf 93' lang='grc'><em>·</em></span> <span class='ocrx_word' id='word_1_157' title='bbox 258 1740 309 1800; x_wconf 85' lang='grc' dir='ltr'>καὶ</span> <span class='ocrx_word' id='word_1_158' title='bbox 332 1739 373 1819; x_wconf 81' lang='grc' dir='ltr'>μὴ</span> <span class='ocrx_word' id='word_1_159' title='bbox 398 1738 516 1821; x_wconf 84' lang='grc' dir='ltr'>δμοίως,</span> <span class='ocrx_word' id='word_1_160' title='bbox 540 1736 610 1800; x_wconf 81' lang='grc' dir='ltr'>ἴδιον</span> <span class='ocrx_word' id='word_1_161' title='bbox 633 1739 665 1800; x_wconf 84' lang='grc' dir='ltr'>δὲ</span> <span class='ocrx_word' id='word_1_162' title='bbox 688 1737 720 1800; x_wconf 89' lang='grc' dir='ltr'>τδ</span> <span class='ocrx_word' id='word_1_163' title='bbox 736 1741 879 1822; x_wconf 78' lang='grc' dir='ltr'>ποιητικηῑ</span> <span class='ocrx_word' id='word_1_164' title='bbox 902 1737 975 1800; x_wconf 82' lang='grc' dir='ltr'>εἶναι</span> <span class='ocrx_word' id='word_1_165' title='bbox 998 1737 1107 1800; x_wconf 81' lang='grc' dir='ltr'>τούτων</span> <span class='ocrx_word' id='word_1_166' title='bbox 1129 1742 1187 1799; x_wconf 85' lang='grc' dir='ltr'>τῶν</span> <span class='ocrx_word' id='word_1_167' title='bbox 1209 1738 1294 1800; x_wconf 78' lang='grc' dir='ltr'>εἰδῶν</span> <span class='ocrx_word' id='word_1_168' title='bbox 1318 1738 1337 1799; x_wconf 82' lang='grc' dir='ltr'><strong>ἃ</strong></span> <span class='ocrx_word' id='word_1_169' title='bbox 1359 1737 1509 1821; x_wconf 80' lang='grc' dir='ltr'>λαμβάνει,</span> 
     </span>
     <span class='ocr_line' id='line_1_15' title="bbox 259 1838 1508 1924; baseline -0.001 -22"><span class='ocrx_word' id='word_1_170' title='bbox 259 1840 393 1903; x_wconf 79' lang='grc' dir='ltr'>ἀπὸτοῦ</span> <span class='ocrx_word' id='word_1_171' title='bbox 416 1845 506 1903; x_wconf 82' lang='grc' dir='ltr'>ποιεῖν</span> <span class='ocrx_word' id='word_1_172' title='bbox 530 1838 564 1902; x_wconf 79' lang='grc' dir='ltr'>ἂν</span> <span class='ocrx_word' id='word_1_173' title='bbox 592 1843 701 1924; x_wconf 66' lang='grc' dir='ltr'>μᾶλλον</span> <span class='ocrx_word' id='word_1_174' title='bbox 724 1839 857 1922; x_wconf 74' lang='grc' dir='ltr'>ὁρίζοιτο.</span> <span class='ocrx_word' id='word_1_175' title='bbox 904 1842 981 1904; x_wconf 86' lang='grc' dir='ltr'>ὥστε</span> <span class='ocrx_word' id='word_1_176' title='bbox 1002 1841 1150 1923; x_wconf 87' lang='grc' dir='ltr'>πυιητικδν</span> <span class='ocrx_word' id='word_1_177' title='bbox 1172 1838 1222 1911; x_wconf 87' lang='grc' dir='ltr'>άν,</span> <span class='ocrx_word' id='word_1_178' title='bbox 1251 1839 1285 1902; x_wconf 83' lang='grc' dir='ltr'>οῦ</span> <span class='ocrx_word' id='word_1_179' title='bbox 1308 1840 1469 1922; x_wconf 85' lang='grc' dir='ltr'>παθητικδν</span> <span class='ocrx_word' id='word_1_180' title='bbox 1493 1840 1508 1902; x_wconf 91' lang='lat'>6</span> 
     </span>
     <span class='ocr_line' id='line_1_16' title="bbox 213 1941 1550 2028; baseline -0.002 -25"><span class='ocrx_word' id='word_1_181' title='bbox 213 1958 246 2003; x_wconf 80' lang='grc' dir='ltr'>ιο</span> <span class='ocrx_word' id='word_1_182' title='bbox 258 1947 327 2011; x_wconf 90' lang='grc' dir='ltr'>νοῦς</span> <span class='ocrx_word' id='word_1_183' title='bbox 348 1941 406 2024; x_wconf 81' lang='grc' dir='ltr'>εἴη.</span> <span class='ocrx_word' id='word_1_184' title='bbox 451 1941 493 2005; x_wconf 85' lang='grc' dir='ltr'>ἔτι</span> <span class='ocrx_word' id='word_1_185' title='bbox 515 1943 564 2006; x_wconf 82' lang='grc' dir='ltr'>καὶ</span> <span class='ocrx_word' id='word_1_186' title='bbox 586 1941 724 2026; x_wconf 85' lang='grc' dir='ltr'>πρότερον</span> <span class='ocrx_word' id='word_1_187' title='bbox 746 1942 826 2028; x_wconf 77' lang='grc' dir='ltr'>αὐτῷ</span> <span class='ocrx_word' id='word_1_188' title='bbox 856 1944 888 2006; x_wconf 83' lang='grc' dir='ltr'>τὸ</span> <span class='ocrx_word' id='word_1_189' title='bbox 911 1947 1002 2006; x_wconf 80' lang='grc' dir='ltr'>ποιεῖν</span> <span class='ocrx_word' id='word_1_190' title='bbox 1030 1943 1077 2004; x_wconf 87' lang='grc' dir='ltr'>καὶ</span> <span class='ocrx_word' id='word_1_191' title='bbox 1101 1941 1248 2011; x_wconf 76' lang='grc' dir='ltr'>οὐσιῶδες.</span> <span class='ocrx_word' id='word_1_192' title='bbox 1295 1943 1432 2026; x_wconf 78' lang='grc' dir='ltr'>πρότερον</span> <span class='ocrx_word' id='word_1_193' title='bbox 1454 1943 1508 2025; x_wconf 80' lang='grc' dir='ltr'>γὰρ</span> <span class='ocrx_word' id='word_1_194' title='bbox 1522 1960 1550 2000; x_wconf 77' lang='grc' dir='ltr'>ιο</span> 
     </span>
     <span class='ocr_line' id='line_1_17' title="bbox 255 2043 1507 2130; baseline 0.001 -23"><span class='ocrx_word' id='word_1_195' title='bbox 255 2050 337 2108; x_wconf 87' lang='grc' dir='ltr'>ποιεῖ</span> <span class='ocrx_word' id='word_1_196' title='bbox 355 2050 393 2127; x_wconf 76' lang='grc' dir='ltr'>τῇ</span> <span class='ocrx_word' id='word_1_197' title='bbox 417 2045 567 2128; x_wconf 72' lang='grc' dir='ltr'>ἀφαιρέσει</span> <span class='ocrx_word' id='word_1_198' title='bbox 590 2043 706 2128; x_wconf 83' lang='grc' dir='ltr'>νοητάν,</span> <span class='ocrx_word' id='word_1_199' title='bbox 734 2043 790 2108; x_wconf 83' lang='grc' dir='ltr'>εἶθ’</span> <span class='ocrx_word' id='word_1_200' title='bbox 818 2046 911 2115; x_wconf 79' lang='grc' dir='ltr'>οὕτως</span> <span class='ocrx_word' id='word_1_201' title='bbox 933 2045 1073 2130; x_wconf 74' lang='grc' dir='ltr'>λαμβάνει</span> <span class='ocrx_word' id='word_1_202' title='bbox 1099 2047 1207 2106; x_wconf 84' lang='grc' dir='ltr'>τούτων</span> <span class='ocrx_word' id='word_1_203' title='bbox 1233 2069 1260 2108; x_wconf 89' lang='grc' dir='ltr'>τι</span> <span class='ocrx_word' id='word_1_204' title='bbox 1283 2046 1298 2107; x_wconf 85' lang='lat'>6</span> <span class='ocrx_word' id='word_1_205' title='bbox 1321 2051 1381 2108; x_wconf 85' lang='grc' dir='ltr'>νοεῖ</span> <span class='ocrx_word' id='word_1_206' title='bbox 1408 2048 1507 2108; x_wconf 84' lang='grc' dir='ltr'>τεκαὶ</span> 
     </span>
     <span class='ocr_line' id='line_1_18' title="bbox 257 2145 1509 2232; baseline 0 -22"><span class='ocrx_word' id='word_1_207' title='bbox 257 2148 394 2230; x_wconf 78' lang='grc' dir='ltr'>ὁρίζεται,</span> <span class='ocrx_word' id='word_1_208' title='bbox 418 2147 461 2210; x_wconf 75' lang='grc' dir='ltr'>ὅτι</span> <span class='ocrx_word' id='word_1_209' title='bbox 483 2145 549 2210; x_wconf 82' lang='grc' dir='ltr'>τάδε</span> <span class='ocrx_word' id='word_1_210' title='bbox 572 2147 600 2208; x_wconf 90' lang='grc' dir='ltr'>τί</span> <span class='ocrx_word' id='word_1_211' title='bbox 619 2147 689 2210; x_wconf 83' lang='grc' dir='ltr'>ἐστι.</span> <span class='ocrx_word' id='word_1_212' title='bbox 734 2149 857 2232; x_wconf 81' lang='grc' dir='ltr'>καὶγὰρ</span> <span class='ocrx_word' id='word_1_213' title='bbox 880 2149 906 2211; x_wconf 83' lang='grc' dir='ltr'>εἰ</span> <span class='ocrx_word' id='word_1_214' title='bbox 928 2149 989 2230; x_wconf 82' lang='grc' dir='ltr'>ἅμα</span> <span class='ocrx_word' id='word_1_215' title='bbox 1015 2148 1169 2231; x_wconf 71' lang='grc' dir='ltr'>χωρίζεται</span> <span class='ocrx_word' id='word_1_216' title='bbox 1190 2149 1238 2209; x_wconf 85' lang='grc' dir='ltr'>καὶ</span> <span class='ocrx_word' id='word_1_217' title='bbox 1261 2148 1411 2232; x_wconf 83' lang='grc' dir='ltr'>λαμβάνει,</span> <span class='ocrx_word' id='word_1_218' title='bbox 1434 2148 1509 2210; x_wconf 79' lang='grc' dir='ltr'>ἀλλὰ</span> 
     </span>
     <span class='ocr_line' id='line_1_19' title="bbox 256 2248 1508 2335; baseline 0.001 -23"><span class='ocrx_word' id='word_1_219' title='bbox 256 2251 291 2312; x_wconf 87' lang='grc' dir='ltr'>τδ</span> <span class='ocrx_word' id='word_1_220' title='bbox 313 2251 447 2335; x_wconf 73' lang='grc' dir='ltr'>χωρίζειν</span> <span class='ocrx_word' id='word_1_221' title='bbox 475 2255 699 2334; x_wconf 84' lang='grc' dir='ltr'>προεπινοεῖται·</span> <span class='ocrx_word' id='word_1_222' title='bbox 733 2255 818 2314; x_wconf 90' lang='grc' dir='ltr'>τοῦτο</span> <span class='ocrx_word' id='word_1_223' title='bbox 846 2253 899 2333; x_wconf 91' lang='grc' dir='ltr'>γάρ</span> <span class='ocrx_word' id='word_1_224' title='bbox 926 2251 1002 2314; x_wconf 88' lang='grc' dir='ltr'>ἐστιν</span> <span class='ocrx_word' id='word_1_225' title='bbox 1028 2248 1109 2334; x_wconf 78' lang='grc' dir='ltr'>αὐτῷ</span> <span class='ocrx_word' id='word_1_226' title='bbox 1138 2250 1170 2311; x_wconf 85' lang='grc' dir='ltr'>τὸ</span> <span class='ocrx_word' id='word_1_227' title='bbox 1197 2253 1330 2334; x_wconf 77' lang='grc' dir='ltr'>ληπτικιγῑ</span> <span class='ocrx_word' id='word_1_228' title='bbox 1360 2250 1432 2313; x_wconf 84' lang='grc' dir='ltr'>εἶναι</span> <span class='ocrx_word' id='word_1_229' title='bbox 1458 2256 1508 2314; x_wconf 88' lang='grc' dir='ltr'>τοῦ</span> 
     </span>
     <span class='ocr_line' id='line_1_20' title="bbox 256 2352 1508 2437; baseline 0.002 -23"><span class='ocrx_word' id='word_1_230' title='bbox 256 2352 362 2421; x_wconf 78' lang='grc' dir='ltr'>εἴδους.</span> <span class='ocrx_word' id='word_1_231' title='bbox 408 2355 504 2434; x_wconf 79' lang='grc' dir='ltr'>ὥσπερ</span> <span class='ocrx_word' id='word_1_232' title='bbox 528 2354 559 2416; x_wconf 87' lang='grc' dir='ltr'>δὲ</span> <span class='ocrx_word' id='word_1_233' title='bbox 599 2354 614 2416; x_wconf 89' lang='grc' dir='ltr'>δ</span> <span class='ocrx_word' id='word_1_234' title='bbox 638 2357 694 2437; x_wconf 92' lang='grc' dir='ltr'>πῦρ</span> <span class='ocrx_word' id='word_1_235' title='bbox 722 2356 948 2437; x_wconf 78' lang='grc' dir='ltr'>ποιητικώτατον</span> <span class='ocrx_word' id='word_1_236' title='bbox 977 2352 1112 2435; x_wconf 86' lang='grc' dir='ltr'>λέγομεν,</span> <span class='ocrx_word' id='word_1_237' title='bbox 1141 2352 1298 2437; x_wconf 79' lang='grc' dir='ltr'>ἐπειδήπερ</span> <span class='ocrx_word' id='word_1_238' title='bbox 1320 2355 1415 2435; x_wconf 78' lang='grc' dir='ltr'>πάπης</span> <span class='ocrx_word' id='word_1_239' title='bbox 1439 2355 1508 2437; x_wconf 88' lang='grc' dir='ltr'>ῦλης</span> 
     </span>
     <span class='ocr_line' id='line_1_21' title="bbox 214 2454 1509 2540; baseline 0.004 -25"><span class='ocrx_word' id='word_1_240' title='bbox 214 2472 244 2515; x_wconf 70' lang='lat' dir='ltr'>m</span> <span class='ocrx_word' id='word_1_241' title='bbox 258 2454 295 2537; x_wconf 78' lang='grc' dir='ltr'>ἧς</span> <span class='ocrx_word' id='word_1_242' title='bbox 319 2454 353 2516; x_wconf 80' lang='grc' dir='ltr'>ἂν</span> <span class='ocrx_word' id='word_1_243' title='bbox 376 2455 547 2540; x_wconf 84' lang='grc' dir='ltr'>ἐπιλάβηται</span> <span class='ocrx_word' id='word_1_244' title='bbox 569 2455 675 2539; x_wconf 85' lang='grc' dir='ltr'>ταύτην</span> <span class='ocrx_word' id='word_1_245' title='bbox 691 2457 837 2519; x_wconf 81' lang='grc' dir='ltr'>ἀναλίσκει</span> <span class='ocrx_word' id='word_1_246' title='bbox 860 2457 908 2519; x_wconf 84' lang='grc' dir='ltr'>καὶ</span> <span class='ocrx_word' id='word_1_247' title='bbox 931 2456 1010 2539; x_wconf 79' lang='grc' dir='ltr'>αὐτῷ</span> <span class='ocrx_word' id='word_1_248' title='bbox 1034 2456 1143 2539; x_wconf 76' lang='grc' dir='ltr'>τροφὴν</span> <span class='ocrx_word' id='word_1_249' title='bbox 1159 2455 1282 2539; x_wconf 83' lang='grc' dir='ltr'>παρέχει</span> <span class='ocrx_word' id='word_1_250' title='bbox 1304 2457 1409 2537; x_wconf 87' lang='grc' dir='ltr'>(καίτοι</span> <span class='ocrx_word' id='word_1_251' title='bbox 1433 2458 1509 2520; x_wconf 84' lang='grc' dir='ltr'>καθδ</span> 
     </span>
     <span class='ocr_line' id='line_1_22' title="bbox 254 2557 1507 2643; baseline 0.001 -22"><span class='ocrx_word' id='word_1_252' title='bbox 254 2559 392 2643; x_wconf 73' lang='grc' dir='ltr'>τρέφεται</span> <span class='ocrx_word' id='word_1_253' title='bbox 415 2558 551 2642; x_wconf 85' lang='grc' dir='ltr'>πάσχει),</span> <span class='ocrx_word' id='word_1_254' title='bbox 580 2558 628 2620; x_wconf 86' lang='grc' dir='ltr'>τὸν</span> <span class='ocrx_word' id='word_1_255' title='bbox 654 2557 868 2639; x_wconf 77' lang='grc' dir='ltr'>αὐτὸντρόπον</span> <span class='ocrx_word' id='word_1_256' title='bbox 894 2559 942 2621; x_wconf 84' lang='grc' dir='ltr'>καὶ</span> <span class='ocrx_word' id='word_1_257' title='bbox 965 2558 1013 2620; x_wconf 88' lang='grc' dir='ltr'>τδν</span> <span class='ocrx_word' id='word_1_258' title='bbox 1043 2562 1108 2620; x_wconf 83' lang='grc' dir='ltr'>νοῦν</span> <span class='ocrx_word' id='word_1_259' title='bbox 1130 2558 1179 2620; x_wconf 90' lang='grc' dir='ltr'>τδν</span> <span class='ocrx_word' id='word_1_260' title='bbox 1207 2557 1237 2620; x_wconf 90' lang='grc' dir='ltr'>ἐν</span> <span class='ocrx_word' id='word_1_261' title='bbox 1265 2560 1334 2640; x_wconf 74' lang='grc' dir='ltr'>ἡμῖν</span> <span class='ocrx_word' id='word_1_262' title='bbox 1361 2562 1507 2641; x_wconf 87' lang='grc' dir='ltr'>ποιητικδν</span> 
     </span>
     <span class='ocr_line' id='line_1_23' title="bbox 255 2658 1550 2746; baseline -0.002 -24"><span class='ocrx_word' id='word_1_263' title='bbox 255 2661 392 2744; x_wconf 74' lang='grc' dir='ltr'>ἡγητέον.</span> <span class='ocrx_word' id='word_1_264' title='bbox 437 2659 473 2722; x_wconf 80' lang='grc' dir='ltr'>τὰ</span> <span class='ocrx_word' id='word_1_265' title='bbox 493 2659 548 2744; x_wconf 83' lang='grc' dir='ltr'>γὰρ</span> <span class='ocrx_word' id='word_1_266' title='bbox 571 2658 625 2723; x_wconf 83' lang='grc' dir='ltr'>οῦκ</span> <span class='ocrx_word' id='word_1_267' title='bbox 648 2659 716 2724; x_wconf 84' lang='grc' dir='ltr'>ὄντα</span> <span class='ocrx_word' id='word_1_268' title='bbox 738 2661 865 2745; x_wconf 74' lang='grc' dir='ltr'>ἐνεργείᾳ</span> <span class='ocrx_word' id='word_1_269' title='bbox 887 2661 977 2744; x_wconf 86' lang='grc' dir='ltr'>νοητὰ</span> <span class='ocrx_word' id='word_1_270' title='bbox 998 2659 1086 2728; x_wconf 86' lang='grc' dir='ltr'>αὐτδς</span> <span class='ocrx_word' id='word_1_271' title='bbox 1108 2660 1197 2744; x_wconf 79' lang='grc' dir='ltr'>νοητὰ</span> <span class='ocrx_word' id='word_1_272' title='bbox 1220 2665 1305 2723; x_wconf 86' lang='grc' dir='ltr'>ποιεῖ.</span> <span class='ocrx_word' id='word_1_273' title='bbox 1349 2661 1432 2725; x_wconf 83' lang='grc' dir='ltr'>οὐδὲν</span> <span class='ocrx_word' id='word_1_274' title='bbox 1454 2663 1508 2746; x_wconf 84' lang='grc' dir='ltr'>γὰρ</span> <span class='ocrx_word' id='word_1_275' title='bbox 1522 2679 1550 2720; x_wconf 80' lang='grc' dir='ltr'>ιο</span> 
     </span>
     <span class='ocr_line' id='line_1_24' title="bbox 256 2762 1508 2848; baseline 0.002 -23"><span class='ocrx_word' id='word_1_276' title='bbox 256 2762 330 2825; x_wconf 76' lang='grc' dir='ltr'>ἄλλο</span> <span class='ocrx_word' id='word_1_277' title='bbox 353 2762 456 2845; x_wconf 80' lang='grc' dir='ltr'>νοητόν</span> <span class='ocrx_word' id='word_1_278' title='bbox 484 2762 560 2825; x_wconf 90' lang='grc' dir='ltr'>ἐστιν</span> <span class='ocrx_word' id='word_1_279' title='bbox 586 2763 606 2844; x_wconf 78' lang='grc' dir='ltr'><strong>ἢ</strong></span> <span class='ocrx_word' id='word_1_280' title='bbox 629 2763 645 2825; x_wconf 90' lang='lat'>6</span> <span class='ocrx_word' id='word_1_281' title='bbox 667 2767 733 2832; x_wconf 83' lang='grc' dir='ltr'>νοῦς</span> <span class='ocrx_word' id='word_1_282' title='bbox 760 2764 776 2826; x_wconf 92' lang='lat'>6</span> <span class='ocrx_word' id='word_1_283' title='bbox 799 2764 840 2825; x_wconf 82' lang='grc' dir='ltr'>ὢν</span> <span class='ocrx_word' id='word_1_284' title='bbox 862 2764 990 2848; x_wconf 70' lang='grc' dir='ltr'>ἐνεργείᾳ</span> <span class='ocrx_word' id='word_1_285' title='bbox 1015 2766 1062 2826; x_wconf 88' lang='grc' dir='ltr'>καὶ</span> <span class='ocrx_word' id='word_1_286' title='bbox 1086 2762 1155 2826; x_wconf 88' lang='grc' dir='ltr'>καθ’</span> <span class='ocrx_word' id='word_1_287' title='bbox 1182 2763 1278 2825; x_wconf 82' lang='grc' dir='ltr'>αὑτὸν.</span> <span class='ocrx_word' id='word_1_288' title='bbox 1323 2766 1371 2827; x_wconf 82' lang='grc' dir='ltr'>καὶ</span> <span class='ocrx_word' id='word_1_289' title='bbox 1395 2765 1431 2827; x_wconf 82' lang='grc' dir='ltr'>τὰ</span> <span class='ocrx_word' id='word_1_290' title='bbox 1452 2766 1508 2828; x_wconf 78' lang='grc' dir='ltr'>ὑπὸ</span> 
     </span>
     <span class='ocr_line' id='line_1_25' title="bbox 256 2863 1509 2949; baseline 0.002 -21"><span class='ocrx_word' id='word_1_291' title='bbox 256 2870 307 2928; x_wconf 87' lang='grc' dir='ltr'>τοῦ</span> <span class='ocrx_word' id='word_1_292' title='bbox 324 2869 458 2933; x_wconf 87' lang='grc' dir='ltr'>νοοῦντος</span> <span class='ocrx_word' id='word_1_293' title='bbox 479 2865 512 2927; x_wconf 87' lang='grc' dir='ltr'>δέ</span> <span class='ocrx_word' id='word_1_294' title='bbox 526 2863 661 2948; x_wconf 72' lang='grc' dir='ltr'>γινόμενα</span> <span class='ocrx_word' id='word_1_295' title='bbox 683 2867 771 2948; x_wconf 80' lang='grc' dir='ltr'>νοητὰ</span> <span class='ocrx_word' id='word_1_296' title='bbox 787 2866 834 2929; x_wconf 83' lang='grc' dir='ltr'>καὶ</span> <span class='ocrx_word' id='word_1_297' title='bbox 858 2867 887 2928; x_wconf 87' lang='grc' dir='ltr'>αἱ</span> <span class='ocrx_word' id='word_1_298' title='bbox 908 2866 1012 2928; x_wconf 81' lang='grc' dir='ltr'>τοῦτου</span> <span class='ocrx_word' id='word_1_299' title='bbox 1035 2866 1173 2949; x_wconf 84' lang='grc' dir='ltr'>ἐνέργειαι</span> <span class='ocrx_word' id='word_1_300' title='bbox 1195 2869 1260 2934; x_wconf 86' lang='grc' dir='ltr'>νοῦς</span> <span class='ocrx_word' id='word_1_301' title='bbox 1283 2867 1330 2929; x_wconf 84' lang='grc' dir='ltr'>καὶ</span> <span class='ocrx_word' id='word_1_302' title='bbox 1345 2866 1509 2930; x_wconf 76' lang='grc' dir='ltr'>αδτδιδταν</span> 
     </span>
     <span class='ocr_line' id='line_1_26' title="bbox 212 2965 1508 3053; baseline 0.002 -23"><span class='ocrx_word' id='word_1_303' title='bbox 212 2985 244 3030; x_wconf 74' lang='lat'>⁶25</span> <span class='ocrx_word' id='word_1_304' title='bbox 260 2973 369 3050; x_wconf 75' lang='grc' dir='ltr'>νοῆται.</span> <span class='ocrx_word' id='word_1_305' title='bbox 403 2968 480 3029; x_wconf 87' lang='grc' dir='ltr'>ὥστε</span> <span class='ocrx_word' id='word_1_306' title='bbox 496 2967 536 3050; x_wconf 78' lang='grc' dir='ltr'>μὴ</span> <span class='ocrx_word' id='word_1_307' title='bbox 554 2965 634 3035; x_wconf 81' lang='grc' dir='ltr'>ὄντος</span> <span class='ocrx_word' id='word_1_308' title='bbox 655 2973 717 3041; x_wconf 85' lang='grc' dir='ltr'>νοῦ,</span> <span class='ocrx_word' id='word_1_309' title='bbox 740 2969 823 3031; x_wconf 80' lang='grc' dir='ltr'>οὐδὲν</span> <span class='ocrx_word' id='word_1_310' title='bbox 839 2967 873 3030; x_wconf 73' lang='grc' dir='ltr'>ἄν</span> <span class='ocrx_word' id='word_1_311' title='bbox 890 2966 935 3050; x_wconf 83' lang='grc' dir='ltr'>εἴη</span> <span class='ocrx_word' id='word_1_312' title='bbox 958 2969 1070 3051; x_wconf 78' lang='grc' dir='ltr'>νοητόν.</span> <span class='ocrx_word' id='word_1_313' title='bbox 1106 2967 1172 3031; x_wconf 82' lang='grc' dir='ltr'>οὔτε</span> <span class='ocrx_word' id='word_1_314' title='bbox 1194 2968 1248 3052; x_wconf 86' lang='grc' dir='ltr'>γὰρ</span> <span class='ocrx_word' id='word_1_315' title='bbox 1271 2968 1386 3053; x_wconf 82' lang='grc' dir='ltr'>δφάσει</span> <span class='ocrx_word' id='word_1_316' title='bbox 1408 2969 1508 3052; x_wconf 84' lang='grc' dir='ltr'>(αὐτὸς</span> 
     </span>
     <span class='ocr_line' id='line_1_27' title="bbox 257 3069 1502 3156; baseline 0.002 -22"><span class='ocrx_word' id='word_1_317' title='bbox 257 3073 312 3155; x_wconf 75' lang='grc' dir='ltr'>γὰρ</span> <span class='ocrx_word' id='word_1_318' title='bbox 334 3069 371 3154; x_wconf 76' lang='grc' dir='ltr'>ἦν</span> <span class='ocrx_word' id='word_1_319' title='bbox 396 3069 482 3153; x_wconf 78' lang='grc' dir='ltr'>μόνος</span> <span class='ocrx_word' id='word_1_320' title='bbox 504 3069 657 3153; x_wconf 82' lang='grc' dir='ltr'>τοιοῦτος).</span> <span class='ocrx_word' id='word_1_321' title='bbox 679 3070 745 3133; x_wconf 86' lang='grc' dir='ltr'>οὔτε</span> <span class='ocrx_word' id='word_1_322' title='bbox 768 3073 800 3134; x_wconf 83' lang='grc' dir='ltr'>τὸ</span> <span class='ocrx_word' id='word_1_323' title='bbox 825 3071 881 3133; x_wconf 87' lang='grc' dir='ltr'>ὑπὸ</span> <span class='ocrx_word' id='word_1_324' title='bbox 903 3070 1005 3133; x_wconf 84' lang='grc' dir='ltr'>τούτου</span> <span class='ocrx_word' id='word_1_325' title='bbox 1028 3070 1184 3152; x_wconf 78' lang='grc' dir='ltr'>γινόμενον.</span> <span class='ocrx_word' id='word_1_326' title='bbox 1227 3071 1280 3136; x_wconf 84' lang='grc' dir='ltr'>οὐκ</span> <span class='ocrx_word' id='word_1_327' title='bbox 1303 3073 1343 3134; x_wconf 83' lang='grc' dir='ltr'>ὢν</span> <span class='ocrx_word' id='word_1_328' title='bbox 1364 3073 1417 3156; x_wconf 86' lang='grc' dir='ltr'>γὰρ</span> <span class='ocrx_word' id='word_1_329' title='bbox 1441 3070 1502 3136; x_wconf 78' lang='grc' dir='ltr'>οὐδ’</span> 
     </span>
     <span class='ocr_line' id='line_1_28' title="bbox 258 3170 1508 3259; baseline 0.002 -23"><span class='ocrx_word' id='word_1_330' title='bbox 258 3173 292 3236; x_wconf 77' lang='grc' dir='ltr'>ἂν</span> <span class='ocrx_word' id='word_1_331' title='bbox 316 3177 402 3236; x_wconf 85' lang='grc' dir='ltr'>ποιοῖ.</span> <span class='ocrx_word' id='word_1_332' title='bbox 448 3174 583 3256; x_wconf 85' lang='grc' dir='ltr'>συνεργὸς</span> <span class='ocrx_word' id='word_1_333' title='bbox 609 3170 635 3236; x_wconf 77' lang='grc' dir='ltr'>δ’</span> <span class='ocrx_word' id='word_1_334' title='bbox 664 3172 698 3236; x_wconf 80' lang='grc' dir='ltr'>ἂν</span> <span class='ocrx_word' id='word_1_335' title='bbox 726 3174 828 3256; x_wconf 88' lang='grc' dir='ltr'>γίνοιτο</span> <span class='ocrx_word' id='word_1_336' title='bbox 855 3177 898 3258; x_wconf 78' lang='grc' dir='ltr'>τῷ</span> <span class='ocrx_word' id='word_1_337' title='bbox 926 3174 955 3236; x_wconf 94' lang='grc' dir='ltr'>ἐν</span> <span class='ocrx_word' id='word_1_338' title='bbox 985 3175 1055 3256; x_wconf 78' lang='grc' dir='ltr'>ἡμῖν</span> <span class='ocrx_word' id='word_1_339' title='bbox 1082 3175 1097 3236; x_wconf 91' lang='lat'>6</span> <span class='ocrx_word' id='word_1_340' title='bbox 1124 3174 1208 3259; x_wconf 78' lang='grc' dir='ltr'>φύσει</span> <span class='ocrx_word' id='word_1_341' title='bbox 1235 3199 1266 3238; x_wconf 90' lang='grc' dir='ltr'>τε</span> <span class='ocrx_word' id='word_1_342' title='bbox 1292 3180 1358 3244; x_wconf 86' lang='grc' dir='ltr'>νοῦς</span> <span class='ocrx_word' id='word_1_343' title='bbox 1383 3176 1431 3238; x_wconf 82' lang='grc' dir='ltr'>καλ</span> <span class='ocrx_word' id='word_1_344' title='bbox 1459 3176 1508 3239; x_wconf 86' lang='grc' dir='ltr'>θύ·</span> 
     </span>
     <span class='ocr_line' id='line_1_29' title="bbox 256 3273 1508 3361; baseline 0.001 -22"><span class='ocrx_word' id='word_1_345' title='bbox 256 3277 357 3361; x_wconf 88' lang='grc' dir='ltr'>ραθεν,</span> <span class='ocrx_word' id='word_1_346' title='bbox 380 3275 424 3337; x_wconf 77' lang='grc' dir='ltr'>δτι</span> <span class='ocrx_word' id='word_1_347' title='bbox 445 3273 506 3338; x_wconf 79' lang='grc' dir='ltr'>οὐδ’</span> <span class='ocrx_word' id='word_1_348' title='bbox 528 3274 562 3338; x_wconf 80' lang='grc' dir='ltr'>ἂν</span> <span class='ocrx_word' id='word_1_349' title='bbox 585 3277 621 3338; x_wconf 80' lang='grc' dir='ltr'>τὰ</span> <span class='ocrx_word' id='word_1_350' title='bbox 642 3274 716 3339; x_wconf 79' lang='grc' dir='ltr'>ἄλλα</span> <span class='ocrx_word' id='word_1_351' title='bbox 732 3276 821 3358; x_wconf 81' lang='grc' dir='ltr'>νοητά</span> <span class='ocrx_word' id='word_1_352' title='bbox 844 3275 880 3359; x_wconf 80' lang='grc' dir='ltr'>ἦν</span> <span class='ocrx_word' id='word_1_353' title='bbox 901 3274 968 3339; x_wconf 80' lang='grc' dir='ltr'>ὄντα</span> <span class='ocrx_word' id='word_1_354' title='bbox 991 3277 1110 3358; x_wconf 84' lang='grc' dir='ltr'>δυνάμει</span> <span class='ocrx_word' id='word_1_355' title='bbox 1133 3279 1173 3361; x_wconf 78' lang='grc' dir='ltr'>μ“η</span> <span class='ocrx_word' id='word_1_356' title='bbox 1197 3276 1277 3345; x_wconf 85' lang='grc' dir='ltr'>ὄντος</span> <span class='ocrx_word' id='word_1_357' title='bbox 1299 3279 1373 3346; x_wconf 83' lang='grc' dir='ltr'>τινὸς</span> <span class='ocrx_word' id='word_1_358' title='bbox 1395 3282 1431 3361; x_wconf 71' lang='grc' dir='ltr'>τῇ</span> <span class='ocrx_word' id='word_1_359' title='bbox 1451 3278 1508 3361; x_wconf 76' lang='grc' dir='ltr'>ἰδίη</span> 
     </span>
     <span class='ocr_line' id='line_1_30' title="bbox 256 3378 1549 3464; baseline -0.002 -22"><span class='ocrx_word' id='word_1_360' title='bbox 256 3380 344 3464; x_wconf 68' lang='grc' dir='ltr'>φύσει</span> <span class='ocrx_word' id='word_1_361' title='bbox 366 3382 480 3460; x_wconf 86' lang='grc' dir='ltr'>νοητοῦ.</span> <span class='ocrx_word' id='word_1_362' title='bbox 524 3382 608 3441; x_wconf 87' lang='grc' dir='ltr'>τοῦτο</span> <span class='ocrx_word' id='word_1_363' title='bbox 632 3379 667 3462; x_wconf 84' lang='grc' dir='ltr'>δὴ</span> <span class='ocrx_word' id='word_1_364' title='bbox 695 3385 732 3461; x_wconf 74' lang='grc' dir='ltr'>τῇ</span> <span class='ocrx_word' id='word_1_365' title='bbox 756 3380 844 3442; x_wconf 83' lang='grc' dir='ltr'>αὑτοῦ</span> <span class='ocrx_word' id='word_1_366' title='bbox 873 3378 958 3464; x_wconf 75' lang='grc' dir='ltr'>φύσει</span> <span class='ocrx_word' id='word_1_367' title='bbox 979 3379 1080 3461; x_wconf 87' lang='grc' dir='ltr'>νοητὸν</span> <span class='ocrx_word' id='word_1_368' title='bbox 1109 3378 1139 3441; x_wconf 90' lang='grc' dir='ltr'>δν</span> <span class='ocrx_word' id='word_1_369' title='bbox 1168 3379 1198 3441; x_wconf 93' lang='grc' dir='ltr'>ἐν</span> <span class='ocrx_word' id='word_1_370' title='bbox 1225 3384 1268 3464; x_wconf 75' lang='grc' dir='ltr'>τῷ</span> <span class='ocrx_word' id='word_1_371' title='bbox 1299 3386 1409 3443; x_wconf 87' lang='grc' dir='ltr'>νοοῦντι</span> <span class='ocrx_word' id='word_1_372' title='bbox 1431 3379 1507 3464; x_wconf 85' lang='grc' dir='ltr'>γενδ-</span> <span class='ocrx_word' id='word_1_373' title='bbox 1521 3398 1549 3439; x_wconf 80' lang='grc' dir='ltr'>νο</span> 
     </span>
     <span class='ocr_line' id='line_1_31' title="bbox 210 3480 1508 3568; baseline 0.005 -26"><span class='ocrx_word' id='word_1_374' title='bbox 210 3498 242 3542; x_wconf 81' lang='lat'>³0</span> <span class='ocrx_word' id='word_1_375' title='bbox 257 3504 344 3564; x_wconf 83' lang='grc' dir='ltr'>μενον</span> <span class='ocrx_word' id='word_1_376' title='bbox 366 3480 414 3543; x_wconf 82' lang='grc' dir='ltr'>διὰ</span> <span class='ocrx_word' id='word_1_377' title='bbox 440 3484 491 3543; x_wconf 90' lang='grc' dir='ltr'>τοῦ</span> <span class='ocrx_word' id='word_1_378' title='bbox 513 3481 654 3564; x_wconf 80' lang='grc' dir='ltr'>νοηθῆναι</span> <span class='ocrx_word' id='word_1_379' title='bbox 680 3486 747 3548; x_wconf 85' lang='grc' dir='ltr'>νοῦς</span> <span class='ocrx_word' id='word_1_380' title='bbox 773 3481 804 3545; x_wconf 87' lang='grc' dir='ltr'>τέ</span> <span class='ocrx_word' id='word_1_381' title='bbox 831 3483 891 3544; x_wconf 88' lang='grc' dir='ltr'>ἐστι</span> <span class='ocrx_word' id='word_1_382' title='bbox 918 3481 1105 3565; x_wconf 86' lang='grc' dir='ltr'>γεγενημένος</span> <span class='ocrx_word' id='word_1_383' title='bbox 1132 3482 1162 3544; x_wconf 92' lang='grc' dir='ltr'>ἐν</span> <span class='ocrx_word' id='word_1_384' title='bbox 1185 3487 1228 3568; x_wconf 74' lang='grc' dir='ltr'>τῷ</span> <span class='ocrx_word' id='word_1_385' title='bbox 1252 3486 1362 3545; x_wconf 89' lang='grc' dir='ltr'>νοοῦντι</span> <span class='ocrx_word' id='word_1_386' title='bbox 1389 3486 1435 3547; x_wconf 84' lang='grc' dir='ltr'>καὶ</span> <span class='ocrx_word' id='word_1_387' title='bbox 1460 3485 1508 3548; x_wconf 85' lang='grc' dir='ltr'>θά·</span> 
     </span>
     <span class='ocr_line' id='line_1_32' title="bbox 256 3584 1507 3671; baseline 0.006 -29"><span class='ocrx_word' id='word_1_388' title='bbox 256 3585 345 3670; x_wconf 85' lang='grc' dir='ltr'>ραθεν</span> <span class='ocrx_word' id='word_1_389' title='bbox 368 3588 473 3646; x_wconf 83' lang='grc' dir='ltr'>νοεῖται</span> <span class='ocrx_word' id='word_1_390' title='bbox 500 3585 548 3646; x_wconf 90' lang='grc' dir='ltr'>καὶ</span> <span class='ocrx_word' id='word_1_391' title='bbox 571 3585 716 3653; x_wconf 81' lang='grc' dir='ltr'>ἀθάνατος</span> <span class='ocrx_word' id='word_1_392' title='bbox 743 3587 791 3646; x_wconf 87' lang='grc' dir='ltr'>καὶ</span> <span class='ocrx_word' id='word_1_393' title='bbox 814 3584 959 3667; x_wconf 87' lang='grc' dir='ltr'>ἐντίθησιν</span> <span class='ocrx_word' id='word_1_394' title='bbox 988 3584 1040 3667; x_wconf 81' lang='grc' dir='ltr'>τὴν</span> <span class='ocrx_word' id='word_1_395' title='bbox 1068 3584 1125 3653; x_wconf 75' lang='grc' dir='ltr'>ἕξιν</span> <span class='ocrx_word' id='word_1_396' title='bbox 1151 3591 1194 3670; x_wconf 80' lang='grc' dir='ltr'>τῷ</span> <span class='ocrx_word' id='word_1_397' title='bbox 1217 3587 1308 3671; x_wconf 77' lang='grc' dir='ltr'>ὑλικιγῑ</span> <span class='ocrx_word' id='word_1_398' title='bbox 1336 3587 1411 3649; x_wconf 86' lang='grc' dir='ltr'>ὥστε</span> <span class='ocrx_word' id='word_1_399' title='bbox 1433 3593 1507 3650; x_wconf 85' lang='grc' dir='ltr'>νοεῖν</span> 
     </span>
     <span class='ocr_line' id='line_1_33' title="bbox 255 3686 1507 3774; baseline 0.001 -23"><span class='ocrx_word' id='word_1_400' title='bbox 255 3688 295 3751; x_wconf 83' lang='grc' dir='ltr'>τὰ</span> <span class='ocrx_word' id='word_1_401' title='bbox 316 3688 437 3767; x_wconf 88' lang='grc' dir='ltr'>δυνάμει</span> <span class='ocrx_word' id='word_1_402' title='bbox 452 3687 551 3769; x_wconf 90' lang='grc' dir='ltr'>νοητά.</span> <span class='ocrx_word' id='word_1_403' title='bbox 586 3689 627 3754; x_wconf 83' lang='grc' dir='ltr'>ὡς</span> <span class='ocrx_word' id='word_1_404' title='bbox 641 3686 695 3768; x_wconf 82' lang='grc' dir='ltr'>γὰρ</span> <span class='ocrx_word' id='word_1_405' title='bbox 717 3686 749 3748; x_wconf 89' lang='grc' dir='ltr'>τδ</span> <span class='ocrx_word' id='word_1_406' title='bbox 765 3691 838 3770; x_wconf 85' lang='grc' dir='ltr'>φῶς,</span> <span class='ocrx_word' id='word_1_407' title='bbox 862 3689 1009 3770; x_wconf 86' lang='grc' dir='ltr'>ποιητικὸν</span> <span class='ocrx_word' id='word_1_408' title='bbox 1033 3687 1064 3750; x_wconf 92' lang='grc' dir='ltr'>δν</span> <span class='ocrx_word' id='word_1_409' title='bbox 1080 3693 1132 3772; x_wconf 76' lang='grc' dir='ltr'>τῆς</span> <span class='ocrx_word' id='word_1_410' title='bbox 1153 3686 1215 3751; x_wconf 85' lang='grc' dir='ltr'>κατ’</span> <span class='ocrx_word' id='word_1_411' title='bbox 1237 3689 1378 3774; x_wconf 84' lang='grc' dir='ltr'>ἐνέργειαν</span> <span class='ocrx_word' id='word_1_412' title='bbox 1402 3688 1507 3774; x_wconf 71' lang='grc' dir='ltr'>ὄψεως,</span> 
     </span>
     <span class='ocr_line' id='line_1_34' title="bbox 256 3786 1508 3875; baseline 0.002 -22"><span class='ocrx_word' id='word_1_413' title='bbox 256 3792 305 3853; x_wconf 85' lang='grc' dir='ltr'>καὶ</span> <span class='ocrx_word' id='word_1_414' title='bbox 328 3789 401 3852; x_wconf 81' lang='grc' dir='ltr'>αὐτὸ</span> <span class='ocrx_word' id='word_1_415' title='bbox 418 3790 519 3871; x_wconf 84' lang='grc' dir='ltr'>δρᾶται</span> <span class='ocrx_word' id='word_1_416' title='bbox 541 3789 588 3851; x_wconf 86' lang='grc' dir='ltr'>καὶ</span> <span class='ocrx_word' id='word_1_417' title='bbox 611 3788 647 3851; x_wconf 80' lang='grc' dir='ltr'>τὰ</span> <span class='ocrx_word' id='word_1_418' title='bbox 669 3789 720 3851; x_wconf 83' lang='grc' dir='ltr'>σῦν</span> <span class='ocrx_word' id='word_1_419' title='bbox 743 3789 835 3872; x_wconf 80' lang='grc' dir='ltr'>αδτηῖ,</span> <span class='ocrx_word' id='word_1_420' title='bbox 857 3790 906 3852; x_wconf 81' lang='grc' dir='ltr'>καλ</span> <span class='ocrx_word' id='word_1_421' title='bbox 929 3786 964 3852; x_wconf 82' lang='grc' dir='ltr'>δι’</span> <span class='ocrx_word' id='word_1_422' title='bbox 985 3789 1073 3852; x_wconf 78' lang='grc' dir='ltr'>αὐτοῦ</span> <span class='ocrx_word' id='word_1_423' title='bbox 1096 3791 1128 3853; x_wconf 89' lang='grc' dir='ltr'>τδ</span> <span class='ocrx_word' id='word_1_424' title='bbox 1151 3795 1269 3875; x_wconf 84' lang='grc' dir='ltr'>χρῶμα,</span> <span class='ocrx_word' id='word_1_425' title='bbox 1292 3792 1385 3860; x_wconf 77' lang='grc' dir='ltr'>οὕτως</span> <span class='ocrx_word' id='word_1_426' title='bbox 1407 3793 1508 3856; x_wconf 84' lang='grc' dir='ltr'>δὲκαὶ</span> 
     </span>
     <span class='ocr_line' id='line_1_35' title="bbox 258 3890 1507 3976; baseline 0.001 -21"><span class='ocrx_word' id='word_1_427' title='bbox 258 3895 274 3955; x_wconf 89' lang='lat'>6</span> <span class='ocrx_word' id='word_1_428' title='bbox 292 3891 420 3975; x_wconf 78' lang='grc' dir='ltr'>θάραθεν</span> <span class='ocrx_word' id='word_1_429' title='bbox 436 3896 501 3959; x_wconf 89' lang='grc' dir='ltr'>νοῦς</span> <span class='ocrx_word' id='word_1_430' title='bbox 515 3890 605 3961; x_wconf 83' lang='grc' dir='ltr'>αἴτιος</span> <span class='ocrx_word' id='word_1_431' title='bbox 626 3892 730 3974; x_wconf 87' lang='grc' dir='ltr'>γίνεται</span> <span class='ocrx_word' id='word_1_432' title='bbox 750 3896 801 3954; x_wconf 91' lang='grc' dir='ltr'>τοῦ</span> <span class='ocrx_word' id='word_1_433' title='bbox 816 3896 890 3955; x_wconf 84' lang='grc' dir='ltr'>νυεῖν</span> <span class='ocrx_word' id='word_1_434' title='bbox 907 3894 987 3975; x_wconf 70' lang='grc' dir='ltr'>ἡμῖν,</span> <span class='ocrx_word' id='word_1_435' title='bbox 1011 3892 1164 3976; x_wconf 81' lang='grc' dir='ltr'>νοούμενος</span> <span class='ocrx_word' id='word_1_436' title='bbox 1187 3894 1234 3956; x_wconf 82' lang='grc' dir='ltr'>καὶ</span> <span class='ocrx_word' id='word_1_437' title='bbox 1249 3893 1345 3969; x_wconf 80' lang='grc' dir='ltr'>αὐτάς,</span> <span class='ocrx_word' id='word_1_438' title='bbox 1368 3895 1402 3957; x_wconf 85' lang='grc' dir='ltr'>οὐ</span> <span class='ocrx_word' id='word_1_439' title='bbox 1418 3901 1507 3958; x_wconf 84' lang='grc' dir='ltr'>ποιῶν</span> 
     </span>
     <span class='ocr_line' id='line_1_36' title="bbox 214 3992 1509 4080; baseline 0.007 -28"><span class='ocrx_word' id='word_1_440' title='bbox 214 4011 245 4055; x_wconf 72' lang='grc' dir='ltr'>ευ</span> <span class='ocrx_word' id='word_1_441' title='bbox 258 3995 347 4057; x_wconf 75' lang='grc' dir='ltr'>αὐτὸν</span> <span class='ocrx_word' id='word_1_442' title='bbox 370 3998 448 4067; x_wconf 89' lang='grc' dir='ltr'>νοῦν,</span> <span class='ocrx_word' id='word_1_443' title='bbox 470 3993 545 4057; x_wconf 80' lang='grc' dir='ltr'>ἀλλὰ</span> <span class='ocrx_word' id='word_1_444' title='bbox 567 3994 615 4056; x_wconf 88' lang='grc' dir='ltr'>τδν</span> <span class='ocrx_word' id='word_1_445' title='bbox 639 3992 707 4056; x_wconf 79' lang='grc' dir='ltr'>ὄντα</span> <span class='ocrx_word' id='word_1_446' title='bbox 726 3999 791 4057; x_wconf 89' lang='grc' dir='ltr'>νοῦν</span> <span class='ocrx_word' id='word_1_447' title='bbox 814 4019 850 4078; x_wconf 84' lang='grc' dir='ltr'>τη</span> <span class='ocrx_word' id='word_1_448' title='bbox 875 3995 964 4057; x_wconf 83' lang='grc' dir='ltr'>αὑτοῦ</span> <span class='ocrx_word' id='word_1_449' title='bbox 987 3996 1072 4078; x_wconf 78' lang='grc' dir='ltr'>φύσει</span> <span class='ocrx_word' id='word_1_450' title='bbox 1094 3998 1211 4058; x_wconf 82' lang='grc' dir='ltr'>πελειῶν</span> <span class='ocrx_word' id='word_1_451' title='bbox 1233 3997 1280 4059; x_wconf 88' lang='grc' dir='ltr'>καὶ</span> <span class='ocrx_word' id='word_1_452' title='bbox 1303 3996 1381 4080; x_wconf 83' lang='grc' dir='ltr'>ἄγων</span> <span class='ocrx_word' id='word_1_453' title='bbox 1404 3999 1451 4061; x_wconf 80' lang='grc' dir='ltr'>ἐπὶ</span> <span class='ocrx_word' id='word_1_454' title='bbox 1473 4000 1509 4061; x_wconf 86' lang='grc' dir='ltr'>τὰ</span> 
     </span>
     <span class='ocr_line' id='line_1_37' title="bbox 256 4095 1550 4188; baseline -0.001 -27"><span class='ocrx_word' id='word_1_455' title='bbox 256 4100 360 4161; x_wconf 83' lang='grc' dir='ltr'>οἰκεῖα.</span> <span class='ocrx_word' id='word_1_456' title='bbox 407 4095 483 4160; x_wconf 90' lang='grc' dir='ltr'>ἔστιν</span> <span class='ocrx_word' id='word_1_457' title='bbox 505 4095 555 4160; x_wconf 83' lang='grc' dir='ltr'>οὖν</span> <span class='ocrx_word' id='word_1_458' title='bbox 577 4095 661 4181; x_wconf 77' lang='grc' dir='ltr'>φύσει</span> <span class='ocrx_word' id='word_1_459' title='bbox 689 4097 740 4180; x_wconf 76' lang='grc' dir='ltr'>μὲν</span> <span class='ocrx_word' id='word_1_460' title='bbox 763 4100 864 4181; x_wconf 84' lang='grc' dir='ltr'>νοητὸν</span> <span class='ocrx_word' id='word_1_461' title='bbox 888 4100 904 4162; x_wconf 90' lang='lat'>6</span> <span class='ocrx_word' id='word_1_462' title='bbox 926 4102 1006 4173; x_wconf 89' lang='grc' dir='ltr'>νοῦς,</span> <span class='ocrx_word' id='word_1_463' title='bbox 1036 4098 1070 4160; x_wconf 85' lang='grc' dir='ltr'>τὰ</span> <span class='ocrx_word' id='word_1_464' title='bbox 1093 4099 1125 4160; x_wconf 83' lang='grc' dir='ltr'>δὲ</span> <span class='ocrx_word' id='word_1_465' title='bbox 1146 4097 1220 4161; x_wconf 82' lang='grc' dir='ltr'>ἄλλα</span> <span class='ocrx_word' id='word_1_466' title='bbox 1249 4100 1284 4162; x_wconf 82' lang='grc' dir='ltr'>πολ</span> <span class='ocrx_word' id='word_1_467' title='bbox 1306 4101 1395 4185; x_wconf 80' lang='grc' dir='ltr'>νοητὰ</span> <span class='ocrx_word' id='word_1_468' title='bbox 1418 4101 1508 4188; x_wconf 80' lang='grc' dir='ltr'>τέχνη</span> <span class='ocrx_word' id='word_1_469' title='bbox 1522 4118 1550 4160; x_wconf 75' lang='grc' dir='ltr'>ε’»</span> 
     </span>
    </p>
   </div>
   <div class='ocr_carea' id='block_1_3' title="bbox 200 4385 1563 4997">
    <p class='ocr_par' dir='ltr' id='par_1_3' title="bbox 200 4385 1563 4997">
     <span class='ocr_line' id='line_1_38' title="bbox 204 4385 1562 4469; baseline 0.007 -28"><span class='ocrx_word' id='word_1_470' title='bbox 204 4388 263 4441; x_wconf 78' lang='grc' dir='ltr'>Ιδέ</span> <span class='ocrx_word' id='word_1_471' title='bbox 282 4389 375 4441; x_wconf 86' lang='lat' dir='ltr'><strong>om.M</strong></span> <span class='ocrx_word' id='word_1_472' title='bbox 482 4385 590 4456; x_wconf 71' lang='grc' dir='ltr'>θαθτῷ</span> <span class='ocrx_word' id='word_1_473' title='bbox 611 4388 700 4441; x_wconf 76' lang='lat' dir='ltr'><strong>VMKa</strong></span> <span class='ocrx_word' id='word_1_474' title='bbox 806 4388 935 4443; x_wconf 71' lang='lat' dir='ltr'><strong>bom.M</strong></span> <span class='ocrx_word' id='word_1_475' title='bbox 1041 4390 1118 4446; x_wconf 73' lang='grc' dir='ltr'>αυτοῦ</span> <span class='ocrx_word' id='word_1_476' title='bbox 1139 4395 1174 4446; x_wconf 88' lang='lat' dir='ltr'>V:</span> <span class='ocrx_word' id='word_1_477' title='bbox 1192 4394 1269 4447; x_wconf 71' lang='grc' dir='ltr'>(αὐτοῦ</span> <span class='ocrx_word' id='word_1_478' title='bbox 1288 4396 1355 4448; x_wconf 81' lang='lat' dir='ltr'>MKa</span> <span class='ocrx_word' id='word_1_479' title='bbox 1460 4396 1562 4469; x_wconf 80' lang='grc' dir='ltr'>θπαρολ</span> 
     </span>
     <span class='ocr_line' id='line_1_39' title="bbox 200 4473 1563 4555; baseline 0.01 -29"><span class='ocrx_word' id='word_1_480' title='bbox 200 4478 249 4546; x_wconf 78' lang='grc' dir='ltr'>τὴν</span> <span class='ocrx_word' id='word_1_481' title='bbox 267 4478 293 4528; x_wconf 86' lang='lat' dir='ltr'><strong>M</strong></span> <span class='ocrx_word' id='word_1_482' title='bbox 403 4475 436 4527; x_wconf 91' lang='lat'>10</span> <span class='ocrx_word' id='word_1_483' title='bbox 457 4473 506 4548; x_wconf 84' lang='grc' dir='ltr'>οδχ</span> <span class='ocrx_word' id='word_1_484' title='bbox 524 4476 549 4526; x_wconf 99' lang='lat' dir='ltr'><strong>M</strong></span> <span class='ocrx_word' id='word_1_485' title='bbox 662 4477 975 4550; x_wconf 73' lang='grc' dir='ltr'>11χαρακπηρίζοντοθλ</span> <span class='ocrx_word' id='word_1_486' title='bbox 1088 4481 1119 4533; x_wconf 90' lang='grc'>13</span> <span class='ocrx_word' id='word_1_487' title='bbox 1142 4482 1270 4553; x_wconf 80' lang='grc' dir='ltr'>ποιητικὸν</span> <span class='ocrx_word' id='word_1_488' title='bbox 1289 4485 1314 4536; x_wconf 89' lang='lat' dir='ltr'><strong>M</strong></span> <span class='ocrx_word' id='word_1_489' title='bbox 1422 4486 1452 4537; x_wconf 91' lang='grc'>16</span> <span class='ocrx_word' id='word_1_490' title='bbox 1478 4485 1518 4555; x_wconf 91' lang='grc' dir='ltr'>τε]</span> <span class='ocrx_word' id='word_1_491' title='bbox 1537 4506 1563 4540; x_wconf 85' lang='grc' dir='ltr'>αι</span> 
     </span>
     <span class='ocr_line' id='line_1_40' title="bbox 201 4562 1562 4644; baseline 0.007 -27"><span class='ocrx_word' id='word_1_492' title='bbox 201 4564 252 4617; x_wconf 78' lang='grc' dir='ltr'>δελ.</span> <span class='ocrx_word' id='word_1_493' title='bbox 271 4579 353 4632; x_wconf 72' lang='grc' dir='ltr'>ευριπ</span> <span class='ocrx_word' id='word_1_494' title='bbox 369 4580 397 4615; x_wconf 81' lang='grc' dir='ltr'>πε</span> <span class='ocrx_word' id='word_1_495' title='bbox 414 4564 439 4616; x_wconf 90' lang='lat' dir='ltr'><strong>M</strong></span> <span class='ocrx_word' id='word_1_496' title='bbox 548 4562 579 4614; x_wconf 83' lang='lat'>17</span> <span class='ocrx_word' id='word_1_497' title='bbox 602 4562 628 4614; x_wconf 87' lang='grc' dir='ltr'>τί</span> <span class='ocrx_word' id='word_1_498' title='bbox 645 4578 695 4615; x_wconf 88' lang='lat' dir='ltr'>om.</span> <span class='ocrx_word' id='word_1_499' title='bbox 714 4567 738 4616; x_wconf 92' lang='lat' dir='ltr'><strong>M</strong></span> <span class='ocrx_word' id='word_1_500' title='bbox 846 4566 880 4618; x_wconf 71' lang='lat'>20</span> <span class='ocrx_word' id='word_1_501' title='bbox 898 4566 967 4637; x_wconf 72' lang='grc' dir='ltr'>αὐτῷ</span> <span class='ocrx_word' id='word_1_502' title='bbox 986 4569 1077 4621; x_wconf 78' lang='grc' dir='ltr'>θΜΚιι</span> <span class='ocrx_word' id='word_1_503' title='bbox 1183 4569 1213 4622; x_wconf 76' lang='grc' dir='ltr'>θλ</span> <span class='ocrx_word' id='word_1_504' title='bbox 1235 4569 1296 4623; x_wconf 80' lang='grc' dir='ltr'>αῦπδ</span> <span class='ocrx_word' id='word_1_505' title='bbox 1315 4572 1340 4623; x_wconf 90' lang='lat' dir='ltr'><strong>M</strong></span> <span class='ocrx_word' id='word_1_506' title='bbox 1433 4574 1562 4644; x_wconf 82' lang='grc' dir='ltr'>ποιητικό-</span> 
     </span>
     <span class='ocr_line' id='line_1_41' title="bbox 200 4650 1561 4730; baseline 0.007 -26"><span class='ocrx_word' id='word_1_507' title='bbox 200 4653 321 4704; x_wconf 73' lang='grc' dir='ltr'>τατυνλί</span> <span class='ocrx_word' id='word_1_508' title='bbox 428 4651 462 4704; x_wconf 78' lang='lat'>23</span> <span class='ocrx_word' id='word_1_509' title='bbox 484 4650 501 4722; x_wconf 73' lang='grc' dir='ltr'><strong>ἢ</strong></span> <span class='ocrx_word' id='word_1_510' title='bbox 521 4667 561 4703; x_wconf 77' lang='lat' dir='ltr'>ox.</span> <span class='ocrx_word' id='word_1_511' title='bbox 580 4651 663 4703; x_wconf 57' lang='lat' dir='ltr'>vict:</span> <span class='ocrx_word' id='word_1_512' title='bbox 681 4651 699 4722; x_wconf 74' lang='grc' dir='ltr'><em>ἦ</em></span> <span class='ocrx_word' id='word_1_513' title='bbox 718 4653 809 4705; x_wconf 78' lang='lat' dir='ltr'><strong>VMKa</strong></span> <span class='ocrx_word' id='word_1_514' title='bbox 914 4653 947 4707; x_wconf 75' lang='lat'>25</span> <span class='ocrx_word' id='word_1_515' title='bbox 970 4652 1028 4707; x_wconf 76' lang='grc' dir='ltr'>οὔτε</span> <span class='ocrx_word' id='word_1_516' title='bbox 1049 4656 1124 4708; x_wconf 81' lang='lat' dir='ltr'><strong>VKa:</strong></span> <span class='ocrx_word' id='word_1_517' title='bbox 1142 4656 1199 4710; x_wconf 74' lang='grc' dir='ltr'>οὐδὲ</span> <span class='ocrx_word' id='word_1_518' title='bbox 1217 4659 1242 4710; x_wconf 92' lang='lat' dir='ltr'><strong>M</strong></span> <span class='ocrx_word' id='word_1_519' title='bbox 1349 4658 1380 4712; x_wconf 76' lang='lat'>27</span> <span class='ocrx_word' id='word_1_520' title='bbox 1399 4663 1438 4729; x_wconf 78' lang='grc' dir='ltr'>τῷ</span> <span class='ocrx_word' id='word_1_521' title='bbox 1456 4663 1561 4730; x_wconf 74' lang='lat' dir='ltr'>scripsi:</span> 
     </span>
     <span class='ocr_line' id='line_1_42' title="bbox 201 4738 1562 4815; baseline 0.009 -25"><span class='ocrx_word' id='word_1_522' title='bbox 201 4745 255 4791; x_wconf 81' lang='grc' dir='ltr'>τῶν</span> <span class='ocrx_word' id='word_1_523' title='bbox 273 4738 351 4789; x_wconf 73' lang='lat' dir='ltr'>vxa:</span> <span class='ocrx_word' id='word_1_524' title='bbox 369 4740 457 4791; x_wconf 74' lang='grc' dir='ltr'>ποῦλλ</span> <span class='ocrx_word' id='word_1_525' title='bbox 554 4738 588 4791; x_wconf 77' lang='grc'>28</span> <span class='ocrx_word' id='word_1_526' title='bbox 606 4743 651 4791; x_wconf 82' lang='grc' dir='ltr'>τοῦ</span> <span class='ocrx_word' id='word_1_527' title='bbox 670 4738 718 4810; x_wconf 74' lang='grc' dir='ltr'>ἰδίη</span> <span class='ocrx_word' id='word_1_528' title='bbox 737 4741 762 4792; x_wconf 85' lang='grc' dir='ltr'>Μ</span> <span class='ocrx_word' id='word_1_529' title='bbox 862 4741 896 4793; x_wconf 69' lang='lat'>‘29</span> <span class='ocrx_word' id='word_1_530' title='bbox 915 4741 993 4795; x_wconf 70' lang='grc' dir='ltr'>αὑτοῦ</span> <span class='ocrx_word' id='word_1_531' title='bbox 1011 4743 1102 4794; x_wconf 82' lang='lat' dir='ltr'><strong>VMKa</strong></span> <span class='ocrx_word' id='word_1_532' title='bbox 1198 4745 1327 4815; x_wconf 79' lang='grc' dir='ltr'>γινόμενον</span> <span class='ocrx_word' id='word_1_533' title='bbox 1344 4748 1369 4799; x_wconf 89' lang='lat' dir='ltr'><strong>M</strong></span> <span class='ocrx_word' id='word_1_534' title='bbox 1466 4747 1498 4801; x_wconf 86' lang='lat'>31</span> <span class='ocrx_word' id='word_1_535' title='bbox 1519 4750 1562 4802; x_wconf 85' lang='grc' dir='ltr'>καλ</span> 
     </span>
     <span class='ocr_line' id='line_1_43' title="bbox 201 4826 1560 4907; baseline 0.007 -28"><span class='ocrx_word' id='word_1_536' title='bbox 201 4826 329 4884; x_wconf 76' lang='grc' dir='ltr'>ἀθάνατος</span> <span class='ocrx_word' id='word_1_537' title='bbox 347 4832 494 4894; x_wconf 77' lang='lat' dir='ltr'><strong>suspectum</strong></span> <span class='ocrx_word' id='word_1_538' title='bbox 514 4827 637 4891; x_wconf 72' lang='lat' dir='ltr'>cr.112‚5</span> <span class='ocrx_word' id='word_1_539' title='bbox 736 4828 782 4899; x_wconf 69' lang='grc' dir='ltr'>τὴν</span> <span class='ocrx_word' id='word_1_540' title='bbox 800 4829 862 4881; x_wconf 88' lang='lat' dir='ltr'>VM:</span> <span class='ocrx_word' id='word_1_541' title='bbox 881 4847 909 4899; x_wconf 86' lang='grc' dir='ltr'>γι</span> <span class='ocrx_word' id='word_1_542' title='bbox 926 4830 968 4883; x_wconf 81' lang='lat' dir='ltr'>Ka</span> <span class='ocrx_word' id='word_1_543' title='bbox 1067 4831 1101 4884; x_wconf 78' lang='lat'>35</span> <span class='ocrx_word' id='word_1_544' title='bbox 1118 4831 1164 4907; x_wconf 80' lang='grc' dir='ltr'>τη]</span> <span class='ocrx_word' id='word_1_545' title='bbox 1182 4851 1198 4884; x_wconf 88' lang='grc' dir='ltr'>τ</span> <span class='ocrx_word' id='word_1_546' title='bbox 1215 4835 1244 4885; x_wconf 87' lang='lat' dir='ltr'>in</span> <span class='ocrx_word' id='word_1_547' title='bbox 1262 4834 1336 4886; x_wconf 82' lang='lat' dir='ltr'><strong>lit.v</strong></span> <span class='ocrx_word' id='word_1_548' title='bbox 1432 4835 1560 4906; x_wconf 70' lang='grc' dir='ltr'>τῇαίιπσῦ</span> 
     </span>
     <span class='ocr_line' id='line_1_44' title="bbox 201 4911 1539 4997; baseline 0.005 -28"><span class='ocrx_word' id='word_1_549' title='bbox 201 4913 308 4969; x_wconf 72' lang='grc' dir='ltr'>πελειῶν</span> <span class='ocrx_word' id='word_1_550' title='bbox 326 4912 397 4987; x_wconf 69' lang='grc' dir='ltr'>φῦσαι</span> <span class='ocrx_word' id='word_1_551' title='bbox 414 4912 468 4966; x_wconf 75' lang='lat' dir='ltr'>Ka:</span> <span class='ocrx_word' id='word_1_552' title='bbox 487 4911 588 4967; x_wconf 80' lang='grc' dir='ltr'>τιλειῶν</span> <span class='ocrx_word' id='word_1_553' title='bbox 607 4919 639 4987; x_wconf 75' lang='grc' dir='ltr'>πη</span> <span class='ocrx_word' id='word_1_554' title='bbox 659 4914 736 4969; x_wconf 67' lang='grc' dir='ltr'>αὑτοῦ</span> <span class='ocrx_word' id='word_1_555' title='bbox 753 4913 824 4988; x_wconf 66' lang='grc' dir='ltr'>φάσει</span> <span class='ocrx_word' id='word_1_556' title='bbox 843 4917 867 4970; x_wconf 90' lang='lat' dir='ltr'><strong>M</strong></span> <span class='ocrx_word' id='word_1_557' title='bbox 974 4918 1008 4970; x_wconf 87' lang='lat'>36</span> <span class='ocrx_word' id='word_1_558' title='bbox 1027 4918 1078 4971; x_wconf 79' lang='grc' dir='ltr'>ἐστὶ</span> <span class='ocrx_word' id='word_1_559' title='bbox 1096 4919 1142 4989; x_wconf 72' lang='grc' dir='ltr'>μὲν</span> <span class='ocrx_word' id='word_1_560' title='bbox 1160 4918 1203 4973; x_wconf 80' lang='grc' dir='ltr'>οῦν</span> <span class='ocrx_word' id='word_1_561' title='bbox 1222 4922 1246 4974; x_wconf 89' lang='lat' dir='ltr'><strong>M</strong></span> <span class='ocrx_word' id='word_1_562' title='bbox 1351 4923 1429 4997; x_wconf 76' lang='grc' dir='ltr'>πάχνη</span> <span class='ocrx_word' id='word_1_563' title='bbox 1448 4923 1539 4977; x_wconf 77' lang='lat' dir='ltr'><strong>VMKa</strong></span> 
     </span>
    </p>
   </div>
   <div class='ocr_carea' id='block_1_4' title="bbox 0 0 1777 5610">
    <p class='ocr_par' dir='ltr' id='par_1_4' title="bbox 0 0 1777 5610">
     <span class='ocr_line' id='line_1_45' title="bbox 0 0 1777 5610; baseline 0 0"><span class='ocrx_word' id='word_1_564' title='bbox 0 0 1777 5610; x_wconf 95' lang='lat' dir='ltr'> </span> 
     </span>
    </p>
   </div>
  </div>
 </body>
</html>
