3540 5610
91 2064 94 2069 ¹
202 2078 370 2148 ἀποβλέπω
390 2078 467 2144 1333

206 333 267 401 194
353 331 411 399 ἀπό

256 506 305 581 οίιχ
323 506 374 559 οίόν
392 525 419 558 τε
438 503 470 560 δι’
486 505 567 560 ἀπλοῦ
585 525 652 565 τινος
669 506 786 576 σώματος
804 514 856 560 τῶν
908 507 1111 568 ἀποσκευάζω
1131 506 1209 569 9538

256 594 343 647 ἀπτῶν
361 612 427 652 τινος
445 591 573 646 αἰσθέσθαι
598 593 677 660 9331
716 595 745 648 τὸ
763 593 856 668 θερμόν
908 593 1080 651 ἀπόστασις
1100 594 1223 655 147339
1559 648 1564 657 ,

232 681 346 757 ,καὶτὸ
364 680 463 755 ψυχρὸν
481 680 536 733 κτλ.
555 680 636 744 1373
669 680 757 740 ἁπλῶς
774 682 855 747 3636
908 680 1073 751 ἀπόστημα
1092 680 1169 743 9334
1189 680 1249 732 dist.
1285 679 1409 750 διάστημα
1431 682 1524 746 14630

256 769 333 834 9134
355 768 447 832 15034
469 767 562 832 15138
908 768 1142 837 ἀποστρέφομαι
1159 786 1184 819 τι
1201 765 1279 829 7339
1299 766 1390 832 9337

204 856 345 915 ἀπότινος
364 853 487 925 ὁρίζεσθαι
507 856 601 920 11030
636 855 772 923 μανθάνειν
799 856 855 921 133
908 854 1063 907 ἀποτείνω
1086 854 1207 919 138333

256 942 385 996 καλεῖσθαι
398 944 472 1006 3031
497 940 634 996 κινεῖσθαι7
647 944 707 1007 853
729 945 857 1002 ἀπότινος
908 943 1074 1010 ἀποτέμνω
1096 942 1189 1003 13933

256 1038 349 1089 κοινῶς
372 1030 528 1103 ὑπάρχοντος
556 1028 569 1082 θ
596 1029 668 1099 λόγος
699 1032 762 1094 17,7
807 1031 856 1085 ἀπό
908 1029 1070 1102 ἀποτροπή
1092 1031 1181 1092 18431

256 1123 301 1188 τῆς
318 1119 374 1190 περί
390 1118 422 1170 τά
441 1117 536 1188 σφυδρά
554 1115 661 1188 αἰσθητά
680 1118 801 1189 ἐνεργείας
820 1119 855 1188 μὴ
907 1118 1039 1170 ἀπουσία
1057 1117 1135 1179 3035
1158 1117 1249 1180 14435
1269 1117 1363 1180 16139

256 1204 375 1259 θὺνασθαι
392 1211 445 1258 τῶν
463 1205 538 1276 ἧττον
557 1203 686 1275 αἰσθητῶν
705 1205 856 1275 άντιλαμβά-
907 1204 1068 1275 ἀποφαίνω
1090 1204 1183 1269 18038
1206 1206 1275 1268 1813

255 1291 341 1345 νισθαι
358 1291 437 1357 8630
460 1292 485 1344 αί
503 1291 553 1344 ἀπὸ
571 1298 623 1344 τῶν
642 1291 765 1366 έμψθχων
784 1293 855 1362 οπέρ·
907 1292 1064 1362 ἀπόφασις
1085 1293 1178 1355 11430

256 1398 323 1447 ματα
347 1378 413 1445 33,5
449 1378 499 1432 ἀπό
523 1385 576 1432 τῶν
600 1377 727 1450 αίσθητῶν
751 1381 855 1449 ίγκατα-
907 1378 1049 1449 ἀπόφημι
1067 1379 1144 1442 7937

255 1466 380 1535 λείμματα
404 1467 486 1532 9733
526 1467 543 1537 ἡ
566 1467 675 1537 ίνέργιια
699 1468 716 1537 η
738 1467 787 1520 ἀπὸ
810 1471 856 1538 τῆς
907 1465 1061 1535 ἀποψὺχω
1081 1467 1160 1529 9530

256 1554 386 1622 δυνάμεως
410 1553 474 1619 935
511 1552 559 1614 iet<
577 1556 721 1625 ἐγγινομένη
746 1554 796 1608 ἀπό
814 1571 856 1608 συ·
907 1553 1098 1622 ἀπρονοησίο
1120 1554 1211 1617 17833

255 1647 343 1714 νεγοῦς
362 1642 482 1713 ἐνεργείας
501 1641 576 1705 8531
612 1641 661 1695 ἀπό
679 1641 782 1714 καρδίας
799 1661 855 1716 τρο·
907 1642 1128 1714 ἀπροσπτωσία
1151 1643 1242 1708 15035

256 1734 306 1800 φης
323 1730 430 1803 χορηγία
448 1726 527 1794 9434
907 1727 1046 1785 ἀπτικός.
1083 1729 1107 1781 ά.
1126 1736 1200 1798 σῶμα
1225 1737 1278 1782 τῶν
1303 1731 1348 1798 μὲν
1371 1729 1467 1798 ὁμοίως
1489 1730 1562 1799 ἑχόν-

202 1816 365 1885 ἀποβαίνω
386 1816 480 1881 18534
958 1836 1010 1869 των
1035 1815 1105 1886 αιὐτηῖ
1128 1823 1180 1868 τῶν
1203 1817 1292 1871 ἁπτῶν
1315 1836 1383 1875 τινας
1405 1818 1562 1876 ἐναντιώσεις

202 1904 369 1974 ἀποβάλλον
400 1903 477 1966 1133
507 1904 603 1968 13035
634 1904 728 1969 13331
759 1908 853 1970 14137
959 1904 1006 1957 οὐκ
1032 1902 1187 1968 αἰσθάνεται,
1215 1912 1267 1958 τῶν
1295 1904 1320 1958 δέ
1349 1905 1516 1959 ἐλλειπόντων
1544 1924 1561 1976 η

259 1991 337 2054 1633
959 1991 1168 2061 ὑπερβαλλόντων
1187 1993 1247 2058 593

908 2078 1011 2137 ἀπτός.
1039 2079 1120 2133 ἀπτοῦ
1133 2080 1203 2133 οὐδέν
1217 2082 1268 2134 ίστι
1280 2080 1360 2149 ὄνομα
1372 2082 1463 2134 οέκεῖον
1482 2082 1563 2144 5630

202 2165 342 2236 ἀποβολή
361 2166 423 2231 430
959 2167 1024 2219 ἐστιν
1051 2168 1131 2238 όνομα
1154 2174 1201 2239 τῆς
1223 2170 1333 2242 σχέσεως
1356 2169 1424 2230 56,9
1461 2171 1488 2223 έν
1510 2177 1563 2228 τοῖς

200 2253 391 2321 ἀπογίνομαι
409 2253 483 2315 1163

201 2339 367 2401 ἀπόδειξις.
402 2340 477 2410 λόγου
495 2342 539 2394 καί
557 2341 581 2393 ά,
600 2339 694 2394 δεῖσθαι
716 2343 785 2406 1163

201 2426 377 2497 ἀποδίδωμι
398 2428 454 2491 163
477 2428 569 2491 13534

201 2513 315 2567 ἀποθεν
334 2514 410 2578 9333

201 2600 390 2672 ἀποθνήσκω
409 2603 469 2667 393
491 2603 565 2668 1683

200 2689 348 2742 ἀποικονο
355 2691 408 2759 μία
432 2692 475 2742 καὶ
493 2690 603 2748 ίκκλισις
625 2698 678 2744 τῶν
701 2693 800 2753 οἰκείοις
818 2696 855 2748 ἀν-

129 2840 132 2847 ,
253 2777 345 2829 αντίων
367 2778 461 2842 16035
484 2778 576 2842 16335

201 2863 310 2921 ἄποιος
330 2864 405 2930 1737
427 2864 484 2930 183
506 2865 626 2936 13433η.

202 2950 416 3004 ἀποκαλύπτω
436 2952 513 3016 5333

200 3043 456 3098 ἀποκατάστασις
481 3040 554 3104 100,6

201 3129 427 3201 ἀποκλήρωσις
443 3128 520 3192 3335
543 3128 636 3193 13330

201 3217 362 3288 ἀποκρίνω
384 3216 458 3279 15,16
480 3215 553 3278 1353

201 3305 415 3375 ἀπολαμβάνω
433 3303 543 3368 47330
560 3302 621 3367 483
643 3303 717 3366 1333
739 3304 831 3368 13938

200 3391 360 3445 ἀπολείπω
391 3391 481 3457 168,8,
494 3392 526 3443 10
571 3392 637 3444 κατὰ
663 3393 710 3462 τὴν
736 3391 856 3463 ὄσφρησιν

256 3479 444 3550 ἀπολειπόμεθα
462 3477 590 3553 ἀκριβείας
608 3479 666 3543 533
695 3487 751 3538 πῶς
769 3479 799 3532 ἂν
818 3479 856 3533 εό-

255 3568 380 3637 θαιμονεῐν
398 3587 436 3626 τις
447 3567 543 3639 λέγοιτο
561 3566 765 3636 ἀπολειπομένων
778 3568 856 3621 αὐτοῦ

253 3656 351 3710 τούτων
371 3656 407 3710 ὧν
426 3655 502 3708 δεῖται
524 3655 613 3720 16331

200 3744 348 3814 ἀπολήγω
369 3743 459 3806 13831

201 3831 324 3885 ἀπολίιω
343 3831 420 3896 3136

201 3919 373 3987 ἀπομάττω
395 3918 488 3984 13339

201 4006 399 4078 άποπροάγω.
436 4005 644 4076 ἀποπροηγμένον
665 4006 801 4075 1673Οση.

960 2254 1047 2313 ἁπτοῖς
1069 2256 1168 2314 πλείους
1186 2256 1341 2314 ἐναντιώσεις
1363 2255 1442 2320 5531
1473 2274 1562 2309 enum,

959 2343 1037 2405 4034
1066 2344 1100 2401 είς
1117 2344 1220 2416 πρώτας
1235 2344 1368 2413 ἀνάγονται
1387 2343 1463 2407 5837
1494 2344 1563 2397 ἁπτά

960 2430 981 2482 εί
1000 2429 1135 2484 ἐπιτίθεται
1152 2435 1190 2502 τῷ
1209 2430 1306 2502 όργάνφ
1326 2431 1430 2499 58,18η.

907 2517 994 2570 άπτω
1004 2517 1110 2591 λόγνους
1124 2518 1198 2583 1413
1211 2519 1276 2572 Med.
1288 2519 1319 2571 de
1329 2520 1451 2585 tangibili
1462 2519 1562 2571 dictum

959 2606 1037 2669 5638
1056 2605 1229 2670 57305834
1257 2606 1305 2658 οἰκ
1323 2604 1417 2676 ἀληθές
1433 2607 1463 2658 τὸ
1482 2606 1562 2675 λέγειν

958 2698 1037 2745 ταῦτα
1053 2691 1205 2767 χωρίζεσθαι
1222 2692 1267 2746 ἀπ’
1282 2693 1409 2762 ἀλλήλων,
1428 2691 1473 2745 ὅσα
1487 2694 1564 2746 ἀπτε-

959 2799 1001 2834 ται
1018 2781 1136 2850 ἀλλήλων
1157 2781 1250 2845 11739

908 2866 1043 2920 ἀπωθέω
1062 2867 1172 2929 48318

908 2955 1049 3008 ἀπώλεια
1067 2954 1145 3019 9833

908 3043 965 3112 ἄρα
986 3043 1064 3107 1838
1083 3041 1161 3106 3831
1184 3042 1345 3106 3133135
1364 3041 1478 3104 33,5.19
1498 3041 1562 3104 34,7

960 3130 1037 3194 8035
1057 3129 1184 3191 843134
1202 3131 1243 3195 90,
1253 3132 1331 3183 1033
1351 3128 1482 3194 943736
1501 3128 1563 3191 983

960 3217 1044 3280 9935
1071 3217 1127 3280 103,
1137 3218 1167 3269 14
1194 3217 1274 3281 1033
1300 3217 1381 3281 1073
1410 3216 1560 3281 1093831

963 3304 1103 3369 1133034
1125 3305 1248 3369 114337
1273 3304 1363 3368 11631
1388 3304 1481 3367 13036
1503 3304 1562 3363 131,

960 3391 1042 3443 3134
1064 3392 1348 3457 1333435363833
1371 3393 1446 3455 1333
1467 3392 1562 3456 13638

961 3479 1060 3544 13734
1092 3479 1177 3544 138,6.
1189 3479 1222 3533 35
1250 3480 1347 3543 14039
1374 3480 1472 3545 15035
1503 3480 1561 3544 153,

959 3567 1023 3620 339
1045 3567 1137 3631 15636
1160 3567 1444 3633 1593319313631
1467 3567 1559 3633 16531

959 3655 1072 3708 κατὰτὸ
1091 3655 1173 3727 τρίτον
1191 3655 1300 3708 λείπεται
1319 3656 1367 3729 ἀρα
1388 3655 1481 3718 10333
1512 3655 1562 3708 οὐκ

959 3744 1007 3815 ἄρα
1034 3746 1155 3815 τμητικαί
1178 3743 1293 3816 διαφοραί
1309 3738 1349 3797 ’τό
1372 3742 1438 3813 θῆλυ
1466 3745 1509 3796 καί
1533 3745 1562 3795 τὸ

959 3832 1045 3904 ἄρρεν·
1064 3831 1118 3884 οὐδ’
1135 3833 1183 3904 ἀρα
1203 3832 1293 3896 16931
1314 3833 1347 3885 ci.
1360 3832 1420 3896 883
1434 3831 1510 3895 9936
1540 3831 1563 3884 εί

959 3919 975 3989 ἡ
994 3919 1115 3989 λευκότης
1134 3926 1208 3988 σῶμα
1226 3919 1348 3989 φυσικόν,
1373 3925 1422 3971 πᾶν
1441 3917 1467 3970 δέ
1486 3924 1561 3986 σῶμα

959 4006 1064 4076 φυσικόν
1092 4007 1184 4070 ἁπτόν,
1215 4007 1231 4077 ἡ
1262 4006 1384 4077 λευκότης
1413 4006 1462 4077 ἄρα
1492 4005 1560 4074 ἁπτη

201 4093 325 4165 ἀπορέω
345 4094 386 4157 6,6
406 4093 483 4158 3036
502 4094 579 4157 5634
606 4094 637 4145 τά
656 4091 800 4165 ἀπορεῖσθαι
813 4093 853 4146 θυ-
961 4094 1057 4159 13336
1077 4095 1209 4157 ο1.86,19
1232 4093 1328 4158 15433
1350 4092 1449 4158 16330
1484 4093 1506 4146 εί
1525 4094 1560 4162 μὴ

253 4181 347 4249 νάμενα
359 4180 437 4245 3033
463 4183 532 4249 μένοι
543 4179 573 4232 ἀν
583 4179 612 4233 τό
621 4182 780 4252 ἠπορημένον
793 4182 853 4246 56,4
958 4182 1006 4252 ἄρα
1028 4182 1121 4246 13638

201 4267 313 4338 ἀπορία
332 4266 445 4337 όργάνων
464 4268 589 4334 373335
626 4268 749 4338 ὀνόματος
766 4269 854 4341 κυρίου
905 4267 1014 4338 ἀραιός
1032 4268 1110 4333 9839
1132 4270 1224 4333 13633

253 4354 329 4419 7331
368 4354 473 4426 ἀπορίας
490 4355 613 4426 ἐπιφέρειν
631 4356 679 4407 τινί
700 4355 775 4418 1133
906 4355 996 4426 ἀργία
1014 4356 1093 4419 7436
1114 4357 1204 4417 18031

201 4443 318 4511 ἀπορος
336 4440 387 4493 έστλ
405 4442 421 4512 ἡ
440 4441 574 4501 ἀνάκλασις
591 4446 636 4494 τοῦ
654 4444 725 4515 ἀέρος
747 4443 839 4507 13434
906 4442 999 4513 ἀργός
1020 4443 1094 4507 1153

201 4530 338 4601 ἀπορροή
354 4530 431 4600 ἡάπὸ
444 4529 549 4583 εέδώλου
570 4530 660 4593 13539
688 4531 765 4600 πυρός
781 4529 854 4594 1383
906 4530 1038 4601 ἄργυρος
1058 4531 1149 4594 10135

201 4618 351 4690 ἀπόρροια
374 4616 452 4686 πυρός
479 4617 577 4682 13835
619 4617 667 4688 οόχ
693 4616 792 4690 ὁρῶμεν
815 4615 854 4669 διά
906 4619 1028 4686 ἀρέσκω
1050 4618 1143 4680 13934
1165 4618 1257 4683 15433

86 4701 93 4713 ’
254 4703 345 4776 της(ἢ
365 4705 477 4758 ἀπὸτοῦ
496 4704 640 4776 όρῶντοςη
659 4704 708 4757 ἀπὸ
727 4704 854 4776 τοῦόρω-
906 4705 999 4775 ἀρετή
1028 4706 1137 4776 ἀκρότης
1163 4710 1209 4776 τῆς
1236 4704 1334 4776 φθσεως
1364 4707 1464 4770 15533
1500 4708 1559 4759 dist.

253 4794 340 4862 μένου)
358 4793 493 4865 ἀπορροίας
513 4791 720 4857 13630-1383

201 4881 410 4951 ἀποσβίννυμι
430 4879 523 4946 13836

959 4793 1099 4860 εὐδαιμονία
1130 4794 1186 4857 159,
1196 4794 1230 4847 33
1270 4793 1317 4845 οὒκ
1345 4793 1474 4865 αὐτάρκης
1500 4794 1561 4864 πρὸς

958 4879 1114 4948 είιδαιμονίαν
1143 4881 1390 4946 15936-16830
1431 4881 1461 4934 οὺ
1486 4888 1558 4950 σῶμα
