3540 5610
216 336 278 398 114
701 328 855 386 ΑΠΟΡΙΩΝ
877 328 937 385 λἈΙ
957 328 1088 384 Arimi<

265 510 327 569 τοῦ
350 508 505 590 θερμοῦ,
534 508 575 573 ὡς
597 503 702 585 γίνεται
725 503 781 567 ὑπὸ
804 507 855 566 τοῦ
878 505 1041 587 πεπηγότος
1063 505 1157 586 πηλοῦ
1181 501 1228 565 διά
1250 498 1432 586 ψυχρότητα,
1456 498 1566 561 όσαευ

266 609 303 671 δὲ
325 609 383 671 διὰ
405 608 504 691 ψῦξιν
525 608 577 689 μὲν
593 605 732 689 πέπηγεν,
755 604 811 689 οὑχ
827 605 920 675 οὑτως
935 605 977 681 δέ,
1000 609 1041 673 ὡς
1056 607 1087 668 τὺ
1104 605 1213 689 θερμὺν
1227 603 1324 667 αὑτῶν
1340 601 1525 687 κεχωρίσθαι

266 712 368 793 μόνον,
396 710 456 775 ἀλλ’
485 714 526 779 ιὺς
549 711 600 772 σῦν
623 709 717 791 τούτῳ
740 709 787 771 καλ
812 710 843 771 τὸ
867 708 952 792 ὑγρὸν
979 708 1163 791 ἐξητμίσθαι,
1191 704 1269 770 ταῦτ’
1298 705 1332 770 οῦ
1355 707 1471 780 λύεται,
1497 704 1524 767 εἰ

265 814 306 895 μὴ
323 812 544 896 ὑπερβαλλούση
560 810 728 895 θερμότητι,
752 811 839 872 ἀλλά
856 812 1067 893 μαλάττεται
1083 812 1131 873 καὶ
1146 809 1294 873 ἐλαύνεται
1311 813 1356 879 ὡς
1376 810 1526 893 σίδηρος
1539 825 1567 868 25

230 917 320 983 ὁκαὶ
343 916 456 999 κέρας.
495 916 569 978 ἀλλά
592 918 683 977 ταῦτα
699 913 750 994 μὲν
767 915 814 976 κοιλ
830 914 971 997 τήκεσθαι
993 914 1080 995 λέγει,
1103 915 1147 976 διὸ
1170 914 1219 976 καλ
1241 911 1435 995 προσέθηκεν,
1458 908 1523 973 τίνα

265 1019 313 1080 καὶ
329 1017 403 1080 ἀλλα
422 1017 424 1102 ψ
443 1018 571 1100 τήκεται.
600 1015 714 1100 ,(όσα)
737 1017 788 1098 μὲν
812 1015 876 1078 ὑπὸ
900 1016 1032 1099 θερμοῦ
1056 1014 1159 1099 ξηροῦ
1175 1015 1351 1098 πηγνύμενα,
1375 1013 1506 1076 τουτέστι
1530 1020 1576 1076 221

261 1120 362 1204 πυρός,
386 1121 424 1184 τὰ
448 1121 508 1202 μὲν
531 1118 640 1182 ἄλυτα
664 1119 756 1203 μένει.
779 1119 819 1181 τὰ
842 1117 868 1182 δ’
889 1119 968 1203 ὑγριῷ
984 1119 1117 1182 λύεται·
1141 1118 1267 1201 κέραμος
1282 1117 1334 1197 μὲν
1350 1115 1456 1178 ἀλυτον
1472 1117 1522 1178 καλ

264 1222 339 1285 λίθοι
364 1214 445 1300 τινές,
468 1225 509 1286 ὧν
532 1224 551 1305 ἡ
574 1222 684 1304 γένεσις
708 1222 772 1284 ὑπὸ
795 1223 901 1305 πυρὸς
923 1227 985 1306 γῆς
1007 1221 1268 1304 συγκαυθείσης
1290 1221 1338 1282 καὶ
1361 1218 1523 1302 ἐντιθείσης
1549 1236 1563 1277 ε

264 1323 423 1407 [γίνονται],
446 1327 558 1409 νίτρον
582 1325 619 1387 δὲ
642 1326 698 1388 καλ
721 1325 802 1393 ἀλες
824 1324 908 1386 λυτά
931 1325 1040 1408 ὑγρῷ,
1063 1325 1104 1391 ὥς
1119 1344 1201 1407 φησι,
1224 1327 1342 1408 ψυχρῷ,
1366 1321 1460 1404 λέγων
1476 1327 1520 1405 τῷ

214 1447 244 1493 10
264 1425 294 1487 ἐν
317 1432 354 1510 τῇ
379 1429 471 1511 οἰκείᾳ
494 1429 578 1512 μύσει
602 1451 633 1489 τε
656 1428 702 1491 καὶ
726 1428 810 1510 οῦσίηι
833 1425 930 1511 ἔχοντι
953 1428 985 1489 τὸ
1012 1429 1134 1511 ψυχρόν,
1163 1424 1263 1489 ὑποῖόν
1286 1426 1347 1489 ἐστι
1370 1426 1403 1489 τὺ
1423 1425 1520 1508 ’ὕδωρ

261 1529 356 1592 οὐκέτι
379 1532 411 1593 τὺ
427 1529 524 1593 ἔλαιον
541 1530 570 1593 ἐν
586 1536 623 1613 τῇ
641 1531 730 1592 αὑτοῦ
753 1529 839 1612 φύσει
862 1530 910 1592 καὶ
933 1529 1017 1612 οὐσία
1039 1531 1072 1591 τὸ
1088 1530 1200 1614 ψυχρὺν
1223 1527 1296 1613 ἔχει.
1340 1529 1385 1591 διὸ
1401 1526 1466 1590 οὐδ’
1488 1529 1518 1590 ἐν

262 1636 321 1700 τοῖς
340 1637 390 1695 τοῦ
414 1633 516 1701 ὑόατος
539 1632 644 1695 εἴδεσιν
668 1630 771 1717 ἔλαβεν
798 1631 879 1707 αὑτό,
903 1632 955 1695 οὑκ
981 1629 1044 1716 ἔχει
1067 1632 1099 1694 δὲ
1122 1633 1154 1693 τὺ
1178 1631 1289 1715 ψυχρὸν
1312 1630 1343 1691 ἐν
1366 1636 1402 1711 τῇ
1426 1631 1517 1693 αὑτοῦ
1533 1646 1561 1686 ιυ

263 1734 358 1817 φύσει,
381 1734 424 1797 ὅτι
450 1733 514 1819 ἔχει
537 1736 610 1798 πολὺ
634 1734 729 1819 ἀέρος.

342 1832 414 1901 Ὅσα
430 1839 484 1922 γάρ
500 1844 559 1901 τῶν
583 1838 767 1920 μεμιγμένων
791 1839 914 1906 ύῦατος
937 1837 1042 1900 πλέον
1066 1839 1084 1919 ἦ
1108 1842 1169 1919 γῆς
1191 1835 1281 1920 ἔχει,
1304 1835 1518 1919 (παχύνεται

212 1959 242 2007 15
263 1940 324 2021 μὲν
348 1940 412 2002 ύπὺ
435 1938 574 2023 πυρύς,>
597 1941 767 2023 πήγνυται
782 1941 833 2015 δέ,
856 1940 920 2004 όσα
942 1945 1003 2024 γῆς
1026 1940 1122 2018 πλέον,
1147 1938 1185 2002 δι’
1207 1940 1248 2001 ὧν
1264 1937 1379 2012 ἔδειξεν,
1402 1936 1446 2000 ὅτι
1466 1938 1514 2001 καὶ

260 2041 296 2104 τὸ
313 2042 425 2124 νίτρον
449 2044 505 2104 καὶ
521 2044 552 2103 οἱ
576 2043 657 2111 ἀλες
671 2049 734 2125 γῆς
760 2043 829 2106 εἰσι
852 2046 983 2124 μᾶλλον
998 2042 1110 2126 (πηκτά
1126 2044 1180 2126 γάρ
1196 2043 1256 2105 ἐστι
1272 2046 1313 2126 τῷ
1330 2043 1447 2125 θερμῷ,
1470 2041 1512 2102 ὧν
1528 2056 1557 2098 ισ

204 2155 210 2164 “
260 2144 309 2205 καὶ
331 2144 413 2211 λίθος
429 2145 476 2205 καὶ
492 2143 642 2226 κέραμος).
680 2144 747 2228 ἑξῆς
769 2147 833 2229 περὶ
858 2146 954 2208 ἐλαίου
970 2146 1117 2228 ηπόρησεν
1132 2143 1214 2226 (οὔτε
1230 2145 1283 2227 γάρ
1300 2143 1439 2225 πήγνυται
1459 2145 1516 2206 ὑπὸ

260 2250 385 2330 ψυχροῦ,
402 2245 418 2307 ὑ
434 2243 547 2329 ἔπασχε
563 2246 598 2308 τά
614 2246 643 2314 ἐξ
660 2248 761 2316 ύῦατος
778 2245 856 2322 ὄντα,
873 2246 938 2310 οὔθ’
953 2248 1009 2309 ὑπὸ
1027 2248 1137 2330 θερμοῦ
1153 2249 1303 2330 πήγνυται,
1321 2245 1337 2309 ὃ
1353 2248 1462 2330 πάσχει
1479 2245 1515 2307 τά

259 2349 292 2410 τὺ
308 2351 406 2411 πλεῖον
422 2346 528 2432 ἔχοντα
551 2353 613 2431 γῆς,
636 2350 668 2411 τὸ
692 2351 724 2412 δὲ
747 2352 886 2433 πήγνυται
910 2350 960 2432 μὲν
977 2347 1024 2411 ὑπ’
1047 2349 1210 2433 οὑῦετέρου,
1233 2349 1393 2433 παχύνεται
1409 2350 1442 2411 δὲ
1458 2347 1507 2410 ὑπ’
1527 2364 1561 2405 ευ

207 2471 240 2515 20
260 2451 393 2534 ἀμφοῖν),
419 2451 510 2513 αἰτίαν
531 2450 666 2513 ἀπέδωκε
686 2453 718 2513 τὸ
739 2451 810 2514 εἶναι
838 2455 968 2535 πλῆρες
992 2450 1107 2535 ἀέρος,
1135 2451 1168 2514 ού
1185 2455 1305 2534 σημεῖον
1321 2450 1467 2534 παρέθετο
1484 2451 1516 2513 τό

260 2552 434 2636 ἐποχεῖσθαι
458 2558 500 2637 τῷ
525 2554 621 2630 ὑδατι,
651 2553 667 2615 ὃ
690 2559 767 2616 ποιεῖ
789 2555 804 2616 ὑ
828 2555 886 2637 ἀὴρ
910 2555 958 2616 καὶ
981 2553 1035 2617 όσα
1059 2553 1123 2638 ἔχει
1146 2553 1235 2616 πολὺν
1258 2553 1332 2638 ἀέρα
1353 2553 1383 2615 ἐν
1406 2553 1515 2627 αὑτοῖς,

260 2657 300 2722 ὡς
322 2654 357 2716 τά
381 2653 458 2723 ξύλα.
496 2653 538 2738 ἐφ’
560 2655 603 2723 οἷς
626 2661 689 2723 πῶς
712 2657 764 2738 μὲν
787 2656 843 2718 ὑπὸ
867 2660 918 2717 τοῦ
938 2659 1054 2739 ψυχροῦ
1077 2656 1235 2740 παχύνεται
1258 2658 1290 2718 τὸ
1313 2653 1409 2719 ἔλαιον
1425 2655 1516 2731 εἶπεν,
1532 2672 1561 2713 εσ

257 2760 320 2823 πῶς
349 2757 381 2818 ὑὲ
403 2757 459 2818 ὑπὸ
490 2761 541 2819 τοῦ
564 2758 685 2842 θερμοῦ.
732 2760 764 2820 τὸ
792 2759 844 2838 μὲν
870 2757 925 2841 γὰρ
955 2757 1103 2841 ψυψχρὺν
1134 2758 1286 2841 παχύνει
1316 2755 1386 2820 αὐτὸ
1414 2781 1499 2840 μετα·
1522 2767 1574 2822 222

259 2857 365 2941 βάλλον
388 2860 437 2921 τὸν
460 2859 489 2922 ἐν
510 2858 590 2943 αὑτῷ
616 2860 689 2943 ἀέρα
711 2861 753 2928 εἰς
775 2861 852 2942 ὑδυνρ
875 2865 914 2942 τῷ
931 2859 1013 2942 ψύξει
1034 2860 1068 2943 (ί,
1091 2859 1146 2943 γὰρ
1169 2863 1220 2922 τοῦ
1243 2859 1346 2928 ὑδατος
1368 2861 1449 2944 ψῦξις
1472 2865 1516 2946 τῷ

203 2977 236 3027 25
257 2959 346 3044 ἐλαίῳ
363 2960 526 3045 παχύτερον
543 2963 615 3025 αὐτὸ
631 2963 732 3044 ποιεῖ),
754 2963 819 3024 ὑπὸ
836 2963 873 3026 δὲ
888 2963 996 3045 πυρὸς
1015 2963 1073 3024 καὶ
1088 2961 1221 3046 χρόνου
1239 2962 1436 3046 παχύνεται
1459 2965 1516 3027 καλ

257 3062 495 3139 λευκαίνεται,
519 3063 764 3147 (λευκαίνεται)
788 3065 849 3147 μὲν
872 3062 1121 3147 ἐξατμίζοντος
1143 3066 1175 3127 τὸ
1199 3063 1427 3148 ὑπολειπόμενον
1451 3067 1518 3129 ὑῦα-
1545 3084 1560 3126 ε

256 3167 347 3232 τῶδες
362 3165 391 3226 ἐν
408 3165 500 3249 αὐτῷ,
516 3166 714 3251 παχύνεται
730 3166 762 3228 δὲ
777 3167 825 3228 διὰ
840 3167 872 3228 τὸ
890 3168 1077 3250 μεταβάλλειν
1094 3168 1142 3230 τὸν
1158 3166 1231 3250 ἀέρα
1247 3168 1295 3231 τὺν
1312 3169 1341 3231 ἐν
1357 3168 1455 3252 ἑαυτῷ
1472 3171 1514 3238 εἰς

258 3267 335 3349 ύῦιορ
353 3268 408 3329 ὑπὸ
425 3273 475 3330 τοῦ
492 3270 602 3352 θερμοῦ
619 3269 838 3352 μαραινόμενον.
862 3270 1030 3352 μαραίνεται
1046 3269 1100 3352 γάρ
1117 3269 1173 3331 ὑπὸ
1186 3273 1236 3331 τοῦ
1253 3271 1385 3339 πλείονος
1401 3273 1513 3356 θερμοῦ

256 3370 289 3432 τὸ
306 3366 432 3432 ἔλαττον.
466 3369 532 3453 μεθ’
553 3371 572 3433 ἀ
592 3371 720 3434 καθόλου
740 3369 842 3452 ἔλαβεν
864 3375 905 3439 ὡς
920 3372 1099 3454 δεῦειγμένον
1115 3372 1147 3434 τὸ
1164 3371 1230 3435 ὅσα
1245 3374 1308 3456 μὲν
1324 3379 1382 3436 τῶν
1400 3380 1511 3456 μικτῶν
1527 3392 1555 3432 ιο

203 3491 238 3540 ³0
257 3473 302 3554 μὴ
327 3472 521 3556 παχύνεται
544 3474 608 3535 ὑπὸ
632 3478 786 3557 ψυχροῦ,
810 3473 897 3536 ἀλλὰ
918 3476 1102 3558 πήγνυται,
1127 3478 1257 3558 μᾶλλον
1272 3479 1363 3539 ταῦτα
1387 3477 1515 3546 ὑδατός

258 3575 344 3648 εἶναι,
375 3574 508 3656 (τοιαῦτα
537 3574 630 3644 οἶνος
660 3574 737 3644 όξος
761 3577 859 3638 κονία
887 3574 988 3660 οῦρον
1015 3575 1145 3659 ὀρρός),
1173 3575 1238 3639 όσα
1258 3579 1294 3640 δὲ
1319 3579 1516 3664 παχύνεται

257 3679 322 3740 ὑπὸ
345 3682 404 3740 τοῦ
420 3679 527 3761 πυρὸς
549 3678 589 3761 μὴ
606 3678 830 3760 ἑξατμιζομένου
846 3681 896 3740 τοῦ
913 3678 942 3740 ἐν
958 3677 1055 3744 αὑτοῖς
1071 3679 1168 3761 ὑγροῦ,
1192 3678 1232 3740 τὰ
1253 3680 1313 3761 μὲν
1333 3686 1396 3764 γῆς
1415 3683 1457 3745 τά
1478 3683 1516 3746 δὲ
1533 3701 1559 3743 ιε

257 3780 355 3842 κοινὰ
371 3779 495 3848 ύδατος
510 3782 567 3843 καὶ
584 3780 698 3864 ἀέρος,
716 3780 794 3861 μέλι
810 3781 870 3863 μὲν
885 3784 962 3862 γῆς,
978 3779 1060 3842 κοινὰ
1076 3781 1109 3841 δὲ
1124 3777 1219 3842 ἔλαιον
1232 3781 1311 3864 [μέλι
1325 3785 1400 3865 γάλα
1414 3784 1514 3869 αἷμα].

256 3881 331 3963 λέγει
347 3883 379 3943 δὲ
395 3881 493 3944 κοινά
509 3882 581 3945 εἶναι
597 3882 723 3950 ὑδατός
739 3904 769 3944 τε
786 3884 841 3945 καὶ
857 3887 933 3964 γῆς,
958 3883 1056 3965 ὥσπερ
1072 3881 1107 3966 ἦν
1127 3883 1160 3945 τὸ
1178 3882 1254 3963 μέλι,
1276 3886 1352 3949 οὑτω
1367 3887 1400 3949 δὲ
1415 3889 1464 3951 καλ
1480 3890 1515 3950 τὸ

204 4003 237 4050 35
256 3984 341 4064 γάλα,
363 3986 396 4047 τὸ
412 3984 494 4066 αἷμα.
529 3988 579 4047 τοῦ
595 3986 628 4047 δὲ
644 3987 676 4047 τὸ
692 3987 767 4067 γάλα
782 3984 812 4054 ἐξ
827 3986 934 4068 ἀμφοῖν
952 3984 983 4047 όν
1000 3990 1099 4048 πλεῖον
1114 3991 1168 4069 γῆς
1184 3985 1263 4071 ἔχειν
1279 3989 1423 4071 παρέθετο
1442 3991 1516 4054 δεικ·
1530 4009 1559 4050 ευ

207 4221 299 4289 limi]
319 4222 427 4273 fortasse
446 4222 494 4274 ἐπὶ
566 4222 811 4293 όάλλατήκεταιν
884 4222 929 4277 όσα
948 4226 1006 4278 add.
1027 4227 1094 4278 Vici.
1115 4243 1145 4278 ex
1167 4225 1244 4278 Arist.
1258 4226 1349 4279 383b9
1421 4228 1570 4299 Ἰκέρσμος

205 4311 272 4378 Vici.
293 4308 324 4360 ci.
345 4310 425 4360 Arist.
444 4309 567 4361 383bll:
588 4311 661 4380 κέρας
680 4312 739 4364 libri
820 4313 900 4382 θεῆς
919 4317 964 4383 γῆς
983 4316 1062 4366 Arist.
1143 4313 1286 4382 θγίνονται
1304 4315 1385 4368 delevi
1463 4317 1490 4370 δὲ
1510 4322 1569 4387 Sp.:

203 4413 230 4447 τε
249 4397 309 4448 libri
381 4394 771 4450 iuaeivict.cf.1.c.383b13:
791 4399 927 4453 αὑτολλίθιί
1001 4402 1034 4453 λθ
1052 4401 1123 4466 οὐσία
1136 4403 1215 4454 vici:
1236 4403 1316 4471 οἰκείᾳ
1329 4403 1388 4456 libri
1464 4406 1494 4457 ll
1516 4403 1568 4459 οὐδ’

202 4482 241 4551 ἐν]
262 4481 333 4534 οὑῦὲν
348 4501 363 4534 ιι
376 4485 420 4550 Sp.
496 4484 535 4535 14.
553 4485 583 4537 15
603 4485 741 4559 παχύνεται
760 4492 806 4553 μὲν
825 4486 873 4539 ὑπὸ
885 4486 971 4557 ’πυρὸς
989 4489 1077 4541 addidi
1098 4506 1129 4540 ex
1145 4489 1224 4541 Arist.
1237 4489 1358 4542 383b18:
1378 4489 1518 4563 παχύνεται
1530 4501 1568 4546 τῶ

203 4569 290 4639 θερμῷ
304 4569 361 4622 add.
375 4571 441 4622 Vict.
518 4571 547 4622 15
567 4572 668 4640 ἔδειξεν]
687 4575 911 4638 114‚14-115‚·22
923 4599 956 4619 =
969 4575 1047 4628 Arist.
1061 4578 1163 4628 Meteor.
1178 4576 1221 4640 IV,
1234 4576 1259 4627 7.
1278 4576 1533 4634 383¹›18-384b23

205 4657 235 4708 Π
256 4657 354 4726 ἐξήτε
426 4658 534 4711 fortasse
553 4659 682 4729 ἀπορήσας
756 4663 786 4713 19
805 4662 834 4714 τὸ
849 4665 907 4730 (pr.)
921 4667 979 4730 Sp.:
999 4682 1025 4714 τε
1039 4665 1098 4716 libri
1171 4663 1205 4716 20
1223 4661 1345 4717 οὔαίτίαν
1359 4666 1426 4718 vict.
1500 4667 1567 4720 2λό

203 4746 261 4810 Sp.:
276 4743 304 4795 ὃν
317 4744 377 4797 iibri
449 4745 482 4796 :²2
496 4746 564 4799 εἶπεν
576 4748 717 4800 Schwartz:
731 4750 766 4805 τίς
779 4749 807 4801 τὸ
821 4751 847 4802 ἓν
860 4751 896 4814 (ἐν
907 4754 941 4812 V)
954 4751 1013 4802 libri
1086 4750 1118 4801 26
1132 4750 1286 4803 λευκαίνετσι
1299 4752 1357 4804 add.
1368 4755 1413 4820 Sp.
1424 4771 1457 4807 ex
1469 4756 1549 4808 Arist.

202 4830 238 4882 30
256 4829 351 4898 μᾶλλον
369 4835 414 4899 Sp.
433 4848 466 4885 ox
486 4836 580 4888 Arist.:
601 4833 669 4902 μάλα
688 4836 747 4888 libri
824 4837 856 4889 31
877 4836 950 4906 ὀρρός
968 4842 1025 4905 Sp.:
1045 4837 1117 4908 όρρος
1136 4839 1217 4891 vict.:
1237 4837 1294 4911 όρός
1314 4842 1374 4892 VB:
1397 4838 1456 4911 όρος
1474 4844 1533 4895 FSa

202 4916 237 4969 33
256 4918 312 4986 μέλι
330 4917 395 4989 γάλα
413 4918 474 4987 αἷμα
493 4922 542 4975 del.
561 4925 605 4990 Sp.
679 4923 712 4975 34
731 4920 798 4975 οὕτω
822 4927 878 4992 sp.:
899 4924 981 4995 τοὺτιμ
1001 4926 1058 4978 libri
1132 4925 1165 4978 35
1184 4927 1227 4977 καλ
1245 4926 1274 4978 τὸ
1293 4925 1354 4994 αἷμα
1373 4927 1442 4981 vict.
