3548 5604
700 284 840 343 ΒΙΒΛΙΟΝ
859 286 987 343 TPITON
1010 290 1110 343 10-12
1521 294 1579 358 101

282 461 328 546 εἴη
351 462 425 526 κατὰ
447 461 531 546 φύσιν
553 467 612 531 τοῖς
634 463 780 546 πράγμασι
807 464 839 525 τό
869 461 918 546 ὑφ’
945 463 1030 545 ἡμῶν
1053 463 1150 533 αὐτοῖς
1173 463 1207 527 τά
1231 463 1358 548 δνόματα
1380 465 1524 537 τίθεσθαι,

282 563 343 627 οὐδ’
365 562 399 627 ἀν
422 566 491 647 ἡμῖν
514 563 559 647 ε’ίη
582 565 656 627 κατὰ
677 566 761 649 φόσιν
784 566 817 627 rb
841 565 972 629 τίθεσθαι
994 566 1029 628 τά
1053 566 1180 647 ὀνόματα
1202 567 1312 635 αὐτοῖς·
1336 568 1369 630 οὐ
1392 568 1445 650 γὰρ
1462 566 1526 629 ταδ-

281 667 329 731 τόν
352 668 412 732 ἐστι
437 667 543 731 θέσθαι
566 667 656 751 ὄνομα
678 669 725 731 καλ
741 669 830 730 εἰπεῖν
853 668 886 730 τὸ
909 669 1047 751 κείμενον.
1086 667 1145 732 ἔδει
1168 693 1198 732 τε
1216 671 1247 732 εἰ
1270 668 1361 732 ἔκειτο
1384 671 1469 753 φύσει
1491 667 1526 730 τὰ
1542 683 1566 725 ισ

284 772 422 856 ὀνόματα,
445 771 491 833 καὶ
515 770 580 840 τοὺς
595 771 731 852 λέγοντας
753 773 860 840 πάντας
881 771 972 853 λέγειν
996 772 1031 834 τά
1053 771 1136 834 αὐτά.
1172 771 1230 836 ἀλλ’
1252 773 1278 835 εί
1299 773 1384 858 φύσει
1406 773 1441 835 τόι
1465 771 1525 834 δνό-

246 894 260 941 5
282 896 372 956 ματα,
399 876 445 936 όεῖ
466 874 512 936 καῖ
535 873 570 936 τά
593 879 723 958 στοιχεῖα
745 872 782 936 δι’
811 875 851 936 ῶν
873 875 1008 937 τάσσεται
1029 874 1101 937 εἶναι
1123 875 1221 957 φύσει·
1253 875 1286 938 οὐ
1308 876 1363 959 γὰρ
1385 875 1459 958 ἄλλη
1483 874 1524 942 τίς

281 977 342 1040 ἐστι
365 981 416 1060 τῆς
439 977 577 1060 διαφορᾶς
599 982 656 1038 τῶν
679 977 752 1040 κατὰ
775 975 847 1061 ἔθνη
863 976 1056 1061 διαφερόντων
1079 978 1126 1040 ἐπὶ
1148 982 1206 1040 τῶν
1229 978 1323 1040 αὐτῶν
1347 981 1523 1061 πραγμάτων
1537 994 1564 1035 ου

282 1078 359 1163 παρὰ
382 1079 432 1162 τὴν
455 1084 512 1141 τῶν
529 1080 681 1164 στοιχείων
703 1102 734 1142 τε
755 1080 803 1142 καί
824 1079 975 1164 συλλαβῶν
999 1079 1083 1141 ποιάν
1099 1080 1241 1143 σύνθεσιν.
1276 1083 1369 1143 ἱκαναὶ
1394 1081 1425 1142 δὲ
1440 1084 1524 1143 τοῦτο

279 1186 419 1266 συστῆσαι
443 1183 543 1245 καλαί
566 1182 727 1266 όμωνυμίαι
749 1182 797 1244 καλ
819 1183 848 1244 αί
872 1181 1069 1262 πολυωνυμίαι
1092 1183 1138 1244 καλ
1163 1182 1376 1265 μετονομασίαι.

276 1412 345 1476 Xll.
384 1407 454 1478 Ὅτι
477 1413 521 1495 μὴ
544 1411 686 1496 ἄπειρον
710 1411 746 1474 τὸ
770 1409 815 1475 όν.

228 1605 257 1650 10
354 1582 386 1649 Ὁ
409 1584 493 1668 λόγος
514 1582 655 1647 δεικνύναι
672 1583 765 1646 θέλων
782 1580 899 1667 ἄπειρον
921 1584 954 1645 τὸ
978 1582 1008 1645 δν
1035 1582 1038 1667 l
1063 1583 1109 1645 διὰ
1125 1587 1175 1645 τοῦ
1191 1583 1238 1644 τόν
1254 1583 1430 1646 ὑποτεθέντα
1450 1581 1521 1646 εἶναι
1534 1599 1561 1641 ιε

277 1688 306 1750 ἐν
329 1694 371 1773 τῷ
393 1692 443 1751 τοῦ
467 1686 579 1768 κόσμου
609 1686 708 1770 πέρατι
731 1685 795 1769 ὴτοι
822 1685 944 1749 ἐκτενεῖν
972 1687 1105 1750 ἐπέκεινα
1127 1690 1177 1749 τοῦ
1199 1686 1310 1769 κόσμου
1332 1688 1384 1766 τὴν
1407 1692 1501 1771 χεῖρα,
1526 1695 1573 1752 llll

200 1785 213 1807 ⁸
276 1791 296 1874 ἢ
319 1789 386 1874 (δι’)
409 1790 491 1872 ὁτιδὴ
520 1788 763 1871 κωλυθήσεσθαι,
790 1789 961 1874 ἀμφοτέρως
985 1791 1017 1853 δὲ
1043 1787 1164 1853 ἔσεσθαί
1185 1813 1210 1851 τι
1233 1789 1315 1858 ἐκτός
1337 1793 1388 1851 τοῦ
1410 1789 1520 1873 κόσμου

277 1895 312 1978 (ὴ
334 1894 388 1977 γὰρ
410 1896 442 1957 τό
465 1897 578 1957 κωλῦον
601 1893 683 1961 ἐκτός
705 1892 791 1968 ἐστιν,
816 1893 834 1975 ὴ
858 1892 887 1956 ἐν
911 1891 935 1977 ql
960 1891 1040 1956 ἔσται
1063 1895 1095 1956 τὸ
1119 1892 1340 1975 ἐκτεινόμενον),
1363 1894 1414 1976 τὴν
1438 1896 1520 1957 πιθα·
1547 1912 1560 1954 ε

273 1996 378 2081 νότητα
401 1995 465 2080 ἔχει
487 1996 566 2080 παρὰ
592 2001 644 2080 τῆς
665 1996 820 2079 φαντασίας
847 2019 878 2058 τε
905 1997 952 2059 καλ
970 1986 1161 2080 αἰσθήσεως,
1192 1997 1290 2080 ὥσπερ
1317 1997 1363 2059 καὶ
1387 1997 1402 2059 ό
1425 1996 1517 2079 λέγων

223 2120 253 2168 15
272 2104 328 2162 πᾶν
351 2101 383 2162 τὸ
407 2099 623 2184 πεπερασμένον
646 2100 746 2183 πέρατι
768 2098 925 2183 περαίνειν·
958 2098 1130 2184 ἀμφοτέρων
1152 2099 1206 2184 γὰρ
1231 2101 1250 2182 ὴ
1274 2099 1432 2184 πιθανότης
1459 2101 1518 2163 ἀπὸ

272 2209 323 2287 τῆς
346 2204 523 2287 αἰσθήσεως.
566 2208 610 2289 τῷ
633 2201 687 2287 γὰρ
709 2205 787 2286 ὴμᾶς
809 2202 856 2265 διὰ
878 2204 910 2265 τὸ
933 2205 1131 2286 άφαντάστους
1153 2202 1225 2267 εἶναι
1248 2207 1298 2266 τοῦ
1323 2203 1518 2286 ἀντικειμένου
1533 2221 1560 2263 ιο

272 2312 330 2376 τοῖς
356 2306 554 2390 ἐρωτωμένοις
581 2307 670 2390 μηδὲν
693 2306 790 2374 αὐτοῖς
817 2305 847 2375 ἐξ
873 2306 1039 2390 αἰσθήσεως
1068 2304 1147 2393 ἔχειν
1175 2307 1381 2391 παρασχέσθαι
1408 2308 1518 2376 τοότοις

270 2409 606 2495 ἀντιμαρτυροόμενονὴ
634 2414 677 2494 τῷ
703 2408 781 2493 λόγῳ
805 2408 972 2494 πιθανότης.
1017 2407 1084 2473 οότε
1106 2412 1159 2493 γάρ
1182 2433 1234 2473 τινι
1258 2412 1516 2494 περιπεπτῶκαμεν

270 2514 390 2598 τοιούτῳ
413 2514 635 2599 πεπερασμένῳ,
658 2512 692 2576 οὖ
716 2512 807 2597 μηδέν
831 2513 906 2576 ἐστιν
923 2512 1054 2576 ἐπέκεινα
1072 2513 1204 2595 (τοιαῦτα
1227 2513 1280 2597 γὰρ
1304 2514 1454 2576 πάντατὰ
1477 2518 1517 2583 ῶς
1532 2531 1558 2572 ιο

217 2636 250 2682 20
269 2616 342 2701 μέρη
366 2618 580 2702 πεπερασμένα,
604 2619 645 2680 ῶν
668 2618 755 2699 ἐσμεν
778 2615 982 2698 αἰσθανόμενοι
1006 2616 1133 2700 μόνων),
1160 2614 1226 2680 οὔτε
1249 2619 1422 2702 προσπίπτει
1444 2619 1513 2701 ἡμῖν

269 2725 406 2794 τοιοῦτον,
434 2719 468 2784 οὔ
492 2721 567 2804 μηδὲ
591 2720 673 2788 ἐκτός
700 2719 771 2782 εἶναι
800 2721 968 2803 δυνήσεται·
1002 2720 1135 2783 ἁπάντων
1162 2721 1216 2805 γὰρ
1243 2722 1283 2783 ῶν
1311 2718 1514 2802 αἰσθανόμεθα

269 2822 351 2892 ἐκτός
365 2847 391 2886 τι
407 2822 448 2887 όν.
483 2824 526 2886 διὸ
549 2824 593 2885 δεῖ
607 2823 674 2890 τοὺς
689 2822 890 2904 ἐνισταμένους
904 2826 964 2891 τοῖς
979 2823 1115 2892 τοιοότοις
1130 2829 1187 2886 τῶν
1203 2823 1296 2906 λόγων
1313 2822 1360 2907 [ὴ]
1379 2825 1419 2906 μὴ
1436 2823 1516 2907 παρὰ

267 2933 324 2989 τῶν
347 2928 513 3012 αἰσθήσεων
536 2926 691 3010 πειρᾶσθαι
714 2926 766 3009 τὴν
790 2926 945 3010 μαρτυρίαν
968 2926 1081 3010 φέρειν,
1104 2928 1145 2989 ῶν
1168 2925 1251 2995 ἐκτός
1272 2927 1332 2989 ἐστι
1354 2926 1390 2988 τά
1413 2928 1511 3010 ζητού·
1527 2942 1555 2984 ευ

268 3053 348 3111 μενα,
372 3028 431 3092 ἀλλ’
452 3030 510 3091 ἀπό
533 3034 585 3112 τῆς
600 3029 698 3099 οὐσίας
720 3036 778 3093 τῶν
799 3031 976 3114 πραγμάτων
999 3031 1153 3113 πειρᾶσθαι
1176 3029 1274 3114 φέρειν
1289 3030 1340 3099 τάς
1356 3030 1511 3106 ἐνστάσεις,

215 3151 246 3199 25
266 3133 479 3217 προσλαβόντας
501 3132 531 3194 ἐν
547 3133 645 3200 αὑτοῖς
659 3133 776 3217 ἐναργὲς
799 3131 830 3195 δν
848 3134 881 3196 τό
906 3132 909 3216 l
934 3134 975 3215 μὴ
991 3132 1131 3196 δύνασθαι
1154 3134 1246 3195 πάντα
1268 3133 1303 3194 τὰ
1318 3132 1391 3195 αὐτὰ
1407 3133 1494 3217 όπάρ·
1517 3139 1564 3198 195

266 3257 327 3320 χειν
351 3239 393 3319 τῷ
418 3259 447 3297 τε
471 3237 564 3320 μορίῳ
587 3236 634 3298 καὶ
659 3240 701 3319 τῷ
723 3235 794 3319 όλιμ,
817 3238 864 3299 καί
888 3239 932 3321 τῷ
947 3236 1031 3298 παντί
1054 3236 1101 3298 καλ
1125 3235 1239 3318 ἑκάστιρ
1263 3240 1320 3297 τῶν
1343 3240 1440 3319 μερῶν
1463 3235 1512 3298 αὐ-

265 3343 324 3402 τοῦ.
370 3341 413 3402 διδ
437 3339 512 3423 μηδὲ
534 3341 593 3401 δεῖν
622 3341 717 3421 ζητεῖν
744 3338 795 3406 τὰς
821 3339 879 3401 ἀπὸ
908 3343 965 3401 τῶν
987 3338 1156 3422 αἰσθήσεων
1184 3338 1339 3421 μαρτυρίας
1365 3339 1430 3420 περὶ
1452 3343 1510 3401 τῶν

265 3446 377 3526 μερῶν,
406 3442 448 3510 οἷς
469 3442 524 3505 εἰσι
546 3442 714 3525 σόντροφοι,
743 3440 911 3524 μεταφέρειν
934 3441 982 3503 ἐπὶ
1004 3442 1036 3503 τό
1060 3445 1130 3515 πᾶν,
1154 3440 1170 3502 ὃ
1193 3442 1288 3523 πάσης
1311 3439 1343 3502 δν
1366 3441 1449 3508 ἐκτός
1470 3441 1512 3504 al·
1537 3459 1551 3498 ο

265 3545 401 3629 σθήσεως
432 3545 503 3629 πρὸς
534 3548 577 3629 τῷ
609 3545 665 3606 ὑπὸ
698 3545 841 3627 μηδεμιᾶς
871 3544 1027 3627 φαντασίας
1058 3544 1230 3626 αῖσθητικῆς
1256 3542 1430 3627 βοηθεῖσθαι
1462 3545 1510 3606 καὶ

211 3666 244 3714 30
265 3651 383 3717 πολλαῖς
405 3647 501 3712 αὐτῶν
525 3648 708 3710 ἐναντιοῦται.
753 3645 820 3709 οὐδὲ
842 3646 896 3730 γάρ
919 3644 953 3709 ἀν
976 3644 1105 3730 διέφερέν
1132 3668 1159 3709 τι
1180 3646 1213 3708 τδ
1236 3649 1291 3708 πᾶν
1318 3650 1368 3708 τοῦ
1392 3644 1507 3729 μέρους,

262 3751 288 3812 εἰ
313 3749 349 3832 ὴν
377 3750 494 3831 όμοίως,
519 3751 617 3834 ὥσπερ
640 3750 763 3812 ἑκάστου
786 3747 882 3811 αὐτῶν
905 3746 986 3816 ἐκτός
1007 3771 1048 3823 τι,
1081 3748 1156 3811 οότω
1180 3749 1216 3832 δὴ
1239 3749 1380 3812 κάκείνου.
1404 3775 1423 3814 ιι
1446 3774 1466 3813 ιι
1488 3766 1549 3808 κιο

264 3854 340 3917 ὥστε
363 3852 436 3916 κατὰ
459 3852 511 3935 μὲν
534 3854 582 3915 τόν
606 3850 689 3933 λόγον
706 3850 780 3914 εἶναι’
800 3873 826 3913 τι
848 3851 895 3914 καλ
919 3855 974 3913 πᾶν
998 3849 1031 3914 οὔ
1054 3853 1147 3915 πάντα
1169 3852 1204 3913 τὰ
1226 3851 1300 3914 ἀλλα
1324 3851 1407 3935 μέρη,
1430 3854 1449 3935 ὴ
1473 3851 1500 3915 δ’

262 3955 396 4040 αἴσθησις
419 3954 534 4023 οὐδενός
557 3955 633 4018 ἐστιν
656 3954 843 4038 ἀντιληπτικὴ
863 3955 1001 4029 τοιοότου,
1025 3954 1059 4017 οὐ
1081 3954 1128 4017 διὰ
1150 3955 1202 4037 τὴν
1224 3952 1359 4037 αἴσθησιν
1383 3957 1506 4017 ἀποστα·

260 4059 323 4122 τέον
346 4064 403 4121 τῶν
427 4059 483 4120 ὑπὸ
506 4062 556 4120 τοδ
579 4056 665 4138 λόγου
692 4057 861 4139 τιθεμένων.
905 4058 973 4122 οὐδὲ
994 4059 1049 4143 γὰρ
1072 4059 1118 4121 ἐπὶ
1146 4063 1204 4120 τῶν
1227 4057 1323 4119 ἄλλων
1346 4058 1422 4120 οὕτω
1447 4083 1506 4122 ποι·
1520 4076 1546 4118 rr

207 4181 239 4231 35
259 4166 361 4242 οῦμεν,
390 4160 433 4224 ότι
457 4161 531 4245 μηδὲ
552 4160 588 4223 τὰ
610 4161 739 4245 αἰσθητά
760 4184 854 4245 φαμεν
880 4160 953 4224 εἶναι
976 4164 1064 4244 μόνα·
1093 4159 1154 4224 οὐδ’
1182 4160 1245 4222 ἐπεὶ
1267 4160 1412 4245 χρώμεθα
1434 4164 1505 4244 πρὸς

257 4267 308 4334 τός
330 4265 438 4333 πίστεις
464 4269 521 4326 τῶν
548 4264 732 4347 ζητουμένων
760 4264 807 4326 ἐπὶ
834 4266 949 4326 πολλῶν
976 4268 1038 4331 ταῖς
1060 4263 1093 4326 ἐκ
1120 4269 1178 4326 τῶν
1205 4263 1371 4345 αἰσθήσεων
1399 4287 1504 4348 μαρτυ-

204 4471 220 4523 5
241 4471 356 4522 τάττεται
380 4490 395 4522 ιι
418 4471 460 4538 Sp.
584 4471 599 4522 ό
618 4469 727 4523 fortasse
749 4469 891 4538 (ὀνομάτων
910 4470 986 4532 αίτία>
1005 4473 1049 4536 τὴς
1163 4469 1194 4521 10
1212 4468 1225 4521 ό
1244 4468 1327 4537 λόγος]
1345 4465 1438 4520 “Arcb.
1453 4471 1477 4520 ιἰι
1490 4470 1556 4524 Eud.

200 4553 285 4624 playa?
300 4557 343 4625 sp.
358 4559 390 4610 cl.
403 4557 487 4626 Simpl.
502 4557 611 4623 ιἰιΡλρε.
623 4556 715 4624 (Diels)
726 4558 820 4620 4673ss
927 4557 1034 4608 ἐκτενεῖν
1054 4557 1141 4608 Blass:
1165 4557 1281 4609 ἐκτείνειν
1300 4557 1358 4609 libri
1455 4558 1485 4608 12
1504 4555 1555 4622 (δέ)

203 4643 271 4715 ὁτιδὴ
291 4644 484 4715 κωλυθὴσεσθαι
506 4644 591 4696 Blass:
615 4643 653 4697 ότι
672 4645 702 4715 δὴ
721 4645 897 4715 κωλυθὴσεται
916 4645 975 4696 libri
1067 4644 1097 4695 13
1117 4660 1153 4711 ρτ.
1173 4642 1201 4714 ὴ]
1219 4645 1235 4714 ὴ
1256 4649 1279 4695 V
1353 4646 1384 4698 18
1407 4646 1554 4714 άντιμαρτυ·

203 4733 332 4802 ροίνμανον,
352 4734 368 4804 ὴ
388 4734 446 4801 Sp.:
469 4733 713 4802 ἀντιμαρτυρουμένη
734 4734 792 4785 libri
899 4732 933 4782 ⁴20
960 4731 1105 4799 προσπίπτει
1124 4731 1180 4798 Sp.:
1209 4731 1370 4801 προσπίπτειν
1392 4732 1450 4783 libri

203 4820 235 4872 22
255 4821 327 4878 ἐκτός
345 4839 368 4872 τι
387 4819 414 4871 όν
433 4820 490 4887 Sp.:
511 4819 615 4872 ἕκαστον
635 4819 694 4872 libri
783 4820 798 4892 ὴ
818 4821 844 4890 (ὴ
866 4818 912 4887 Vl]
932 4818 981 4871 del.
999 4818 1042 4886 Sp.
1141 4818 1173 4870 ’26
1196 4836 1270 4877 παντι
1507 4822 1555 4874 idib

201 4907 252 4958 tale
271 4907 334 4975 quid
353 4907 374 4959 ελ
393 4906 419 4959 δὲ
437 4910 550 4960 τοιοῦτον
569 4907 584 4978 ὴ
604 4912 648 4960 τοῦ
667 4907 758 4967 παντὸς
777 4909 847 4980 φότις
954 4906 986 4960 3ὁ
1006 4901 1057 4957 οὔδ’
1077 4905 1126 4958 del.
1146 4904 1190 4976 Sp.
