3540 5610
196 272 238 338 42
674 275 878 329 ALEXANDRI
902 274 946 328 bn
971 276 1081 331 ANIMA
1141 283 1148 301 ¹

250 443 311 508 οἷόν
337 470 369 509 τε
398 449 469 532 δρᾶν
498 450 538 534 μῆ
567 447 648 519 ὄντος
673 453 725 513 τοῦ
751 438 912 533 διαφανοῦς
936 449 1189 534 πεφωτισμένον),
1223 447 1265 513 ἔτι
1292 450 1349 514 ὑπὸ
1377 453 1500 536 μηδενὸς

251 547 451 634 ἐνοχλεῖσθαι·
475 550 509 615 οὐ
523 552 579 637 γὰρ
601 550 709 616 οἷόντε
729 551 843 616 ἀκούειν
865 551 899 617 οὖ
921 576 963 622 τις
978 552 1122 638 βούλεται,
1145 552 1213 616 ὅταν
1229 552 1388 638 ἐνοχλῶσιν
1410 551 1500 639 ψόφοι

251 652 390 734 μείζονες.

336 752 397 840 Τῆς
419 757 471 840 μὲν
493 754 543 821 οὖν
566 754 664 841 ὄψεως
685 756 745 822 ἴδιά
767 759 842 824 ἐστιν
864 759 995 842 αἷσδῆτδ
1017 756 1053 822 τά
1074 782 1106 823 τε
1128 761 1272 845 χρώματα
1293 760 1341 822 καὶ
1363 757 1420 822 δσα
1440 781 1499 842 φω-

223 856 299 926 στδς
321 857 379 944 οὐχ
401 860 535 944 δρώμενα
557 858 677 931 σκότους
699 862 816 945 δρᾶται,
842 861 938 925 dode
960 861 994 925 ἂν
1016 860 1062 947 εἴη
1084 863 1243 947 χρώματα,
1270 860 1314 925 δτι
1336 859 1376 944 μὴ
1400 860 1499 923 ὑποπί-

251 984 315 1024 πτει
336 967 379 1047 τῷ
401 966 454 1026 τοῦ
476 965 633 1047 χρώματος
654 965 783 1048 ὁρισμῷ,
811 962 843 1026 εἴ
859 987 892 1046 χε
913 964 1022 1049 χρῶμά
1048 963 1110 1027 ἐστι
1135 965 1168 1027 τδ
1194 964 1336 1049 κινῆτικδν
1358 966 1410 1026 τοῦ
1430 959 1492 1026 κατ’

251 1063 394 1149 ἐνέργειαν
417 1067 582 1149 διαφανοῦς.
613 1063 675 1130 ἔστι
698 1067 731 1129 δέ
752 1068 878 1151 διαφανῆ
901 1064 953 1149 μ’ὲν
976 1063 994 1127 δ
1014 1088 1046 1128 τε
1068 1065 1126 1150 ἀὴρ
1148 1067 1196 1130 καὶ
1217 1067 1251 1130 τδ
1274 1067 1351 1151 ὕδωρ
1373 1065 1423 1129 καὶ
1444 1063 1500 1129 ὅσα

251 1168 309 1228 τῶν
332 1167 577 1252 στερεῶνοίκείιρ
597 1167 632 1231 οὐ
647 1167 788 1255 κέχρηται
802 1156 946 1254 χρώματι,
969 1168 1122 1250 κινούμενοι
1144 1168 1176 1232 δέ
1191 1193 1256 1239 πως
1276 1168 1333 1232 δπδ
1348 1173 1406 1232 τῶν
1422 1192 1498 1254 χρω·
1512 1184 1540 1226 ω

252 1270 351 1352 μάτων
373 1269 569 1333 διακονεῖσθαι
589 1274 627 1353 τῆ
651 1268 716 1354 ὄφει
736 1270 852 1335 δύναται
873 1271 945 1355 πρὸς
967 1270 1018 1354 τῆν
1041 1268 1190 1356 άντιλῆψιν
1212 1271 1318 1336 αὐτῶν.
1355 1275 1445 1336 ταῦτα
1466 1274 1499 1337 δὲ

212 1387 238 1430 ιο
250 1371 313 1435 κατ’
340 1371 482 1456 ἐνέργειαν
503 1373 610 1456 γίνεται
632 1375 767 1459 διαφανῆ,
791 1372 859 1438 ὅταν
881 1371 902 1457 ῆ
925 1373 1140 1458 πεφωτισμένα.
1179 1374 1272 1444 οὕτως
1292 1374 1347 1458 γὰρ
1370 1373 1498 1459 ἐχόντων

250 1473 346 1538 αὐτῶν
369 1476 498 1559 κινητικὰ
523 1476 561 1539 τὰ
582 1461 735 1561 χρώματα.
779 1475 898 1560 ὅτιγὰρ
924 1477 957 1539 τδ
983 1482 1048 1561 φῶς
1072 1478 1120 1541 καὶ
1146 1477 1182 1540 τὰ
1208 1476 1415 1563 πεφωτισμένα
1439 1481 1498 1540 τῶν

251 1578 398 1662 διαφανῶν
425 1579 481 1641 ὑπδ
507 1582 565 1642 τῶν
587 1579 754 1664 χρωμάτων
779 1579 899 1642 κινεῖταί
918 1602 990 1647 πως,
1015 1576 1018 1663 λ
1042 1582 1130 1664 δῆλον
1153 1578 1186 1643 ἐκ
1207 1583 1258 1643 τοῦ
1281 1581 1398 1650 πολλοῖς
1423 1584 1481 1642 τιῖιν
1503 1596 1553 1640 1312

251 1681 416 1764 χρωμάτων
443 1685 500 1744 τῶν
527 1680 575 1745 διὰ
595 1685 646 1746 τοῦ
674 1683 772 1767 φωτδς
799 1680 954 1767 δρωμένων
981 1682 1127 1769 δμὸχροον
1154 1683 1224 1767 δρᾶν
1251 1679 1397 1765 γινόμενον
1426 1681 1498 1747 αὖτδ
1598 1682 1604 1693 '

250 1782 299 1845 καὶ
321 1783 515 1869 συναναφέρον
536 1782 619 1868 αὐτῷ
646 1784 679 1846 τδ
702 1788 818 1869 χρῶμα.
864 1785 923 1847 οἷπδ
945 1785 999 1869 γὰρ
1022 1788 1135 1871 χρυσοῦ
1161 1785 1329 1870 χροσοειδές
1357 1785 1406 1848 καὶ
1427 1785 1499 1849 αὐτὸ

212 1898 238 1944 15
251 1882 380 1969 φαίνεται
402 1887 450 1949 καὶ
472 1886 531 1950 άπδ
557 1874 717 1971 ἁλουρχοῦς
738 1887 957 1972 πορφυροειδές,
986 1888 1034 1951 καὶ
1056 1888 1115 1951 α’πδ
1142 1893 1201 1950 τῶν
1227 1891 1352 1973 χλωρῶν
1375 1890 1497 1957 ποῶδες.

250 1989 390 2057 πολλάκις
416 1988 450 2051 δέ
476 1985 551 2052 ἔστιν
579 1988 648 2053 ἰδεῖν
675 1990 723 2054 καὶ
749 1989 816 2059 τοὺς
841 1989 1009 2075 καταντικρὺ
1045 1992 1160 2076 τοίχους
1184 1993 1236 2053 τοῦ
1263 1989 1394 2054 τοιούτου
1420 1991 1498 2076 χρώ·

253 2112 342 2173 ματος
362 2089 411 2153 καλ
432 2088 466 2153 τδ
486 2087 594 2175 ἔδαφος
615 2092 714 2177 ὥσπερ
736 2091 924 2177 χρωννύμενα
945 2097 991 2178 τῷ
1006 2092 1123 2156 ἐκείνων
1145 2095 1290 2177 χρώματι,
1310 2093 1360 2156 καὶ
1381 2093 1413 2156 εἴ
1427 2116 1500 2162 τινες

251 2191 283 2255 δὲ
305 2195 488 2277 παρεστῶτες
508 2192 633 2279 τύχοιεν,
656 2197 697 2264 ὡς
717 2199 769 2258 τοῦ
792 2195 1011 2280 πεφωτισμένον
1034 2201 1076 2280 τῷ
1100 2195 1223 2280 πάσχειν
1247 2192 1297 2258 ἀπ’
1323 2195 1419 2259 αὐτῶν
1443 2198 1500 2259 δια·
1526 2213 1540 2255 ε

246 2282 378 2365 διδόντος
404 2296 452 2360 καλ
474 2296 522 2360 ἐπὶ
550 2300 641 2360 ταῦτα
666 2296 700 2360 τδ
725 2296 835 2361 τοιόνδε
862 2302 978 2383 χρῶμα.
1022 2297 1126 2380 γίνεται
1148 2297 1181 2359 δὲ
1207 2297 1240 2360 τδ
1263 2300 1372 2382 χρῶμα
1402 2298 1433 2363 ἐν
1456 2304 1499 2385 τῷ

212 2413 240 2456 κο
252 2397 464 2483 πεφωτισμένῳ
487 2423 518 2463 τε
535 2400 583 2462 καὶ
598 2399 673 2484 φωτὶ
696 2398 787 2469 οὕτως
809 2403 851 2469 ὡς
870 2401 918 2464 καὶ
940 2401 973 2463 τὸ
988 2406 1052 2485 φῶς
1075 2400 1105 2463 ἐν
1121 2403 1165 2484 τῷ
1181 2401 1323 2484 διαφανεῖ,
1345 2399 1412 2464 οὔτε
1427 2401 1501 2466 κατὰ

253 2488 410 2586 ἀπόρροιοίν
432 2525 508 2582 τινα,
537 2501 604 2566 οὔτε
626 2505 667 2572 ὡς
690 2502 760 2587 ὕλης
786 2502 806 2586 ῆ
830 2506 880 2566 τοῦ
903 2504 1058 2587 διαφανοῦς
1080 2501 1242 2588 δεχομένου
1265 2503 1298 2566 τδ
1320 2507 1385 2588 φῶς
1407 2502 1426 2588 ῆ
1450 2510 1500 2568 τοῦ

253 2604 351 2687 φωτδς
378 2605 411 2668 τδ
432 2610 542 2690 χρῶμα
567 2603 769 2689 (ἀπελθόντων
791 2609 859 2688 γοῦν
884 2610 943 2668 τιῖιν
970 2608 1060 2668 ταῦτα
1081 2604 1278 2688 ἐμποιούντων
1304 2604 1393 2676 εὐδὺς
1419 2627 1502 2671 σανα·

253 2705 392 2791 πέρχεται
414 2709 447 2771 τδ
471 2709 522 2792 μὲν
544 2713 653 2793 χρῶμα
674 2708 707 2773 ἐκ
729 2712 780 2771 τοῦ
802 2707 909 2793 φωτός,
932 2707 959 2770 εἰ
973 2708 1009 2771 τὰ
1031 2707 1198 2794 χρωννόντα
1218 2706 1289 2770 αὐτὸ
1313 2708 1447 2786 ἀπέλθοι,
1469 2709 1503 2772 τδ

200 2879 217 2932 3
245 2878 366 2948 μείζονες]
390 2878 476 2933 addit:
495 2879 534 2932 als
553 2881 594 2933 die
613 2879 686 2934 Tbne
700 2879 776 2949 jones
793 2879 889 2949 ffings,
907 2878 954 2932 des
972 2896 1000 2933 er
1018 2878 1097 2932 bbren
1115 2879 1165 2931 will
1290 2879 1306 2931 7
1334 2881 1378 2932 καὶ
1396 2894 1446 2932 nm.

204 2967 305 3020 12-14
332 2965 556 3040 δῆλον-χρῶμα]
580 2967 626 3021 der
643 2968 743 3021 Beweis
762 2965 834 3036 [iet],
851 2967 911 3020 dass
929 2968 1070 3033 du,'wenn
1088 2965 1123 3018 du
1141 2965 1207 3019 viele
1226 2967 1272 3020 der
1289 2968 1390 3021 Fnrben
1409 2969 1442 3020 im
1462 2967 1557 3021 Lichbe

201 3056 295 3121 siebet,
317 3054 385 3108 euch
406 3068 458 3107 von
481 3054 554 3107 ihren
573 3054 674 3108 Farben
698 3056 745 3108 das
763 3054 839 3107 Lieht
861 3053 962 3123 geffirbt
980 3055 1081 3120 eiehst,·
1099 3054 1207 3107 welches
1231 3055 1286 3108 ihre
1304 3055 1407 3108 Ferben
1430 3056 1478 3107 mit
1499 3055 1555 3108 sieb

201 3142 375 3212 iortgetrngen
501 3141 603 3195 14-15
630 3141 833 3210 ἀπὸ-ποῶδες]
857 3142 902 3194 wir
920 3141 1000 3194 seben
1019 3140 1148 3207 nimlieh‚
1169 3141 1228 3194 dass
1247 3157 1274 3194 es
1294 3158 1344 3194 von
1362 3143 1408 3195 der
1426 3142 1556 3210 goldenen

200 3229 285 3283 Farbe
303 3245 349 3282 nur
360 3229 443 3284 Farbe
461 3230 506 3283 dee
520 3228 615 3284 Goldes
634 3229 726 3296 werde,
743 3228 798 3281 und
817 3243 869 3281 von
887 3228 932 3281 der
949 3228 1033 3281 Fnrbe
1051 3229 1096 3281 der
1107 3226 1202 3280 Violen
1219 3244 1264 3279 zur
1277 3228 1359 3280 Ferbe
1377 3228 1422 3281 dee
1441 3229 1557 3298 Purpura

201 3317 254 3370 und
273 3332 326 3370 von
343 3316 394 3370 den
412 3316 513 3386 grdnen
531 3315 633 3370 Ferben
652 3317 781 3386 greeertig
799 3315 889 3385 (grdn)
962 3313 1064 3367 16-19
1082 3312 1343 3384 πολλάκις-χρῶμα]
1363 3316 1458 3384 Ηῖιιιάς
1476 3317 1556 3370 seben
1616 3358 1619 3363 .

201 3405 248 3458 wir
260 3404 302 3458 die
314 3405 424 3469 winde,
442 3404 536 3459 welche
554 3403 626 3458 einer
643 3419 694 3457 von
704 3404 784 3474 jenen
795 3403 897 3455 Farben
910 3401 1159 3470 gegendberstehen
1177 3401 1231 3453 und
1244 3402 1286 3454 die
1299 3402 1365 3455 Erde
1383 3404 1440 3469 (der
1454 3404 1555 3471 Boden)

202 3490 247 3545 der
263 3490 369 3545 Pflnnze
391 3507 444 3544 von
467 3492 512 3544 der
534 3490 608 3558 (den)
628 3490 753 3558 derbem)
776 3489 910 3543 derselben
932 3489 1090 3557 (desselben)
1114 3487 1215 3556 gereret
1237 3488 1339 3542 werden
1363 3487 1392 3558 [i.
1407 3506 1429 3543 e.
1453 3491 1557 3545 Winde

202 3579 254 3632 und
269 3579 358 3632 Boden
376 3580 479 3632 werden
497 3578 605 3647 κεδνοὶ,
619 3577 681 3647 jene
699 3592 750 3629 von
769 3576 815 3629 der
826 3575 1119 3645 gegendberstehenden
1131 3574 1223 3642 Farbe,
1242 3575 1326 3641 dieser
1344 3591 1394 3629 von
1413 3578 1458 3630 der
1471 3578 1556 3632 Ferbe

202 3667 247 3720 der
260 3665 373 3720 Pflenze.
392 3664 452 3735 St.],
470 3667 567 3720 ebense
585 3666 660 3730 auch,
678 3679 753 3717 wenn
771 3680 799 3718 es
817 3664 872 3719 sich
885 3663 956 3728 trine,
975 3663 1035 3716 dass
1053 3664 1095 3716 ein
1108 3663 1214 3716 biensch
1232 3664 1260 3715 in
1273 3662 1319 3716 der
1331 3663 1403 3716 Nihe
1421 3664 1557 3718 denselben

202 3756 283 3821 steht,
297 3737 335 3807 Ισο
354 3754 416 3807 wird
434 3770 461 3808 er
480 3768 531 3806 von
548 3753 622 3806 ihren
640 3751 742 3804 Farben
759 3751 874 3821 gefirbt,
898 3750 954 3803 weil
973 3750 1019 3803 des
1037 3749 1114 3803 Liebt
1136 3766 1186 3803 von
1206 3752 1286 3803 ibnen
1308 3750 1401 3803 affieirt
1419 3753 1482 3805 wird
1501 3753 1556 3806 und
1603 3810 1613 3829 ι

201 3842 243 3897 die
260 3842 354 3908 Pube,
371 3843 414 3895 die
432 3858 459 3895 er
477 3840 623 3909 empibngt,
641 3839 708 3892 auch
727 3854 760 3891 zu
777 3839 868 3892 diesen
885 3838 989 3906 Dingen
1008 3839 1099 3907 bringi
1216 3836 1319 3890 ’ΖΟ-22
1346 3836 1555 3912 οὗτε-χρῶμα]

201 3931 277 3984 nieht
295 3930 382 3983 indem
408 3929 494 3982 Etwes
517 3942 564 3980 aus
587 3926 680 3980 beiden
701 3926 755 3994 sich
779 3926 889 3995 ergieest
913 3926 979 3978 auch
1002 3925 1076 3978 nieht
1097 3926 1125 3978 in
1149 3925 1194 3978 der
1212 3925 1314 3990 Weise,
1339 3925 1399 3978 dass
1422 3927 1469 3979 dns
1492 3928 1556 3995 Sep·

201 4017 340 4087 phiriecbe,
357 4016 443 4070 indem
462 4032 490 4069 ee
508 4015 554 4067 des
571 4014 647 4067 Lieht
664 4013 811 4079 nuinimmt,
828 4013 897 4080 Hyle
913 4012 956 4066 fir
973 4013 1020 4066 dae
1041 4012 1117 4066 Lieht
1135 4013 1207 4078 wind,
1225 4013 1279 4064 und
1299 4012 1345 4066 dns
1366 4012 1450 4079 Licht,
1468 4003 1565 4067 indem'

201 4121 229 4159 ee
247 4104 289 4158 die
307 4100 699 4168 Ferbeauinimmi,Hylei1ir
717 4100 759 4154 die
778 4099 860 4153 Ferbe
880 4098 966 4176 [vird]
1074 4098 1178 4152 22-23
1196 4097 1439 4154 ἀπελθόντων-τοῦ
1457 4100 1555 4171 φωτός]

202 4192 271 4245 denn
294 4207 369 4244 wenn
391 4191 433 4244 die
456 4190 550 4244 beiden
568 4188 728 4241 Wirkenden
747 4184 954 4256 (Wirkungeni)
976 4186 1018 4240 fir
1035 4186 1106 4241 diese
1129 4174 1303 4251 entweiehen‚
1327 4201 1360 4240 so
1383 4190 1558 4242 entweicht

202 4279 282 4332 auch
301 4278 489 4333 derUmriss
507 4279 565 4330 mit
583 4276 682 4329 ihrem
698 4275 916 4340 Entweicben,
935 4274 990 4327 also
1009 4275 1147 4328 entweiebt
1165 4274 1231 4326 auch
1250 4273 1292 4327 die
1309 4273 1392 4328 Farbe
1410 4275 1467 4328 dem
1481 4276 1558 4329 Liehb

205 4414 332 4486 Ιδρᾷνα
402 4412 466 4468 2οὖ
484 4432 522 4473 τις
540 4412 654 4484 βοδλκται
672 4431 756 4470 σακε
826 4414 985 4469 ὃοίκείωο
1020 4478 1028 4491 ⁶
1059 4415 1183 4488 κέχρηται
1199 4412 1359 4487 χρώματαα
1432 4416 1463 4480 13
1482 4414 1555 4484 αὐτὸ]

202 4504 220 4557 1.
230 4520 253 4557 e.
272 4501 302 4556 τὸ
319 4508 375 4574 φῶς
475 4500 546 4572 δρᾶν]
567 4507 627 4558 ente
645 4505 668 4556 V
688 4521 695 4554 ι
713 4519 814 4557 erasnm
835 4504 868 4556 V:
889 4501 983 4575 ὁρᾷνα
1083 4500 1113 4554 τὸ
1132 4501 1293 4570 γινόμενονο
1398 4502 1557 4557 111οιιαιεο

203 4590 273 4661 αδτιρῖ
377 4590 409 4643 15
427 4588 564 4660 ἀλουργους
583 4592 617 4643 V:
635 4589 809 4662 άλλουρχοῦιι
915 4589 946 4641 16
965 4586 1024 4641 κατ’
1046 4587 1148 4661 άντικριι
1166 4590 1202 4641 V:
1220 4586 1279 4641 κατ’
1301 4587 1404 4660 άντικρδ
1423 4605 1446 4642 α.
1482 4590 1558 4659 plur'e

203 4682 250 4731 eut
266 4677 331 4747 legit
347 4682 394 4730 και
412 4678 526 4731 coniecit
543 4679 636 4733 Arabe.
672 4677 706 4731 ef.
725 4679 774 4731 int.
792 4678 864 4731 hebr.
886 4677 932 4730 sed
948 4670 1059 4729 fortaese
1077 4675 1256 4729 tantummodo
1279 4674 1384 4729 ἐκείνων
1408 4683 1557 4745 corruptum

203 4782 236 4819 ex
254 4765 429 4836 παρακειμένῳ
448 4764 480 4818 ci.
497 4764 603 4818 153116
613 4781 652 4835 sq.
761 4765 791 4817 17
810 4763 1007 4838 χρωνοΰμινακ
1115 4764 1146 4815 19
1166 4763 1206 4816 ἐπὶ
1223 4762 1314 4832 ταῦτα]
1335 4762 1367 4815 ei.
1386 4779 1411 4831 p.
1422 4764 1483 4831 39‚8

203 4852 239 4909 *λθ
256 4849 349 4921 οὕτως]
368 4856 447 4913 nete
464 4853 494 4907 in
512 4852 584 4907 hev
654 4852 688 4907 22
706 4853 792 4909 Arabs
810 4853 907 4922 legerat
925 4849 999 4910 ebbae
1011 4851 1191 4924 συναπέρχεται
1208 4852 1273 4914 (καὶ
1290 4850 1324 4904 τὸ
1343 4850 1453 4915 παῖδας)
1470 4851 1499 4904 πδ
1510 4851 1557 4921 μὲν
