3540 5610
914 1404 968 1478 IV

496 1594 562 1667 DE
589 1591 845 1668 CODICIBUS
878 1593 1009 1668 LIBRI
1042 1594 1107 1668 DE
1139 1590 1379 1667 MIXTIONE
1480 1581 1488 1599 '

345 1869 428 1954 Περὶ
450 1870 611 1953 κράσεως
633 1868 692 1931 καὶ
714 1867 896 1951 αὐξήσεως
917 1866 992 1933 hnic
1014 1869 1094 1935 libro
1117 1867 1275 1952 inscripsi,
1298 1874 1330 1933 et
1346 1866 1539 1935 auctoritate
1554 1890 1623 1935 mo-

257 1988 510 2071 turconicus,
546 1989 586 2052 de
615 2007 677 2068 quo
704 1985 789 2050 infra
815 1986 981 2070 disseram,
1009 1996 1042 2053 et
1069 1993 1257 2070 argumento
1284 1985 1385 2052 libelli
1411 1986 1445 2052 in
1467 2006 1530 2070 quo
1552 1991 1621 2073 περὶ

257 2108 389 2190 κράσεως
403 2107 510 2191 agitur
532 2106 573 2171 ab
596 2106 687 2171 initio
710 2126 810 2190 usque
832 2106 875 2170 ad
898 2107 1024 2190 233,14‚
1046 2107 1122 2171 inde
1144 2126 1245 2189 usque
1267 2106 1311 2171 ad
1333 2105 1429 2172 finem
1452 2110 1518 2191 περὶ
1532 2107 1622 2192 αὐξή-

257 2247 349 2312 σεως;
386 2228 425 2293 61.
454 2233 623 2312 praeterea
656 2226 768 2308 214‚17
798 2226 915 2309 216,14
943 2228 1060 2311 218,14
1085 2226 1191 2310 2286.
1240 2224 1282 2291 de
1308 2225 1501 2309 discrimine,
1532 2226 1621 2309 quod

257 2347 341 2413 inter
364 2353 464 2432 κρᾶσιν
492 2354 525 2412 61
548 2347 620 2429 μῖξιν
643 2345 821 2429 intercedit,
850 2345 963 2412 videas
986 2347 1101 2431 228211
1114 2367 1171 2429 sq„
1200 2345 1286 2409 undo
1308 2343 1409 2427 liquet
1431 2342 1570 2411 Parisini
1593 2346 1622 2411 R

258 2474 291 2533 61
313 2466 451 2533 Aldinae
461 2467 485 2551 ¹)
507 2465 635 2529 rubrum
658 2467 737 2549 περὶ
761 2465 887 2548 μίξεως
909 2465 1026 2531 falsum
1054 2486 1135 2532 esse.
1187 2464 1314 2530 tertium
1343 2462 1469 2529 titulum
1492 2463 1622 2531 Themi·

256 2585 336 2650 stius
357 2585 492 2669 praebet
518 2586 673 2671 (Paraph.
702 2583 797 2669 Phys.
821 2585 915 2650 Auso.
939 2586 1070 2670 25621)
1098 2585 1179 2669 περὶ
1206 2585 1383 2668 κράσεων,
1417 2604 1480 2666 quo
1514 2584 1621 2667 magis

257 2706 363 2790 placet
384 2705 473 2770 libris
495 2705 641 2770 traditus.
686 2704 744 2769 sed
766 2711 853 2770 certo
876 2704 917 2771 de
940 2706 1002 2772 hac
1024 2725 1059 2771 16
1074 2724 1138 2769 non
1153 2704 1229 2770 licet
1243 2702 1430 2786 diiudicare,
1453 2702 1529 2786 quia
1552 2723 1620 2768 non

255 2826 381 2908 integer
403 2824 484 2891 liber
506 2831 652 2892 servatus
674 2831 732 2890 est.

342 2945 495 3011 Codicum
518 2945 571 3027 qni
595 2965 668 3010 eum
691 2944 856 3010 continent
878 2944 953 3009 novi
976 2942 1050 3009 hos:

204 3067 233 3130 A
344 3065 493 3130 Vesanus
519 3064 708 3130 Marcianus
733 3065 805 3148 257,
838 3065 871 3129 in
899 3064 935 3128 4⁰
962 3063 1152 3129 chartaceus
1175 3062 1229 3129 fol.
1252 3064 1314 3130 283
1343 3062 1463 3131 mooli
1491 3061 1619 3129 61161161

255 3185 320 3249 XII
343 3186 517 3252 secundum
539 3185 664 3251 Zanetti
687 3186 815 3268 p.'l2l;
838 3185 955 3251 rectius
976 3184 1101 3250 llorelli
1126 3205 1156 3267 p.
1174 3184 1236 3248 144
1258 3203 1343 3250 saec.
1366 3182 1443 3250 XIV
1466 3203 1540 3249 eum
1562 3181 1618 3247 ad-

255 3303 374 3370 tribuit.
418 3306 473 3370 fol.
491 3307 593 3370 1-11
622 3303 764 3369 continet
786 3308 851 3389 περὶ
873 3305 1005 3388 κράσεως
1032 3304 1080 3366 καὶ
1107 3301 1267 3386 αὐξήσεως,
1302 3310 1478 3387 sequuntur
1506 3301 1616 3386 Varia,

255 3445 388 3507 quorum
412 3426 593 3508 catalogum
609 3443 630 3488 a
645 3422 793 3488 Zanettio
809 3422 988 3489 confectum
1004 3422 1170 3488 Morellius
1185 3422 1323 3489 correxit
1338 3423 1358 3488 l.
1375 3443 1403 3488 c.
1446 3421 1617 3506 permultis

255 3543 453 3626 compendiis
480 3564 655 3628 parumque
677 3543 849 3625 diligenter
870 3544 1008 3626 scriptus
1030 3549 1089 3627 est,
1117 3541 1220 3628 prima
1248 3542 1367 3625 pagina
1393 3542 1549 3626 temporis
1570 3542 1617 3606 in-

254 3662 343 3727 iuriis
365 3663 476 3729 attrita
498 3665 583 3731 lectu
605 3661 793 3728 difficillima
816 3669 873 3730 est.
919 3662 968 3729 bis
989 3664 1059 3748 ipse
1082 3661 1202 3728 contuli
1227 3661 1306 3727 1881
1331 3668 1365 3727 61
1389 3660 1480 3727 1887.
1579 3741 1582 3747 Ι

339 3781 400 3860 Qui
423 3791 598 3867 sequuntur
620 3784 748 3849 codices
771 3783 891 3849 saeculi
913 3788 988 3847 sunt
1009 3782 1069 3847 XV
1092 3783 1143 3848 vel
1164 3780 1242 3846 XVI

202 3902 228 3965 B
341 3902 593 3969 Taurinensis
616 3904 657 3966 94
679 3901 734 3966 161.
750 3902 793 3966 84
814 3902 898 3967 inter
919 3900 1011 3966 varia
1033 3906 1185 3983 6116611116
1207 3898 1434 3965 mathematica
1457 3907 1490 3966 61
1512 3900 1616 3984 philo·

253 4021 357 4106 sopha
378 4022 463 4087 hunc
485 4021 626 4088 libellum
650 4022 791 4088 continet
817 4021 872 4087 fol.
889 4021 1028 4087 43-55.
1073 4019 1192 4086 contuli
1214 4019 1294 4104 ipse.
1339 4018 1379 4084 cf.
1395 4019 1505 4085 Pasini
1528 4027 1616 4086 cata·

251 4140 494 4225 1611111184.
1556 4147 1558 4151 ’

200 4262 228 4325 R
335 4261 538 4326 Parisinus
556 4262 638 4327 1848
655 4261 797 4326 continet
809 4261 831 4327 1.
845 4262 1011 4327 136-147
1027 4266 1170 4326 nostrum
1183 4258 1326 4326 libellum
1347 4260 1498 4344 (contulit
1509 4260 1616 4345 Elter)

200 4381 222 4445 S
335 4380 536 4446 Parisinus
559 4381 643 4445 2540
665 4379 687 4445 1.
703 4382 852 4448 93-138
873 4379 1023 4465 (contulit
1045 4379 1148 4463 Elter)

199 4501 224 4565 P
331 4499 531 4566 Parisinus
555 4500 638 4565 2028
658 4499 679 4563 f.
698 4501 863 4566 107-131
890 4499 1023 4584 (contuli
1045 4498 1125 4582 ipse.
1165 4518 1276 4564 omnes
1299 4505 1364 4565 tres
1386 4498 1458 4564 libri
1474 4497 1614 4564 Parisini

250 4619 381 4684 Ioannis
403 4619 567 4684 Francisci
590 4619 724 4684 Asulani
748 4626 849 4704 erant,
873 4627 908 4684 ut
929 4619 999 4702 ipse
1021 4618 1055 4682 in
1078 4616 1180 4702 primo
1203 4616 1280 4683 folio
1303 4617 1487 4701 adnotavit)

321 4817 341 4883 ¹)
360 4816 399 4870 Ex
411 4818 508 4871 Aldina
527 4822 612 4871 autem
631 4817 734 4871 ridetur
752 4819 780 4870 in
794 4818 943 4870 ParisInum
960 4817 983 4869 R
1002 4816 1095 4870 titulus
1114 4817 1224 4869 venisse.
1262 4832 1323 4868 nam
1340 4816 1371 4868 in
1390 4815 1438 4868 hoc
1457 4815 1511 4869 alia
1529 4831 1612 4870 manu

248 4905 365 4959 additum
384 4910 424 4959 cst
441 4910 555 4960 testante
575 4905 670 4960 811616.
