3548 5604
635 317 778 374 ΒΙΒΛΙθΝ
797 315 976 375 ΔΕΥΤΕΡΟΝ
1003 322 1013 371 l
1462 319 1503 380 45

220 494 256 578 ιβ.
295 491 355 556 Ὅτι
373 491 406 555 οὐ
422 493 562 555 δείκνυται
586 491 632 555 διὰ
647 497 697 554 τοῦ
714 491 922 555 συστέλλεσθαι
944 491 979 555 τά
1002 494 1124 573 σώματα
1147 490 1188 558 εἰς
1203 489 1292 552 ἑαυτά
1314 489 1346 550 τδ
1362 491 1450 571 σῶμα

352 600 459 681 χωρεῖν
483 595 529 657 διὰ
552 598 697 676 σώματος.

220 723 255 781 ιγ.
302 699 377 784 Πρὸς
399 699 466 767 τοδς
487 698 521 759 ἐκ
544 702 600 760 τῶν
623 701 770 781 τριγώνων
792 697 828 760 τά
851 699 989 782 σχήματα
1012 698 1059 760 καί
1081 696 1117 759 τὰ
1139 694 1202 779 είδη
1225 699 1283 757 τῶν
1306 692 1450 776 σωμάτων
1477 708 1491 750 τ

352 800 522 884 συγκεῖσθαι
545 800 687 881 λέγοντας,
711 799 745 863 οὐ
768 800 803 863 τὰ
826 803 957 884 σώματα.

172 925 188 972 5
226 906 261 967 ιδ.
307 903 343 968 Εἰ
365 905 400 967 τὰ
422 904 503 968 κοινὰ
525 905 656 987 νοήματα
677 902 711 966 οὐ
734 908 833 987 σῶμα,
857 902 918 966 οὐδ’
946 902 980 966 ἂν
1003 905 1035 966 τθ
1058 904 1153 966 κοινὸν
1175 905 1271 982 σῶμα,
1295 906 1381 983 σῶμα
1404 898 1450 982 είη

352 1005 421 1070 ὥστ’
449 1004 510 1069 οὐδ’
539 1006 658 1090 ὁρισμὸς
679 1006 768 1068 αὐτοῦ
791 1008 926 1087 σώματος
948 1006 1067 1090 ὁρισμὸς
1089 1003 1177 1068 ἔσται.
1464 1018 1491 1059 1⁰

132 1106 134 1111 ’
173 1101 175 1105 ’
225 1135 258 1174 ιε.
306 1109 374 1178 Ιλῶς
395 1108 516 1191 λέγομεν
538 1109 590 1190 τήν
612 1107 703 1192 αὐτὴν
725 1107 842 1189 δύναμιν
865 1108 926 1191 ἅμα
949 1115 1006 1170 τῶν
1029 1108 1163 1170 ἐναντίων
1185 1106 1267 1169 εἶναι.

219 1236 254 1282 ις.
302 1212 368 1281 [Ιιῖις
391 1212 447 1296 οὐχ
470 1211 578 1293 ὁμοίως
603 1214 666 1278 ταῖς
693 1215 896 1294 στυχαστικαῖς
923 1211 1035 1294 τέχναις
1063 1213 1109 1273 καὶ
1137 1210 1222 1273 ἄλλαι
1249 1210 1347 1294 τέχναι
1369 1209 1450 1297 τέλος
1465 1225 1491 1267 ιε

353 1314 447 1384 έξουσι
474 1315 507 1376 τὸ
529 1314 622 1376 πάντα
649 1314 682 1375 τὸ
711 1312 778 1396 παρ’
805 1312 893 1382 αὐτοῖς
920 1319 1011 1376 ποιεῖν
1039 1315 1111 1397 πρὸς
1132 1315 1165 1375 τὸ
1188 1317 1237 1376 τοῦ
1261 1311 1449 1396 προκειμένου

154 1439 184 1485 10
353 1418 512 1501 τυγχάνειν.

218 1526 254 1592 ιζ.
293 1517 353 1584 Ὅτι
376 1518 438 1594 οὔκ,
461 1521 488 1583 εἰ
510 1517 585 1583 ἔστιν
608 1523 658 1581 τοῦ
682 1522 722 1587 ὡς
745 1519 964 1601 ὑπεκκαύματος
986 1519 1076 1600 πυρὸς
1099 1519 1114 1581 ὃ
1137 1521 1184 1582 καί
1208 1519 1351 1603 στοιχεῖόν
1374 1517 1449 1580 ἐστιν

352 1622 381 1705 [ὃ
403 1622 466 1704 καὶ]
490 1619 711 1704 θερμότερόν-τι
734 1620 806 1684 ἄλλο
827 1625 894 1705 πῦρ,
917 1622 964 1684 διὰ
985 1622 1091 1706 ταύτην
1114 1624 1165 1705 τήν
1188 1623 1279 1684 αἰτίαν
1303 1620 1377 1703 μίξει
1399 1624 1449 1682 τσῦ
1463 1636 1491 1677 τυ

352 1726 479 1787 ἐναντίου
503 1728 630 1787 τοιοῦτον
653 1724 746 1786 ἐκεῖνο
768 1722 851 1785 εἶναι.

219 1853 257 1911 ιη.
304 1827 374 1912 Περὶ
396 1832 446 1890 τοῦ
470 1828 522 1910 τὴν
545 1826 630 1910 φύσιν
653 1827 748 1911 ἀρχὴν
771 1826 912 1910 κινήσεως
935 1823 1016 1887 εἶναι.

153 1952 184 2001 15
215 1932 253 1995 ιθ.
292 1928 352 1996 Ὅτι
376 1931 401 1993 εἰ
425 1931 440 1993 ὁ
463 1928 571 2013 κόσμος
593 1930 692 2000 ἀίδιος,
719 1930 751 1990 τὸ
774 1929 806 1991 δὲ
828 1927 934 2012 κόσμῳ
957 1927 1029 1990 εἰναι
1052 1927 1132 2013 αὐτῷ
1156 1931 1175 2013 ἡ
1198 1929 1274 1999 τάξις
1297 1930 1382 2004 ἐστίν,
1405 1927 1450 2013 είη

353 2032 387 2096 ἄν
410 2034 439 2097 ἐν
462 2038 500 2117 τή
523 2033 616 2116 οἰκεία
638 2032 721 2114 οἰισίηι
745 2031 834 2095 αὐτοῦ
857 2033 904 2094 καὶ
927 2035 1021 2094 τοῦτο.
1465 2048 1492 2090 ου

228 2163 255 2202 κ.
301 2137 370 2206 Πῶς
392 2137 424 2199 τδ
448 2136 626 2221 μεταβάλλον
649 2132 691 2203 τίς
713 2159 739 2197 τι
760 2133 828 2198 καθ’
857 2134 893 2217 ἢν
915 2131 978 2219 ἔχει
1005 2133 1132 2220 δύναήμιν
1153 2139 1236 2218 τηρεῖ
1257 2137 1308 2218 τήν
1330 2136 1448 2220 δύναμιν
1486 2144 1503 2200 δ

352 2241 399 2303 καὶ
422 2231 504 2322 μεταλΙ
518 2239 549 2302 τὸ
573 2239 761 2323 μεταβάλλειν
783 2238 824 2306 εἰς
847 2237 862 2300 ὃ
886 2236 1070 2324 μετέβαλλεν.

209 2371 254 2410 κα.
293 2341 354 2408 Ὅτι
379 2343 420 2426 μὴ
444 2342 517 2405 κατὰ
539 2342 725 2427 συμβεβηκὸς
748 2343 766 2425 ἡ
789 2340 909 2424 πρίνυια
931 2341 1005 2404 κατὰ
1024 2340 1221 2427 Ἀριστοτέλη.

152 2472 185 2517 ου
214 2451 259 2535 κβ.
301 2445 450 2530 Ἐξήγησις
473 2445 577 2515 λέξεως
599 2445 633 2508 ἐκ
655 2449 705 2508 τοῦ
729 2445 866 2529 δευτέρου
890 2444 960 2529 Περὶ
983 2445 1122 2526 γενέσεως
1149 2447 1197 2508 καὶ
1222 2445 1335 2530 φθοραῖς
1356 2446 1453 2515 ἄλλως
1478 2463 1492 2506 τ

352 2548 464 2634 ἔχουσα
487 2547 565 2632 παρὰ
588 2550 639 2631 τήν
663 2548 759 2632 ἐντῷ
782 2549 822 2617 εἰς
845 2547 916 2611 αὐτὸ
940 2549 1135 2632 ὑπομνήματι.

215 2680 257 2737 κγ.
304 2653 373 2737 Περὶ
396 2658 447 2735 τῆς
477 2651 630 2735 ἡρακλείας
651 2651 746 2714 λίθου.

212 2760 256 2822 κδ.
302 2756 415 2826 λέξεως
437 2754 571 2839 ἐξήγησις
587 2755 620 2817 ἐκ
641 2758 693 2818 τοῦ
709 2755 845 2839 δευτέρου
863 2754 932 2838 Περὶ
955 2760 1052 2840 ψυχῆς
1076 2753 1138 2838 μετ’
1156 2755 1249 2838 δλίγυν
1271 2761 1323 2840 τῆς
1345 2757 1449 2842 ἀρχῆς.
1465 2772 1492 2814 1⁰

215 2885 254 2924 κε.
295 2857 404 2941 Ἀλλης
426 2857 532 2925 λέξεως
554 2858 587 2920 ἐκ
611 2862 661 2920 τοῦ
683 2856 772 2920 αὐτοῦ
795 2857 938 2942 ἐξήγησις.

151 2983 184 3032 25
210 2986 254 3032 κς.
299 2959 405 3044 (Ἀλλη
429 2960 462 3024 ἐκ
484 2964 534 3022 τοῦ
557 2960 645 3023 αὐτοῦ
668 2959 751 3029 λέξις.

211 3071 255 3139 κζ.
294 3062 388 3148 ’Ἀλλη
412 3065 445 3127 ἐκ
466 3067 517 3126 τοῦ
539 3063 628 3126 αὐτοῦ
651 3062 747 3147 λέξις.)

203 3193 250 3251 κη.
288 3165 350 3232 Ὅτι
373 3167 413 3250 μή
438 3168 457 3250 ή
480 3167 535 3249 ῦλη
557 3165 647 3248 γένος.

204 3388 229 3452 Ι.
267 3386 336 3453 Ὁτι
357 3388 480 3452 ἕπεται
495 3389 638 3457 τοῖςκαί
661 3388 697 3451 τδ
721 3387 868 3471 μέγεθος
890 3391 945 3452 καί
961 3389 1019 3453 τδν
1034 3389 1161 3474 χρόνον
1183 3390 1217 3460 ἐξ
1240 3392 1446 3475 ἀδιαιρέτων
1467 3399 1503 3456 84

205 3493 401 3555 συντιθεῖσι
425 3492 461 3554 τδ
484 3493 593 3555 πάντα
619 3490 658 3553 τὰ
685 3491 873 3575 κινούμενα
898 3492 985 3556 κατὰ
1010 3496 1069 3555 τοῦ
1097 3493 1249 3578 ἀμεροῦς
1276 3495 1452 3582 ἰσοταχῶς
1478 3514 1494 3555 υ

152 3614 187 3664 30
738 3593 923 3657 κινεῖσθαι.

284 3745 406 3812 Ἕπεται
428 3751 471 3832 τῷ
496 3749 543 3810 καί
566 3748 598 3810 τδ
622 3745 745 3829 μέγεθος
766 3749 813 3810 καί
836 3748 884 3811 τδν
906 3749 1012 3832 χρόνον
1038 3747 1069 3817 ἐξ
1091 3748 1259 3833 ἀδιαιρέτων
1282 3753 1452 3833 συγκεῖσθαι
1467 3770 1494 3812 ιο

206 3853 297 3935 λέγειν
324 3853 356 3913 τδ
379 3852 470 3913 πάντα
497 3851 532 3913 τὰ
559 3850 713 3933 κινούμενα
740 3850 812 3914 κατὰ
840 3855 890 3913 τοῦ
917 3852 1043 3935 ἀμεροῦς
1071 3852 1217 3936 ἰσοταχῶς
1242 3856 1396 3917 κινεῖσθαι·
1426 3858 1453 3920 εἰ

153 3985 262 3992 ---.,.
270 3985 325 3991 ——
336 3985 349 3989 --

155 4058 165 4107 l
186 4053 220 4108 δι’
240 4056 316 4108 αὐτοῦ
336 4075 351 4106 α
452 4055 525 4106 θδιοῖ
544 4054 661 4121 σώματος
679 4061 771 4125 χωρεῖν
791 4056 831 4107 tit.
932 4056 948 4108 3
966 4059 1025 4114 τοὺς
1044 4055 1224 4117 Πλατωνικοὺς
1241 4061 1300 4117 τοὺς
1318 4061 1347 4113 ἐκ
1367 4062 1406 4113 tit.

153 4143 178 4197 5.
196 4143 211 4195 6
237 4144 266 4196 οὐ
280 4173 310 4180 -
324 4142 401 4211 ἔσται]
421 4144 452 4194 τὰ
471 4143 501 4210 δὴ
520 4143 633 4211 νοήματα
656 4141 685 4194 οδ
704 4142 809 4210 σώματα
827 4141 885 4195 οὐδ’
904 4142 934 4194 ἂν
952 4144 981 4195 τδ
1000 4144 1084 4196 κοινὸν
1103 4147 1142 4215 τίη
1161 4153 1242 4214 σῶμα,
1267 4148 1349 4219 νόημά
1367 4167 1394 4200 τι
1413 4147 1441 4200 δν
1459 4155 1504 4202 τοῦ

152 4235 237 4282 κοινοῦ
251 4230 254 4298 Ι
270 4230 387 4298 σώματος
406 4227 456 4282 οὐδ’
473 4229 572 4300 ὁρισμὸς
591 4231 639 4283 οὐκ
658 4231 709 4284 ίστι
727 4231 845 4299 σώματος
864 4230 964 4302 ὁρισμός
982 4234 1023 4284 tit.
1037 4250 1052 4284 a
1065 4233 1109 4300 Sp.
1197 4234 1213 4287 8
1233 4236 1275 4287 καῖ
1294 4236 1320 4287 αί
1338 4234 1410 4288 ἄλλαι
1429 4238 1470 4288 ιθ.

153 4319 219 4372 9τολ
237 4314 298 4388 παρ’
310 4320 350 4370 tit.
442 4320 470 4370 ll
493 4319 548 4386 οὐκ,
568 4319 697 4388 εἰαὸρ.ι
717 4320 765 4371 σὐκ
782 4324 815 4372 V:
836 4321 857 4372 εἰ
876 4321 915 4372 tit.
1007 4320 1037 4371 12
1056 4319 1070 4372 δ
1089 4322 1132 4373 καλ
1150 4336 1198 4373 om.
1212 4324 1252 4375 tit.
1266 4323 1310 4390 Sp.
1396 4323 1427 4376 13
1446 4324 1506 4378 εῖναι

153 4421 202 4459 om.
222 4408 263 4459 tit.
370 4405 488 4478 ὑπάρχειν
508 4407 588 4478 ἀρχὴν
608 4407 731 4476 κινήσιως
749 4409 789 4459 tit.
898 4407 929 4461 15
948 4408 969 4459 εἰ
988 4423 1037 4461 om.
1056 4411 1096 4460 tit.
1197 4409 1273 4468 ἀίδιος
1292 4412 1343 4463 ἐστι
1361 4410 1390 4463 τδ
1408 4413 1449 4464 tit.

156 4493 187 4545 19
204 4489 382 4563 Ἀριστοτέλην
401 4512 417 4545 τι
435 4494 480 4562 Sp.
586 4493 620 4545 20
645 4492 741 4564 φθορᾶς
758 4493 947 4563 Ἀριστοτέλους
965 4494 1048 4553 ἄλλως
1066 4498 1106 4548 tit.
1209 4498 1240 4549 θλ
1270 4497 1331 4550 αὐτὸ
1354 4500 1394 4551 tit.
1414 4517 1430 4551 υ
1448 4502 1505 4567 Sp.:

154 4580 224 4649 αιίτηῖ
242 4584 265 4629 V
372 4581 406 4632 ⁴22
423 4579 495 4633 λίθου
514 4579 596 4633 διὰτί
618 4580 684 4634 έλιιει
706 4581 748 4634 τὸν
767 4580 866 4655 σίδηρον
884 4583 924 4635 tit.
943 4581 988 4650 Sp.
1088 4582 1122 4636 ⁴23
1141 4583 1225 4657 ψυχῆς
1239 4581 1429 4654 Ἀριστοτέλους
1448 4584 1505 4655 μετ’

152 4670 206 4720 tit.:
235 4667 318 4740 ψυχῆς
341 4669 473 4739 εἰρημένης
496 4665 554 4737 μετ’
576 4670 642 4721 vict.
743 4669 823 4741 ἀρχῆς
847 4669 904 4740 τίμα
1140 4671 1173 4724 24
1201 4673 1230 4724 ἐκ
1249 4679 1294 4725 τοῦ
1313 4674 1390 4726 αὐτοῦ
1413 4674 1506 4735 λέξεως

152 4770 217 4808 corr.
240 4757 267 4808 in
286 4755 376 4814 λέξεως
395 4756 424 4807 ἐκ
443 4761 487 4807 τοῦ
506 4757 584 4809 αὐτοῦ
604 4760 626 4806 V
717 4755 794 4828 ἄλλης
816 4754 876 4819 λέξο
1140 4776 1158 4812 υ
1179 4766 1232 4812 τῶν
1255 4763 1310 4832 περὶ
1334 4763 1417 4832 ψυχῆς
1434 4759 1507 4840 Ἀργ·

154 4842 284 4902 στοτέλους
302 4843 415 4915 ἐξήγησις
433 4846 472 4896 tit.
561 4844 594 4896 26
614 4846 672 4897 add.
692 4844 759 4897 vict.
857 4842 868 4899 ἰ
1152 4848 1215 4900 *ml
1232 4848 1273 4916 τὸ]
1293 4853 1392 4903 κατὰυ

155 4931 188 4987 32
208 4933 273 4986 κατὰ
290 4937 335 4987 τοῦ
353 4933 460 5004 άμιροῦτ
478 4932 585 4986 B²fls²a
605 4932 662 5003 Sp.:
681 4933 710 4988 τὸ
728 4934 818 5007 ἀμερές
835 4936 868 4989 vt
