3540 5610
214 321 301 360 XXXIV
645 332 647 337 “
796 317 990 372 PRAEFATIO

213 490 264 575 sit,
287 491 487 558 dubitatione
510 498 618 557 tamen
641 497 821 578 exemptum
844 499 903 576 est,
930 498 1059 575 praeter
1081 489 1195 557 Veneti
1218 492 1245 556 V
1272 491 1463 577 apographa
1488 490 1568 556 nibil

214 610 245 676 ei
269 611 503 695 suppeditasse.
546 633 588 679 ne
616 612 756 678 Eusebio
784 612 911 695 quidem
939 632 1015 678 usus
1042 617 1101 694 est,
1135 630 1211 676 nam
1242 612 1339 678 vertit
1367 611 1567 696 retes—29

212 733 259 793 καὶ
282 730 543 817 γὰρ-εἰρημένον]
570 733 679 795 etenim
705 734 733 794 si
757 755 811 797 neo
836 736 941 797 ommia
970 729 1148 817 quaesierit
1172 731 1289 795 dr'etam
1315 753 1479 796 numeram
1505 752 1568 794 aon

211 851 357 913 excederet
379 857 412 915 et
437 851 555 930 16124
578 850 630 915 ubi
654 871 764 917 verum
787 854 838 919 vel
861 871 902 918 ex
924 851 959 917 a’
981 852 1084 937 potuit
1106 852 1230 917 disoere
1252 870 1322 916 oum
1338 852 1463 918 Veneto
1476 851 1569 935 fruc-

211 980 299 1032 tuum
324 972 520 1055 quorundam
545 974 775 1036 attrectationes.
828 971 1051 1038 dubitantibus
1073 971 1157 1037 bano
1184 970 1326 1036 tabulam
1353 991 1501 1056 propono
1524 971 1569 1036 lo

210 1109 319 1154 eorum
341 1090 374 1154 in
398 1091 520 1157 Veneto
543 1098 762 1174 corruptorum
785 1092 881 1159 etad
904 1092 1036 1159 verbum
1059 1111 1080 1156 a
1102 1089 1266 1174 Bagolinis
1287 1089 1484 1156 redditorum

283 1244 412 1311 idest—3
432 1244 594 1314 ὧν-ε1πεῑν]
614 1265 713 1312 quorum
731 1249 756 1298 in
771 1248 859 1313 primis
878 1266 907 1299 ea
926 1248 956 1299 de
974 1267 1010 1311 re,
1035 1247 1096 1314 quid
1112 1257 1173 1298 erret
1192 1247 1268 1296 moins
1286 1263 1358 1312 quom
1376 1264 1406 1296 eu:
1424 1245 1568 1297 Aristotelis

410 1336 528 1385 sententia
547 1335 626 1385 dicere

283 1421 503 1487 170,24-111,1
527 1423 762 1496 ἂν-εἱμαρμένην]
781 1426 830 1476 nebi
846 1425 906 1491 quid
922 1424 1007 1476 melius
1025 1425 1050 1474 in
1068 1425 1124 1488 ipra
1136 1423 1233 1487 scrotum
1252 1425 1283 1473 ab
1302 1440 1332 1473 ea
1354 1440 1417 1488 quae
1436 1423 1567 1473 secandum

409 1523 521 1562 naturam
534 1514 652 1579 emeruerit,
671 1513 765 1563 dolores
776 1515 933 1577 sustinebunt,
952 1524 973 1564 et
985 1514 1051 1563 mola
1062 1513 1186 1577 patientur
1204 1521 1226 1562 et
1244 1512 1370 1563 intralibus
1388 1511 1467 1562 exitus
1482 1530 1567 1562 rursus

410 1601 476 1650 ritae
495 1599 623 1651 seeundum
634 1600 716 1664 satum
735 1613 789 1652 runt

282 1686 360 1751 185,7
397 1685 628 1757 ὃ-βουλευοίμεθα
646 1690 713 1755 quod
728 1691 751 1740 ri
767 1709 814 1741 non
832 1691 1028 1753 consuluerimus,
1040 1691 1124 1758 forise
1141 1690 1165 1739 si
1180 1687 1333 1740 consulamur

287 1775 363 1839 lew
400 1775 580 1846 περὶ-καλόν]
601 1778 650 1842 ipsi
666 1795 713 1842 pro
732 1778 793 1843 ipreir
812 1779 860 1829 sint
878 1779 962 1830 bonnm

346 1864 379 1915 211
399 1865 420 1916 el
438 1865 606 1934 γὰρ-ἡμῶν]
625 1884 680 1915 noro
700 1868 725 1916 ai
741 1884 768 1916 eo
787 1867 855 1918 modo
873 1886 889 1916 α
908 1868 976 1918 nobis
986 1868 1055 1931 fiunt

281 1949 429 2015 leat-12
447 1951 793 2023 &retrario-repeterem]
816 1954 862 2004 sed
883 1956 992 2005 omittant
1009 1971 1142 2005 sermonum
1164 1953 1322 2015 ambitionem,
1343 1952 1520 2018 concedantque
1540 1954 1568 2003 id

408 2041 473 2105 quod
490 2042 515 2090 r'rr
532 2043 600 2091 nobis
619 2041 719 2093 solutum
738 2060 791 2092 esre
810 2042 955 2108 liberumque
980 2042 1108 2093 arbitrium
1125 2053 1147 2092 et
1168 2049 1291 2091 auctorem
1309 2040 1334 2089 in
1352 2039 1471 2107 6119611111
1490 2058 1566 2106 oppo-

406 2129 505 2194 sitaeque
523 2130 632 2196 operariis,
655 2131 679 2180 irr
698 2130 736 2179 lis
755 2148 817 2194 quoe
835 2131 964 2182 bominibus
982 2139 1110 2181 occurram
1128 2129 1210 2179 merito
1222 2129 1322 2180 varari
1338 2127 1462 2194 creditum,
1480 2138 1530 2178 tum
1547 2146 1565 2178 a

405 2216 546 2282 vnlyaribue
564 2236 636 2282 quom
654 2237 670 2267 a
689 2216 867 2283 lepirlotorr'bns

276 2302 411 2368 tobi—3
447 2302 582 2372 τὸ-πᾶν]
605 2305 686 2356 dicere
704 2323 761 2355 vero
776 2318 909 2371 praestare
932 2305 994 2371 illos,
1021 2307 1066 2372 qui
1087 2324 1132 2356 non
1147 2315 1235 2370 putant
1259 2305 1283 2354 in
1305 2303 1424 2354 remando
1446 2303 1565 2354 actionem

407 2393 545 2443 animalium
563 2395 727 2462 impulsoriom
744 2395 841 2446 servari
859 2396 907 2445 iam
927 2406 948 2445 et
967 2395 999 2455 r'd,
1018 2394 1085 2460 quod
1102 2395 1127 2444 in
1145 2394 1221 2456 nobie,
1240 2411 1267 2444 eo
1286 2393 1353 2458 quod
1368 2410 1415 2443 non
1433 2410 1509 2444 omne.

290 2528 382 2594 Addo
405 2529 509 2614 ipsum
533 2530 700 2614 emblema,
723 2530 809 2613 quod
831 2531 945 2615 nont-1
966 2550 1043 2596 casn
1064 2528 1193 2627 irrepsit
1207 2549 1304 2595 sensu
1326 2528 1421 2614 plane
1437 2548 1563 2614 oarens,

203 2648 245 2713 ab
268 2648 323 2714 illo
347 2656 509 2714 servatum
532 2670 613 2715 esse.
659 2670 699 2714 ex
723 2656 837 2716 neutra
859 2650 1034 2716 editionum
1057 2650 1176 2735 pendet
1199 2647 1384 2732 Bagolinns,
1405 2648 1466 2714 etsi
1488 2668 1563 2714 oum

205 2774 341 2851 utraque
364 2767 520 2834 affinitate
544 2769 731 2834 ooniunotus
754 2775 812 2836 est.
860 2769 1019 2835 eonsentit
1041 2768 1125 2836 enim
1148 2789 1220 2835 oum
1242 2768 1420 2853 posteriore
1444 2768 1563 2852 17120

205 2887 298 2970 181,8
323 2888 436 2971 181125
461 2889 553 2972 191,2
576 2889 702 2974 201,10,
726 2909 796 2954 oum
813 2895 947 2972 utraque
973 2888 1085 2972 182,16
1109 2888 1363 2973 186,19189,16
1388 2888 1562 2972 1992225

204 3006 331 3088 ignorat
353 3014 460 3073 autem
477 3008 661 3094 posterioris
683 3008 941 3074 emendationem
958 3009 1130 3093 1912425
1152 3015 1185 3074 61
1207 3007 1321 3093 prioris
1346 3009 1453 3093 165,3;
1475 3009 1563 3074 laon-

203 3144 273 3209 nas,
289 3146 372 3209 quae
387 3127 421 3192 a¹
439 3136 471 3193 et
486 3127 521 3193 a'
536 3149 720 3194 communes
735 3134 818 3211 sunt,
835 3128 987 3213 explevit,
1010 3136 1043 3195 et
1058 3148 1129 3193 oum
1145 3127 1295 3193 oodiooA
1310 3135 1343 3194 et
1359 3127 1384 3193 O
1400 3128 1562 3193 eonsentit

203 3244 235 3308 in
258 3246 392 3311 notabili
415 3248 552 3315 lectione
573 3247 628 3333 (of.
653 3269 681 3331 p.
698 3247 825 3331 XXXI)
848 3249 939 3331 177‚1
964 3248 1017 3312 οὐκ
1039 3247 1120 3312 ἔσται
1143 3248 1250 3312 δυνατὰ
1273 3247 1341 3312 ὄντα
1360 3246 1424 3312 οὖσι
1440 3249 1561 3331 μάντεσι

203 3367 334 3436 δυνατοῖς
357 3366 461 3433 εἰδόσιν
485 3370 536 3452 μὲν
558 3369 632 3433 αὐτὰ
655 3367 864 3451 κεκωλυκέναι]
887 3390 950 3431 reon
971 3379 1062 3432 erum
1084 3367 1244 3450 possibilia
1265 3370 1365 3433 ontio:
1391 3391 1463 3432 oum
1485 3390 1559 3454 pos-

203 3489 265 3550 sint
285 3491 349 3572 r'pooi
368 3499 459 3570 oeteo,
483 3492 539 3574 qui
560 3489 888 3574 961116111609116166111,
910 3511 946 3552 ea
960 3490 1029 3573 ipsa
1044 3488 1243 3573 impedioiare.
1281 3488 1362 3555 liber
1378 3488 1474 3571 igitur
1489 3488 1559 3555 sive

203 3607 285 3692 libri,
302 3608 416 3690 quibus
432 3607 579 3691 Bagolini
596 3608 644 3673 usi
660 3614 742 3691 sunt,
758 3607 938 3673 intermedii
955 3607 1060 3673 iaoent
1074 3606 1158 3673 inter
1169 3607 1326 3673 Venetam
1342 3614 1375 3672 et
1390 3606 1559 3674 editiones.

288 3727 466 3793 Ediderunt
497 3727 638 3793 libellum
673 3734 746 3811 post
778 3727 1015 3793 Trinoavellum
1049 3728 1188 3791 Ioannes
1212 3726 1365 3793 Olennius
1392 3726 1560 3793 Rostoobii

203 3866 287 3912 anno
313 3847 404 3929 1588,
426 3847 608 3924 Antoninus
631 3867 702 3911 oum
725 3846 826 3912 latina
847 3846 996 3913 versione
1011 3845 1147 3910 Londini
1166 3846 1258 3931 1658,
1281 3847 1420 3912 loannes
1437 3845 1559 3913 Onnum

203 3987 273 4032 oum
296 3965 441 4048 Hugonis
465 3966 567 4032 Grotii
591 3967 740 4032 versione
762 3965 863 4030 latina
885 3965 991 4031 Turioi
1016 3967 1107 4032 1824.

288 4086 441 4153 Cussnrus
457 4085 571 4169 quibus
587 4085 737 4150 subsidiis
752 4106 828 4150 usus
844 4085 894 4170 sit,
916 4085 949 4149 in
966 4085 1177 4169 praefatione,
1199 4106 1261 4168 quo
1278 4085 1442 4151 Andreem
1457 4084 1560 4151 Pson-

202 4229 280 4273 nruu
303 4205 495 4288 adloquitur,
521 4224 674 4287 „quocum
697 4212 773 4271 ante
795 4205 859 4269 duo
883 4212 914 4270 et
936 4203 1048 4286 viginti
1071 4225 1174 4271 annos
1196 4205 1230 4270 in
1252 4205 1366 4272 eodem
1389 4206 1559 4271 contuber-

202 4329 255 4393 nio
272 4328 437 4393 Bononiae
459 4327 538 4391 satis
561 4324 760 4390 familiariter
776 4324 888 4407 vixit“‚
911 4329 943 4388 et
966 4331 1051 4389 taoet
1066 4345 1170 4407 neque
1192 4345 1253 4390 nos
1274 4344 1345 4389 oum
1368 4323 1559 4390 difficultate

202 4468 357 4530 quaerere
380 4455 516 4531 oportet.
550 4467 625 4511 nam
643 4444 856 4509 Zanettianae
879 4444 1021 4527 editioni,
1045 4443 1134 4509 ouius
1157 4452 1190 4510 et
1211 4444 1290 4511 vitia
1312 4451 1345 4510 et
1367 4443 1559 4509 omissiones

202 4567 328 4651 repetit,
352 4574 417 4632 tam
441 4576 509 4633 arte
533 4587 568 4632 se
591 4564 775 4648 adplicavit,
799 4571 834 4627 ut
856 4563 1002 4629 dubitare
1026 4562 1130 4649 liceat,
1153 4585 1229 4629 num
1245 4564 1396 4630 Aldinam
1420 4561 1558 4628 noverit.

202 4687 232 4754 ei
254 4694 362 4752 autem
385 4687 570 4772 posterioris
593 4684 741 4751 editionis
764 4685 926 4770 exemplo,
954 4705 1017 4767 quo
1040 4705 1116 4750 usus
1139 4691 1202 4769 est,
1230 4684 1380 4750 videntur
1403 4703 1444 4750 ex
1467 4681 1559 4748 libris

202 4806 440 4891 nrannsoriptis‚
464 4827 543 4891 quos
566 4825 664 4890 supra
686 4805 845 4889 recensui,
867 4805 1042 4869 nonnullae
1064 4804 1219 4870 leotiones
1241 4804 1424 4888 adscriptae
1445 4801 1556 4869 fuisse.

201 4927 248 4993 ita
270 4928 446 5014 explicatur
469 4948 496 4993 e.
520 4947 565 5010 gr.
590 4927 708 5010 19ss‚16
731 4926 924 5010 20112627.
