3540 5610
715 334 856 392 ΒίΒΑΙΟΝ
876 335 1004 393 ἸῬΙἸῸΝ
1024 338 1039 390 9
1513 338 1553 404 97

260 513 322 576 τίων
344 514 380 576 τὰ
394 513 469 577 αὐτὰ
491 510 553 596 [τὰ]
574 513 757 596 αἰσθητήρια,
781 508 928 596 ἀδόναλτον
951 510 977 574 δ’
998 512 1027 574 ἐν
1051 516 1093 596 τηῖ
1113 510 1192 595 αὐτῷ
1209 511 1392 595 αἰσθητηρίιρ
1408 511 1482 574 κατὰ
1504 515 1553 571 181

260 617 289 678 τὸ
311 615 382 679 αὐτὸ
406 615 492 699 μέρος
515 614 576 697 ἅμα
604 614 638 676 τά
661 615 719 676 άπδ
747 620 804 677 τῶν
826 615 959 677 ἐναντίων
985 614 1114 695 γίνεσθαι
1136 614 1227 696 πάθη.
1273 612 1341 675 όταν
1363 612 1415 695 γὰρ
1440 613 1501 697 βέ-

261 743 357 801 πωμεν
381 719 443 801 ἅμα
464 716 566 780 λευκόν
589 740 620 780 τε
643 718 690 779 καὶ
714 717 813 799 μέλαν,
836 718 878 786 οἷς
898 718 998 801 μέρεσι
1019 722 1071 800 τῆς
1094 717 1182 800 κόρης
1204 715 1341 800 ἑκατέρου
1365 715 1459 779 αὐτῶν
1482 716 1501 797 1η

259 818 380 902 ἔμφασις
401 822 518 903 γίνεται,
542 820 639 903 ὥσπερ
662 820 777 904 ὁρῶμεν
799 821 946 902 γινόμενον
973 820 1020 881 καί
1043 820 1091 881 ἐπὶ
1112 824 1170 882 τῶν
1193 820 1375 902 κατόπτρων,
1399 841 1418 880 κ
1441 842 1460 881 ν·
1483 843 1503 882 ει
1530 834 1543 875 ο

229 922 323 992 οοῦτε
351 922 396 1008 ἐφ’
427 922 442 986 δ
466 923 620 986 διαδιδοται
642 926 744 998 ταῦτα,
773 927 856 985 τοῦτο
880 921 905 985 δ’
934 920 1009 985 ἔστιν
1032 924 1073 990 ὡς
1099 921 1178 983 εἰπον
1202 923 1234 984 τὸ
1257 920 1380 1005 ἔσχατον
1403 921 1504 1002 αἰσθη·

256 1026 363 1110 τήριον,
387 1027 479 1095 οὕτως
501 1024 562 1088 οἶόν
584 1049 615 1088 τε
637 1024 816 1088 διαδιδόσθαι
839 1028 880 1093 ὡς
903 1026 943 1107 μὴ
966 1024 996 1086 ἐν
1017 1023 1240 1108 κεχωρισμένοις
1263 1024 1351 1088 αὐτοῦ
1371 1024 1499 1105 γίνεσθαι

258 1129 382 1213 μέρεσιν,
409 1125 478 1193 ὥστ’
507 1128 553 1190 ἐπὶ
578 1129 630 1209 μὲν
652 1133 702 1191 τοῦ
726 1131 860 1210 σώματος
888 1126 1025 1190 άδόνατον
1052 1127 1149 1211 λαβεῖν
1171 1150 1197 1188 τι
1225 1126 1322 1210 όμοιον
1351 1130 1388 1211 τῇ
1416 1125 1504 1190 εἰκόνι
1518 1141 1545 1183 1ο

257 1239 295 1314 τη
318 1237 368 1295 τοῦ
392 1232 516 1315 σημείου
543 1255 573 1293 τε
599 1231 647 1292 καὶ
669 1236 727 1292 τῶν
748 1236 889 1314 γραμμῶν
913 1231 953 1291 ὧν
980 1229 1068 1314 πέρας
1090 1230 1122 1292 τὸ
1146 1233 1275 1312 σημεῖον.
1320 1229 1390 1298 ἴσως
1416 1227 1442 1291 δ’
1470 1228 1504 1292 ἂν

256 1334 431 1420 ἐφαρμόζειν
447 1334 560 1398 δύναιτο
583 1336 692 1416 μᾶλλον
715 1337 752 1414 τῇ
768 1334 888 1413 δυνάμει
911 1337 947 1414 τῇ
970 1337 1021 1394 τοδ
1044 1335 1177 1415 σώματος
1200 1333 1322 1406 ἐκείνου,
1346 1332 1362 1394 δ
1385 1332 1505 1415 λέγομεν

204 1460 237 1506 ιο
255 1436 379 1523 ἔσχατον
402 1438 605 1521 αἰσθητήριον,
632 1434 664 1499 οὗ
687 1437 879 1520 ηαίσθητικὴ
902 1435 1020 1517 δύναμις
1042 1435 1126 1509 εἶδος,
1150 1438 1213 1519 ἧτις
1235 1436 1352 1517 δύναμις
1374 1437 1505 1498 αἰσθάνε-
1520 1449 1546 1490 ¹⁶

256 1565 303 1604 ται
324 1542 373 1604 καὶ
395 1541 482 1624 κρίνει
505 1538 541 1601 τὰ
563 1539 592 1600 ἐν
615 1542 657 1622 τῷ
678 1540 802 1619 σώματι,
825 1538 859 1602 οὗ
880 1538 997 1620 δύναμις
1019 1541 1065 1602 καὶ
1082 1537 1158 1608 εἰδός
1181 1539 1257 1601 ἐστιν
1272 1538 1411 1620 γενόμενα
1432 1535 1506 1599 κατὰ

257 1646 311 1727 τὴν
337 1644 396 1705 άπδ
427 1647 485 1704 τῶν
512 1641 707 1724 αἰσθητηρίων
737 1642 872 1705 διάδοσιν.
917 1643 1013 1724 ἡγὰρ
1035 1641 1152 1723 δυ’ναμις
1182 1643 1255 1725 αὕτη
1283 1641 1335 1722 μιά
1360 1638 1433 1704 οὖσα
1455 1639 1503 1702 καί

258 1749 359 1830 ὥσπερ
381 1745 470 1829 πέρας
491 1748 541 1808 τοῦ
564 1747 701 1827 σώματος
726 1744 828 1807 τούτου
852 1743 885 1808 οὗ
908 1744 1026 1825 δύναμίς
1053 1746 1144 1814 ἐστιν,
1171 1745 1271 1827 ἐπειδη
1294 1744 1342 1805 ἐπὶ
1364 1747 1449 1805 τοῦτο
1471 1743 1504 1804 τὸ
1519 1757 1547 1798 εἰ)

257 1848 383 1935 ἔσχατον
406 1849 435 1911 αί
459 1847 585 1930 κινήσεις
605 1846 748 1931 φέρονται,
773 1846 928 1928 άσώματός
950 1871 982 1910 τε
1004 1845 1077 1911 οὖσα
1100 1848 1327 1929 καὶάδιαίρετος
1350 1848 1396 1909 καὶ
1420 1845 1507 1928 ὁμοία

203 1976 235 2023 15
256 1955 366 2036 πάντη,
395 1951 445 2032 μία
467 1948 549 2024 οὖσα,
573 1951 678 2013 πολλαί
703 1974 765 2018 πως
792 1950 914 2031 γίνονται
938 1955 980 2035 τηῖ
1009 1957 1066 2013 τῶν
1094 1949 1161 2014 καθ’
1189 1950 1310 2013 ἕκαστον
1334 1952 1433 2033 μόριον
1456 1951 1506 2011 τοῦ

258 2058 404 2137 σώματος,
427 2052 461 2117 οὗ
478 2053 594 2134 δύναμίς
618 2053 688 2125 ἐστι,
712 2053 853 2135 κινήσεων
875 2054 1066 2117 αἰσθάνεσθαι
1089 2054 1207 2136 ὁμοίως,
1230 2052 1264 2116 άν
1287 2076 1318 2116 τε
1334 2053 1406 2116 κατὰ
1429 2052 1458 2114 ἕν
1481 2074 1506 2112 τι

258 2157 357 2241 μόριον
384 2157 404 2239 ἡ
431 2156 542 2239 κίνησις
568 2155 598 2218 έν
625 2155 705 2239 αὐτῷ
733 2154 861 2238 γένηται,
891 2155 925 2218 άν
952 2179 983 2219 τε
1010 2158 1083 2220 κατὰ
1110 2157 1209 2218 πλείω.
1255 2156 1284 2217 ἐν
1306 2156 1360 2238 γάρ
1387 2179 1424 2239 τη
1449 2160 1506 2218 τῶν
1520 2169 1547 2210 25

258 2259 398 2323 πλειόνων
426 2259 516 2342 κρίσει
542 2259 647 2321 πολλαί
676 2282 738 2327 πως
764 2260 898 2342 δυνάμεις
924 2260 943 2341 ίγ
972 2259 1022 2341 μία
1051 2260 1156 2341 γίνεται
1183 2263 1223 2327 όνς
1252 2259 1375 2322 ἑκάστου
1407 2258 1507 2342 μορίου

261 2363 349 2444 πέρας
372 2358 486 2446 υἰίκεῖον
510 2361 724 2445 λαμβανομένη.
761 2361 794 2422 τὸ
818 2362 869 2443 μὲν
891 2361 946 2445 γὰρ
968 2367 1054 2442 σῶμα
1077 2361 1129 2424 οὐκ
1145 2362 1263 2425 ἐδύνατο
1285 2362 1346 2443 ἅμα
1369 2363 1488 2425 κατὰτὸ
1513 2366 1561 2423 186

201 2487 237 2533 20
258 2465 328 2528 αὐτὸ
345 2464 436 2528 πλείω
452 2464 592 2548 δέχεσθαι
614 2465 707 2547 πάθη,
730 2464 776 2526 διὰ
792 2465 824 2527 τδ
840 2464 979 2526 ἀδύνατον
995 2462 1066 2526 εἰναι
1082 2464 1117 2525 τὰ
1140 2465 1251 2527 ἐναντία
1268 2466 1298 2526 ἐν
1313 2470 1356 2549 τῷ
1371 2465 1451 2549 αὐτη]
1469 2462 1506 2546 γί-

258 2568 359 2631 νεσθαι
375 2567 437 2648 ἅμα
452 2589 483 2629 τε
495 2564 644 2649 <κα1>κατ’
660 2565 744 2629 αὐτό·
762 2567 873 2630 ἐναντία
886 2565 943 2650 (δὲ)
955 2567 987 2628 τδ
1004 2566 1079 2634 εἶδος
1094 2568 1126 2628 τὸ
1142 2571 1192 2629 τοδ
1208 2571 1313 2630 λευκοῦ
1330 2569 1376 2631 καί
1389 2565 1447 2651 (τὸ)
1459 2572 1509 2630 τοῦ
1536 2583 1550 2624 ο

260 2670 391 2754 μέλανος.
425 2671 469 2732 διδ
492 2669 574 2731 οὐδὲν
597 2667 658 2731 οἶόν
681 2691 712 2732 τε
728 2673 815 2751 σῶμα
838 2669 900 2752 ἅμα
923 2668 1063 2753 δέχεσθαι
1078 2673 1177 2744 ταῦτα,
1201 2671 1275 2733 ἀλλὰ
1298 2675 1348 2734 τοῦ
1371 2672 1510 2754 αἰσθητη-

259 2773 322 2857 ρίου
345 2772 456 2835 ἐκείνου
480 2770 542 2835 κατ’
564 2770 635 2834 ἄλλο
659 2772 710 2851 μὲν
734 2769 833 2855 μόριον
856 2773 925 2834 τάδε
948 2772 1009 2834 τινὰ
1033 2777 1089 2834 τῶν
1105 2773 1254 2856 αἰσθητῶν
1277 2779 1334 2835 τῶν
1357 2773 1419 2855 ἅμα
1441 2795 1508 2856 προ-

260 2874 440 2939 σπιπτόντων
455 2874 587 2957 γίγνεται,
611 2872 674 2937 κατ’
695 2873 766 2936 άλλο
790 2874 912 2937 δὲτάδε
935 2879 992 2936 τῶν
1008 2877 1066 2938 ἀπὸ
1091 2879 1147 2937 τῶν
1170 2878 1293 2960 πρώτων
1310 2876 1508 2960 αἰσθητηρίων

203 2999 239 3048 25
260 2976 307 3042 ἐπ’
329 2977 399 3041 αδτδ
422 2976 590 3061 φερομένων
613 2977 660 3040 τδν
683 2975 799 3060 τρόπον.
843 2978 861 3059 ἡ
885 2978 917 3039 δὲ
939 2976 1058 3060 δύναμις
1079 2981 1098 3062 ἡ
1122 2979 1278 3062 αἰσθητικὴ
1301 2977 1396 3041 οὐκέτι
1420 2981 1551 3041 nexui-10

260 3085 345 3144 λυται
367 3080 429 3163 ἅμα
451 3081 502 3163 τὴν
527 3080 615 3163 κρίσιν
638 3070 734 3142 αὐτῶν
758 3082 917 3158 ποιεῖσθαι,
946 3079 990 3143 ότι
1013 3083 1054 3164 μὴ
1078 3080 1180 3145 ταύτόν
1203 3082 1262 3145 ἐστι
1284 3083 1317 3144 τὸ
1341 3083 1443 3166 κρίνειν
1466 3086 1508 3167 τῷ

260 3184 374 3246 παθεῖν.
419 3183 522 3246 παθεῖν
546 3183 598 3264 μὲν
620 3183 675 3265 γάρ
698 3205 724 3244 τι
747 3184 778 3244 τὸ
801 3183 872 3246 αὐτὸ
895 3183 956 3265 ἅμα
978 3184 1013 3246 τὰ
1036 3184 1149 3248 ἐναντία
1171 3184 1320 3260 ἀδύνατον,
1342 3185 1385 3249 ότι
1408 3186 1510 3249 ἀδύνα-

261 3310 309 3348 τον
332 3286 394 3369 ἅμα
419 3309 446 3347 τι
468 3285 609 3370 δέχεσθαι
635 3284 671 3347 τὰ
693 3286 805 3348 ἐναντία
831 3286 1050 3370 (άσυνόπαρκτα
1077 3288 1109 3349 δὲ
1136 3287 1171 3350 τὰ
1193 3289 1333 3371 ἐναντία),
1366 3293 1456 3371 κρῖναι
1479 3291 1511 3352 δὲ
1526 3305 1551 3346 ιο

261 3389 323 3470 ἅμα
345 3388 381 3451 τδι
403 3388 517 3450 ἐναντία
540 3388 622 3451 οὐδὲν
643 3389 786 3465 ἀδυνατεῖ,
809 3388 852 3451 ότι
877 3390 917 3472 μὴ
940 3387 1016 3452 ἔστιν
1041 3391 1069 3452 ἐν
1090 3391 1180 3474 κρίσει
1202 3392 1315 3455 ἐναντία
1338 3393 1370 3454 τδ
1394 3393 1425 3453 τὸ
1449 3396 1510 3454 λευ-

200 3513 241 3561 3ο
259 3492 310 3554 κδν
333 3491 437 3554 λευκὸν
459 3496 552 3575 κρῖναι
582 3492 629 3554 καὶ
657 3492 689 3553 τὸ
718 3492 806 3572 μέλαν
830 3492 928 3575 μέλαν.
974 3496 1014 3562 ως
1037 3493 1090 3577 γὰρ
1119 3495 1213 3578 ἐντῷ
1238 3496 1361 3578 πάσχειν
1385 3495 1510 3557 ἐναντίον

261 3597 296 3658 τὸ
317 3594 354 3657 τὰ
375 3593 489 3656 ἐναντία
517 3592 578 3678 [τὸ]
601 3595 705 3658 παθεῖν
735 3598 767 3658 τὸ
790 3596 860 3659 αὐτὸ
890 3595 976 3679 μέρος
1003 3597 1050 3659 καὶ
1073 3597 1103 3659 ἐν
1126 3597 1222 3680 ταύτῷ
1245 3597 1362 3682 χρόνῳ,
1393 3599 1440 3660 καὶ
1464 3597 1552 3660 διὰιιυ

258 3701 346 3761 τοῦτο
368 3697 398 3760 ἐν
421 3702 464 3781 τῷ
488 3698 612 3781 πάσχειν
636 3702 718 3761 τοῦτο
742 3698 895 3772 ἀδύνατον,
924 3699 1016 3768 οὕτως
1039 3699 1069 3761 ἐν
1092 3700 1184 3783 κρίσει
1206 3702 1290 3763 πάλιν
1314 3700 1452 3764 ἀδύνατον
1475 3702 1508 3762 τὸ

259 3801 295 3863 τδ
316 3800 422 3863 λευκὸν
445 3800 519 3882 ὁμοῦ
544 3800 595 3881 μὲν
611 3801 722 3877 λευκόν,
746 3804 820 3884 όμοδ
843 3803 874 3864 δὲ
899 3802 987 3886 μέλαν
1004 3803 1215 3887 ὑπολαμβάνειν
1239 3804 1319 3868 εῖναι.
1358 3805 1401 3867 διδ
1425 3805 1510 3866 πάλιν

261 3903 293 3964 ἐν
315 3903 406 3986 κρίσει
429 3903 461 3964 τὸ
485 3902 576 3971 οὕτως
598 3902 667 3988 ἔχον
690 3905 915 3988 άσυνόπαρκτον.
961 3907 993 3968 τδ
1018 3907 1069 3987 μὲν
1094 3906 1182 3987 μέλαν
1206 3907 1310 3988 μέλαν,
1337 3910 1369 3970 τὸ
1393 3910 1425 3970 δὲ
1447 3912 1511 3972 λευ-
1525 3924 1551 3965 ⁹51

201 4026 239 4074 35
260 4005 312 4068 κδν
335 4005 436 4067 λευκδν
459 4005 550 4068 εἰπεῖν
573 4005 626 4068 οὐκ
641 4007 790 4083 ἀδύνατον,
814 4007 857 4069 ότι
881 4007 949 4091 μηδ’
971 4009 1106 4071 ἐναντίον.
1140 4009 1166 4072 εἰ
1189 4011 1240 4092 μὲν
1263 4009 1317 4093 γάρ
1341 4010 1376 4095 ἦν
1399 4012 1509 4095 ἀνάγκη

260 4109 310 4171 καὶ
333 4108 362 4170 ἐν
384 4108 558 4191 τῇδυνάμει
579 4115 617 4190 τῇ
640 4109 777 4192 κρινοόση
802 4110 979 4195 τὰαίσθητὰ
1001 4111 1037 4174 τὰ
1059 4109 1122 4194 είδη
1147 4110 1150 4197 i
1175 4118 1289 4198 πρῶτον
1312 4118 1369 4176 τῶν
1393 4114 1493 4198 αἰσθη-
1516 4121 1564 4177 181

203 4334 219 4385 l
248 4331 283 4383 τά
306 4346 356 4383 om.
375 4349 391 4382 a
408 4329 453 4398 Sp.
568 4333 584 4383 4
603 4332 712 4384 fortasse
730 4332 799 4396 (οὔτε
816 4332 870 4401 ἅμα
888 4334 913 4385 ἐν
933 4341 983 4392 τοῖς
1002 4334 1084 4393 αὐτοῖς
1103 4334 1259 4404 ἐμφαίνεται)
1278 4335 1336 4388 οὔτε
1441 4334 1457 4387 5
1480 4335 1566 4405 ἐφόδια

207 4416 348 4471 διαδίδοται
366 4419 449 4471 Fsea
572 4420 589 4471 8
612 4419 648 4471 ὧν
666 4421 733 4473 vict.
752 4420 808 4488 Sp.:
837 4421 872 4479 ὡς
896 4422 954 4475 libri
1083 4424 1113 4476 15
1141 4426 1250 4476 sortasse
1273 4423 1364 4490 γίνεται
1471 4426 1502 4474 111
1530 4442 1567 4474 κι-

201 4506 305 4575 νήσεων
324 4507 429 4573 scripsi:
458 4505 580 4575 κινήσεως
601 4506 661 4560 libri
780 4509 810 4560 111
829 4508 999 4578 λαμβάνοντος
1012 4510 1047 4562 B²
1153 4512 1183 4562 21
1204 4513 1247 4562 καὶ
1266 4517 1291 4563 et
1310 4509 1335 4561 δὲ
1354 4517 1379 4562 et
1398 4510 1426 4562 τὸ
1443 4511 1530 4562 addidi

204 4588 270 4646 κατ’
289 4591 363 4661 niti]
382 4594 449 4645 κατὰ
470 4594 547 4646 ταίιτδ
571 4594 616 4663 Sp.
723 4595 742 4648 1.
762 4597 854 4665 γὰρτὸ
873 4598 908 4649 B'J
1030 4599 1064 4650 23
1081 4599 1187 4651 izemo
1207 4599 1263 4665 δρα
1292 4597 1374 4649 έκεῖνο
1393 4598 1452 4650 libri

205 4680 242 4732 25
271 4680 311 4731 1πί
329 4680 372 4732 τὸν
391 4680 467 4734 αὑτὸν
486 4701 513 4752 φ.
532 4682 608 4734 τόπον
627 4684 695 4735 coni.
715 4682 772 4750 Sp.:
802 4683 910 4736 fortasse
935 4685 1045 4750 (παθῶν)
1064 4687 1102 4738 ἐπ.
1122 4686 1183 4739 witi
1208 4705 1234 4754 φ.
1253 4688 1364 4748 (τοῦτον)
1382 4702 1404 4736 τ.
1424 4703 1461 4753 τρ.

207 4767 243 4822 28
262 4766 301 4836 δὲ]
320 4769 366 4838 γὰρ
385 4786 401 4820 υ
418 4769 463 4838 Sp.
561 4770 592 4822 31
613 4769 642 4822 τδ
661 4771 710 4823 del.
729 4770 796 4823 B²s²
814 4789 830 4822 a
848 4771 892 4839 Sp.
991 4774 1079 4827 παθεῖν
1099 4773 1212 4826 κατὰτὸ
1231 4772 1376 4838 Βῗεθευρ.
1477 4772 1507 4823 31
1529 4774 1568 4841 τῷ

207 4853 280 4924 αθτηῖ
296 4873 313 4907 ε
331 4856 376 4924 Sp.
487 4858 521 4912 35
549 4856 761 4910 οθκαδθνατονν
869 4858 902 4911 311
930 4858 1049 4930 αἰσθητὰ]
1075 4860 1105 4913 σθ
1128 4863 1156 4913 iu
1180 4861 1218 4913 lit.
1238 4865 1262 4912 V
1369 4857 1432 4927 είδη]
1457 4858 1568 4912 fortasse

209 4940 280 5012 πάθη
370 4944 483 5014 πρῶτον]
501 4944 549 5016 πρδ
567 4951 621 4997 τῶν
640 4945 707 4997 coni.
727 4944 771 5011 Sp.
861 4954 913 5000 τῶν
933 4965 982 5000 om.
1002 4967 1018 4999 a
1037 4948 1080 5016 Sp.

261 5052 334 5102 sappi
351 5053 417 5093 Arist.
430 5050 479 5094 112
506 5055 568 5094 Alex.
582 5055 663 5104 scripta
676 5054 766 5092 minen.
1349 5037 1364 5099 1
