3540 5610
640 327 697 399 [ου
715 326 831 409 κνοω
852 329 956 384 υιυυυ
978 330 1105 400 ALTER]
1487 304 1547 394 155

249 526 339 593 φορρν
365 499 386 583 ᾖ
415 501 513 566 καλόν.
555 502 615 566 εἴτε
641 503 695 588 γὰρ
723 505 763 588 μὴ
790 504 921 586 γνωρίζει
948 506 1004 564 πᾶν
1030 501 1131 570 καλόν,
1159 501 1220 565 οὐδ’
1247 503 1281 566 ἂν
1310 503 1376 567 τόδε
1403 524 1428 563 τι
1454 504 1495 570 ῶς

249 606 339 671 καλὸν
359 607 493 690 γνωρίζοι
514 605 581 688 (μία
603 607 656 691 γὰρ
677 603 781 689 γνῶσις
807 607 827 690 η
848 610 901 670 τοῦ
923 609 1013 669 καλοῦ
1041 605 1116 669 καθδ
1138 605 1257 689 καλόν),
1288 605 1347 670 εἴτε
1367 605 1497 690 γνωρίζει

249 708 318 790 μέν,
346 709 388 792 μὴ
416 710 538 793 αἱρεῖται
568 709 615 784 δέ,
642 708 695 772 οῦκ
720 708 756 772 ἂν
781 707 829 794 εἴη
854 708 1024 793 φιλόκαλος·
1058 707 1128 771 ὥστ’
1156 707 1239 781 ούδέ,
1269 708 1285 771 θ
1311 710 1428 792 πράττει
1449 707 1498 771 καὶ

249 815 444 895 προαιρεῖται,
471 811 571 896 πράξει
592 812 668 876 καθδ
691 810 792 876 καλόν·
827 813 925 896 ῶσπερ
948 812 1001 896 γὰρ
1027 811 1044 874 6
1066 811 1191 895 φίλοινος
1213 813 1283 896 πρὸς
1305 813 1398 875 πάντα
1419 809 1495 874 οἶνον

221 913 367 983 ουίκείως
389 912 469 1000 ἔχει,
496 915 589 984 οῦτως
610 914 643 976 δὲ
665 914 751 978 καὶὸ
774 914 929 995 φιλόκαλος
951 919 1007 977 πᾶν
1031 916 1118 978 καλὸν
1140 915 1263 999 αίρεῖταί
1284 938 1315 977 τε
1337 915 1385 977 καὶ
1406 912 1497 976 άσπά·

251 1021 339 1088 ζεται.
389 1014 432 1079 ἔτι
457 1016 484 1079 εί
509 1018 539 1080 αἱ
567 1017 666 1101 ἀρεταὶ
688 1018 823 1100 ἀλλήλων
850 1016 1056 1101 [διαφέρουσιν]
1083 1015 1116 1079 ού
1139 1021 1183 1102 τῷ
1207 1021 1323 1101 σκοπῷ,
1350 1016 1425 1079 ἀλλὰ
1451 1017 1496 1100 τιγῦ
1510 1030 1538 1073 4⁰

250 1119 317 1202 περὶ
338 1119 555 1204 ἂδιαφέρουσιν
576 1119 701 1202 (σκοπός
723 1119 775 1203 μὲν
796 1120 851 1204 γὰρ
873 1121 979 1189 πάσαις
1000 1120 1100 1189 αὐταῖς
1122 1119 1163 1189 είς
1181 1121 1214 1183 τδ
1230 1121 1318 1182 καλὸν
1340 1116 1496 1202 πρόκειται,

250 1224 272 1305 ἡ
294 1222 327 1285 δὲ
349 1223 474 1306 διαφορὰ
501 1221 601 1292 αθταῖς
622 1223 699 1286 καθδ
721 1224 741 1305 ἡ
765 1223 816 1306 μὲν
838 1223 903 1307 περὶ
924 1224 994 1286 τάδε
1017 1223 1171 1306 τὰπάθη,
1199 1222 1293 1306 θάρρη
1316 1219 1380 1304 φέρ’
1408 1221 1498 1284 εἰπεῖν

250 1326 299 1387 καὶ
322 1323 446 1409 φόβους,
474 1324 545 1407 ἡδὲ
567 1326 632 1409 περὶ
654 1325 705 1394 τὰς
726 1322 762 1388 δι’
791 1326 869 1410 ἁφῆς
889 1327 1004 1408 ἡδονάς,
1027 1324 1102 1407 άλλη
1125 1325 1158 1387 δὲ
1179 1324 1246 1408 περί
1265 1347 1326 1386 τινα
1348 1321 1450 1404 ἄλλα),
1482 1323 1498 1385 6

211 1442 237 1485 ιο
252 1427 320 1508 μίαν
342 1425 423 1512 ἔχων
445 1428 549 1512 ἀρετὴν
572 1428 620 1492 καὶ
642 1427 690 1490 τδν
713 1427 806 1490 κοινδν
828 1430 923 1512 πάσης
944 1428 1049 1511 ἀρετῆς
1072 1429 1179 1491 σκοπδν
1201 1428 1233 1489 τδ
1256 1426 1343 1490 καλὸν
1365 1423 1438 1510 ἔχει.
1483 1425 1499 1488 6

252 1528 332 1614 ἔχων
356 1530 389 1593 δέ
405 1535 488 1594 τοῦτο
510 1535 568 1593 τῶν
592 1527 640 1593 ὁπ’
660 1528 749 1592 αύτοῦ
772 1529 975 1613 πραττομένων
995 1531 1101 1593 σκοπδν
1123 1531 1217 1592 πάντα
1238 1527 1272 1592 ἂν
1287 1529 1390 1592 τούτου
1413 1530 1498 1613 χάριν

251 1634 381 1716 πράττοι
426 1634 519 1703 οῦτως
540 1633 573 1696 δέ
594 1635 688 1702 πάσας
711 1631 745 1696 ἄν
767 1633 817 1702 τὰς
840 1621 943 1717 ἀρείόις
970 1630 1036 1717 ἔχοι
1058 1634 1165 1696 σκοπδν
1192 1632 1224 1694 τδ
1246 1631 1335 1695 καλὸν
1357 1631 1387 1695 ἐν
1410 1634 1497 1693 πᾶσιν

251 1735 296 1805 οῖς
317 1737 435 1820 πράττει
456 1736 635 1817 ποιούμενος.
669 1733 712 1799 ἔτι
732 1736 759 1798 εἰ
774 1739 854 1798 πάσα
874 1737 963 1820 αἱρετή
985 1758 1060 1804 τινος
1081 1734 1206 1819 ἀκρότης
1227 1735 1289 1798 ἐστὶ
1310 1739 1362 1819 τῆς
1383 1732 1500 1817 φύσεως
1512 1748 1539 1792 ω

251 1843 304 1922 τῆς
327 1839 449 1914 ἐκείνου,
471 1838 517 1923 εἴη
541 1837 575 1901 ἂν
597 1840 645 1901 καὶ
665 1841 684 1922 ἡ
708 1839 866 1922 ἀνθρώπου
890 1838 978 1923 ἀρετὴ
1003 1837 1127 1922 ἀκρότης
1149 1838 1306 1922 ἀνθρώπου
1329 1837 1446 1922 φύσεώς
1467 1860 1499 1899 τε

211 1957 237 2000 15
251 1943 300 2004 καὶ
322 1947 431 2026 ψυχῆς.
475 1938 535 2004 ἔστι
558 1942 590 2005 δὲ
616 1943 635 2026 ἡ
663 1946 714 2004 τοῦ
737 1941 893 2023 ἀνθρώπου
921 1942 1002 2027 ψυχὴ
1030 1943 1130 2024 λογικὴ
1155 1939 1221 2025 μέν,
1249 1939 1307 2025 ούχ
1334 1941 1434 2009 ἁπλῶς
1456 1938 1499 2015 δέ,

251 2044 313 2108 ἀλλ’
340 2042 456 2130 ἔχουσα
483 2043 619 2128 δυνάμεις
644 2044 759 2114 πλείους
786 2045 851 2127 (τὴν
876 2044 927 2124 μὲν
953 2045 1007 2128 γὰρ
1032 2045 1148 2127 λογικὴν
1175 2043 1293 2128 κυρίως,
1322 2042 1374 2126 τὴν
1401 2043 1433 2104 δὲ
1459 2045 1500 2111 ῶς

251 2146 454 2211 ὑπακούουσαν
477 2146 585 2232 λόγῳ),
613 2148 659 2211 καί
683 2147 771 2231 ἀρετὴ
795 2145 842 2229 εἴη
866 2145 900 2210 ἂν
922 2145 1011 2209 αύτοῦ
1034 2149 1053 2231 ἡ
1076 2145 1144 2210 καθ’
1173 2139 1280 2210 ἕκαστα
1302 2151 1359 2208 τῶν
1381 2149 1433 2229 τῆς
1455 2147 1499 2207 λυ·

251 2255 334 2334 γικῆς
348 2255 446 2334 ψυχῆς
469 2252 622 2334 δυνάμεων
642 2249 777 2335 ἀκρότης,
800 2249 876 2312 ὥστε
899 2250 949 2332 μία
970 2272 1012 2318 τις
1030 2249 1060 2319 ἐξ
1081 2249 1177 2313 αὐτῶν
1199 2245 1261 2312 οὐδ’
1282 2247 1317 2312 ἂν
1339 2248 1427 2331 ἀρετὴ
1452 2245 1498 2330 είη

253 2353 419 2436 ἀνθρώπου,
436 2352 642 2438 λαμβανομένη
664 2351 731 2416 καθ’
757 2352 859 2437 αύτην.
897 2351 931 2414 οῦ
952 2353 1007 2436 γὰρ
1029 2358 1071 2436 τῷ
1095 2351 1274 2437 χωρίζεσθαι
1295 2352 1344 2414 καλ
1365 2348 1433 2415 καθ’
1453 2351 1502 2413 αύ·

209 2472 240 2516 τα)
255 2455 306 2524 τὰς
329 2454 504 2539 ὑφίστασθαι
527 2454 667 2518 δύνασθαι
690 2454 788 2537 αἱρεταὶ
810 2457 901 2517 παῖσαι
922 2451 989 2518 καθ’
1018 2455 1142 2539 ἑκάστην
1165 2457 1332 2533 καλοῦνται,
1362 2453 1436 2517 ἀλλὰ
1457 2457 1500 2536 τῷ

253 2559 405 2641 δυνάμεώς
435 2580 466 2619 τε
488 2556 561 2620 εἶναι
588 2556 679 2642 άλλης
707 2557 756 2620 καὶ
782 2557 846 2641 περὶ
872 2557 942 2642 ύλην
969 2556 1059 2643 ἄλλην
1086 2558 1220 2642 ἐνεργεῖν.
1265 2557 1331 2621 ὁλον
1353 2557 1407 2640 γάρ
1432 2579 1460 2620 τι
1480 2557 1543 2640 ἡου

252 2661 361 2730 τέλειος
382 2659 486 2745 ἀρετή,
514 2660 588 2746 μέρη
612 2661 644 2724 δὲ
666 2658 756 2744 αύτῆς
778 2659 893 2743 ἀνδρεία
921 2661 1093 2745 σωφροσύνη
1119 2661 1284 2744 δικαιοσύνη
1313 2663 1370 2723 τῶν
1392 2662 1501 2722 λοιπῶν

251 2765 377 2846 ἑκάστη,
406 2761 464 2848 οῦχ
491 2765 592 2833 ἁπλῶς
617 2763 716 2847 ἀρεταὶ
738 2760 835 2835 ούσαι,
864 2762 938 2826 ἀλλὰ
959 2764 1024 2847 περὶ
1046 2765 1115 2826 τάδε
1142 2763 1189 2826 καί
1218 2761 1291 2846 μετὰ
1313 2762 1498 2847 προσθήκης·

253 2867 356 2935 άπλῶς
377 2864 432 2950 γὰρ
458 2867 478 2950 ἡ
502 2865 567 2950 ὁλη.
612 2868 653 2935 ῶς
675 2863 724 2950 οῦν
755 2864 804 2927 ἐπὶ
825 2870 883 2928 τῶν
911 2864 1007 2929 ἄλλων
1037 2871 1133 2950 μερῶν
1161 2865 1255 2952 ἐντῷ
1279 2864 1340 2950 ὁλιρ
1367 2864 1403 2928 τὰ
1426 2863 1500 2949 μέρη

206 2967 460 3054 αολαμβανὸμενα
481 2968 546 3032 τότε
569 2968 631 3032 ἐστὶ
653 2967 742 3053 μέρη,
770 2966 838 3030 ὁταν
864 2964 884 3051 ᾖ
909 2971 1132 3053 συμπληροῦντα
1154 2968 1187 3031 τδ
1210 2966 1290 3042 θλον,
1318 2968 1503 3051 χωρισθέντα

252 3073 287 3136 δὲ
308 3072 357 3135 καλ
372 3069 441 3135 καθ’
462 3069 537 3133 αὸτὰ
558 3069 699 3153 γενόμενα
717 3067 814 3132 οῦκίτι
838 3067 841 3155 ί
866 3069 951 3155 με’ρη,
974 3071 1000 3133 εἰ
1016 3073 1056 3159 μη
1080 3072 1253 3156 ὁμωνύμως,
1276 3071 1367 3140 οῦτως
1390 3071 1484 3133 δὲκαὶ
1503 3086 1555 3130 ιωι

253 3175 284 3238 αί
307 3177 349 3242 ῶς
364 3173 439 3257 μέρη
462 3173 560 3257 ἀρεταὶ
583 3172 613 3236 ἐν
630 3174 681 3256 μὲν
703 3195 740 3255 τη
765 3171 820 3256 ὁλη·
843 3171 927 3236 οὖσαι
951 3174 1052 3257 ἀρεταί
1064 3178 1145 3249 εἰσιν,
1168 3174 1244 3258 πλὴν
1267 3157 1431 3256 ὁμωνύμως
1452 3173 1503 3243 τοῖς

253 3275 496 3360 ἐπιτηδειότητας
517 3277 566 3338 καὶ
587 3275 638 3345 τὰς
665 3274 786 3358 εὐφυΐας
811 3275 958 3357 εἰώθαμεν
981 3275 1083 3360 ἀρετὰς
1104 3275 1204 3358 λέγειν.
1250 3279 1291 3345 ῶς
1312 3277 1366 3360 γὰρ
1397 3277 1413 3340 ὁ
1437 3277 1502 3361 μίαν

254 3379 355 3462 πρᾶξιν
376 3377 485 3463 πράξας
499 3377 617 3446 δικαίως
638 3376 691 3440 οῦκ
706 3375 781 3441 ἔστιν
797 3379 913 3457 δίκαιος,
937 3378 1019 3462 εἰμὴ
1037 3377 1136 3463 ὅμοιος
1158 3379 1188 3442 ἐν
1204 3380 1309 3448 πάσαις
1331 3377 1388 3463 εἴη,
1412 3381 1503 3450 ούτως

211 3498 242 3542 ευ
256 3481 326 3546 οῦδὲ
347 3482 397 3545 τδν
419 3483 510 3544 καλοῦ
531 3503 605 3549 τινος
627 3481 712 3564 χάριν
735 3480 901 3564 πράσσοντά
922 3502 984 3543 τινα
1006 3482 1071 3565 περὶ
1099 3481 1164 3564 μίαν
1187 3481 1257 3566 όλην
1279 3482 1383 3565 ἀρετήν
1405 3505 1447 3550 τις
1468 3480 1503 3545 ἂν

254 3584 336 3670 ἔχειν
358 3583 460 3665 λέγοι,
478 3584 504 3646 εἰ
526 3583 567 3665 μὴ
590 3584 816 3666 πανταχοῦ.καλ
843 3582 873 3645 ἐν
896 3587 982 3646 πᾶσιν
1005 3582 1112 3666 ὁμοίως
1139 3585 1171 3646 τδ
1198 3585 1285 3647 καλὸν
1307 3587 1417 3648 διώκοι.
1461 3582 1503 3647 ἔτι

254 3689 282 3750 εἰ
304 3693 355 3751 τοῦ
379 3687 432 3769 μὲν
454 3689 614 3768 λογιστικοῦ
638 3686 714 3774 ἐστιν
736 3687 825 3769 ἀρετὴ
848 3685 994 3769 ἐπιστήμη
1017 3687 1064 3748 καὶ
1086 3691 1190 3768 γνῶσις
1210 3691 1269 3749 τῶν
1292 3688 1426 3770 ἀγαθῶν,
1452 3692 1503 3751 τοῦ
1531 3751 1537 3772 γ

254 3792 290 3854 δὲ
311 3791 475 3874 παθητικοῦ
497 3788 596 3873 πρᾶξις
618 3793 676 3849 τῶν
696 3788 815 3871 ἀγαθῶν
837 3787 918 3871 (οὔτε
940 3789 972 3851 δὲ
994 3791 1132 3871 πράσσειν
1153 3789 1214 3854 οἶόν
1237 3813 1268 3853 τε
1290 3790 1327 3853 τὰ
1342 3791 1439 3873 ἀγαθά
1462 3791 1502 3875 μὴ
1530 3807 1544 3850 τ

255 3893 431 3976 γνωρίζοντα
452 3891 526 3954 αὐτὰ
549 3892 596 3954 καὶ
619 3889 729 3968 εἰδότα,
753 3889 820 3953 ούτε
841 3896 947 3974 γνῶναι
969 3891 1082 3975 τάγαθὰ
1105 3891 1165 3955 οἶόν
1188 3915 1219 3955 τε
1242 3891 1284 3955 ότι
1307 3893 1384 3956 ἐστὶν
1407 3893 1505 3976 άγαθόι

214 4013 243 4057 ³5
257 3997 299 4081 μὴ
322 3994 494 4077 αἱρούμενον
516 3992 591 4056 αὐτὰ
611 3993 660 4055 καί
683 3991 848 4075 πρόσκλισιν
871 3992 977 4078 ἔχοντα
1000 3986 1179 4080 πρδςάύτά·
1203 3999 1324 4078 σημεῖον
1347 3997 1379 4058 δὲ
1400 3996 1504 4060 τούτου

255 4100 289 4162 τδ
313 4099 362 4161 τὸν
385 4095 554 4180 αίρούμενὸν
575 4119 637 4158 τινα
653 4099 742 4158 ταῦτα
764 4096 812 4159 καλ
828 4096 925 4178 ἀγαθὰ
947 4096 1019 4159 εἶναι
1040 4095 1268 4181 προειληφέναι),
1291 4095 1357 4160 οὔτε
1379 4098 1431 4182 τὴν
1453 4102 1504 4163 τοῦ

254 4203 418 4283 λογιστικοῦ
444 4199 536 4285 χωρὶς
563 4202 614 4261 τοῦ
642 4199 805 4282 παθητικοῦ
835 4198 895 4261 οίὸν
923 4223 954 4262 τε
981 4200 1085 4283 ἀρετὴν
1113 4197 1192 4285 ἔχειν
1220 4197 1288 4262 ούτε
1313 4199 1421 4263 τούτων
1444 4201 1506 4264 τινὰ

254 4304 349 4389 χωρὶς
364 4301 474 4386 ἐκείνης
497 4323 528 4364 τε
550 4300 599 4363 καὶ
618 4301 763 4386 ἀλλήλων.
797 4299 840 4365 ἔτι
861 4302 886 4364 εἰ
901 4305 946 4388 τηῑ
969 4303 1021 4386 μὲν
1043 4301 1150 4366 εἰδέναι
1172 4301 1207 4365 τὰ
1222 4301 1320 4385 άγαθόι
1342 4300 1386 4365 ότι
1407 4302 1506 4385 ἀγαθὰ

200 4477 603 4487 -—--.—--..———

203 4573 547 4651 1γνωρίζει]ίῖίιι1ίί.θ
657 4579 799 4650 3πράττει
816 4581 860 4632 καὶ
879 4581 924 4646 m²,
943 4568 1044 4650 πράττει
1063 4579 1145 4631 m¹V:
1164 4579 1266 4651 πράττει
1283 4580 1361 4632 καὶυ
1412 4646 1415 4651 ⁴
1470 4577 1560 4630 ὁδια-

201 4668 319 4738 φέρουσιν
337 4666 421 4719 delevi
536 4665 796 4724 Ἱιῖςαιεῖυίοθ
914 4667 945 4721 12
973 4668 1058 4740 ἐχεια
1169 4667 1201 4720 14
1228 4666 1456 4736 καὶηθτκαὶα

202 4753 306 4805 θό-θῖ
327 4751 411 4811 οὕτως
428 4752 557 4822 δὲ-πλὴν
575 4752 719 4822 ὁμωνύμως
737 4770 786 4806 om.
805 4771 820 4805 α
918 4755 950 4807 27
970 4761 1030 4824 post
1048 4754 1135 4822 ἀρεταί
1152 4753 1210 4806 εἰσιν
1229 4755 1357 4807 nonnulla
1375 4754 1504 4807 excidisse
1522 4755 1560 4807 vi·
1641 4779 1643 4782 ⁴

203 4840 885 4925 dentur.fortasse2106,(0626126316920631061)
990 4841 1212 4912 31τῷκαλῷο
1317 4841 1351 4895 32
1375 4842 1413 4909 (et
1430 4840 1475 4909 37)
1494 4840 1560 4912 λογι-

204 4933 290 4980 στικοῦ
308 4928 345 4980 V:
364 4927 466 4998 λογικοῦ
485 4944 501 4980 α
606 4928 639 4981 33
657 4927 684 4980 δὲ
702 4945 781 4997 supra
798 4929 879 4983 lin.v
985 4929 1019 4982 38
1036 4928 1168 5000 τάγαθὸο
