3540 5610
203 294 245 358 26
563 288 793 347 ΑΛΕΞΑΝΔΡΟΥ
812 285 967 346 ΑΠΟΡΙΩΝ
987 287 1049 345 ΚΑΙ
1069 287 1203 345 ΛΥΣΕΩΝ

257 469 314 526 τῶν
341 464 438 529 ἀλλων
466 466 514 528 καὶ
541 463 576 526 τά
603 467 762 548 χρώματα,
793 460 855 526 οὐδ’
884 463 968 532 οῦτος
994 463 1028 525 ἀν
1051 463 1160 545 ὁμοίως
1182 459 1345 546 Ἐπικούρῳ
1373 462 1425 543 τἠν
1452 464 1511 521 τῶν

257 569 424 651 χρωμάτων
449 567 559 649 είσοίγοι
582 567 676 650 φύσιν.
722 570 763 634 ώς
784 565 838 649 γὰρ
862 566 897 627 τά
919 564 1056 648 γινόμενα
1082 565 1115 628 έκ
1142 572 1201 628 τών
1223 567 1377 649 στοιχείων
1400 563 1454 626 οὐκ
1477 561 1512 624 ἀν

257 668 337 754 εἶχεν
353 671 516 733 ἀντιτυπίαν
540 667 607 753 μηδ’
629 667 706 737 ὅλως
728 669 757 731 ἐν
779 674 839 737 τοῖς
859 669 1013 753 στοιχείοις
1036 665 1125 749 οὔσης
1140 669 1314 746 ἀντιτυπίας,
1337 667 1430 735 οὕτως
1444 664 1507 729 οὐδ’
1529 681 1554 722 Ιν

259 770 293 834 ἀν
316 774 425 857 χρῶμά
446 797 473 835 τι
495 778 553 834 τών
575 772 733 854 γινομένων
756 769 820 856 ἔχοι
845 772 969 854 μηδενὸς
992 769 1074 839 ὄντος
1096 772 1251 856 στοιχείοις
1272 774 1440 856 χρώματος.
1478 769 1511 830 τὸ

222 893 237 941 5
258 874 289 936 δὲ
312 878 408 957 ζητεῖν
431 874 521 937 πόθεν
549 874 579 936 έν
606 878 665 942 τοῖς
688 876 841 958 στοιχείοις
868 873 939 956 πυρί
959 873 1060 935 τεκαὶ
1088 877 1146 941 τοῖς
1169 873 1267 943 ἄλλοις
1294 873 1328 935 τά
1356 875 1512 957 χρώματα,

258 975 320 1040 ἴσον
344 976 377 1038 ἀν
400 975 446 1060 εἴη
469 982 512 1060 τηῖ
537 980 643 1059 ζητεῖν,
670 975 762 1039 πόθεν
785 975 814 1037 ἐν
837 979 896 1044 τοῖς
919 973 1037 1057 ἀτίμοις
1060 976 1095 1037 τά
1118 977 1266 1061 σχήματα.
1311 976 1399 1038 τὸδὲ
1422 978 1513 1037 ταῦτα
1528 989 1554 1030 ¹⁶

259 1080 310 1160 μὲν
334 1079 390 1142 ὑπό
412 1102 496 1141 τινων
520 1078 591 1141 εἶναι
615 1078 751 1159 λέγεσθαι
779 1077 884 1160 γενητὰ
910 1079 958 1140 καὶ
981 1078 1113 1160 φθαρτοί,
1141 1078 1296 1162 ἀγενήτους
1319 1079 1352 1140 δὲ
1373 1076 1425 1145 τοῖς
1447 1076 1513 1139 ἀτώ

259 1205 330 1263 μους
358 1182 413 1244 ὑπὸ
444 1185 501 1243 τῶν
529 1181 586 1262 [ἐν]
613 1180 731 1249 ἐκείνοις
759 1182 912 1264 στοιχείοις
938 1179 1114 1264 χρωμένων,
1145 1179 1228 1243 οὐδὲν
1255 1180 1355 1243 πλέον·
1388 1179 1513 1263 καὶγὰρ

258 1283 326 1346 καθ’
348 1284 397 1352 οὓς
419 1285 455 1346 τά
479 1288 610 1367 στοιχεῖα
633 1288 723 1346 ταῦτα
745 1282 851 1366 γενητά
873 1284 921 1345 καὶ
941 1283 1068 1366 φθαρτοί,
1091 1283 1164 1345 κατὰ
1183 1283 1304 1351 τούτους
1326 1288 1368 1367 τῷ
1390 1284 1510 1367 ἀριθμῷ
1526 1297 1555 1340 ευ

207 1407 239 1453 10
257 1386 289 1447 τθ
311 1386 430 1468 γενητὸν
453 1383 518 1469 ἔχει
539 1390 628 1448 ταῦτα
651 1387 698 1449 καὶ
721 1387 753 1448 τὸ
777 1387 916 1469 φθαρτὸν,
940 1384 1077 1468 ἄφθαρτα
1104 1386 1136 1448 δὲ
1163 1387 1208 1449 καί
1232 1386 1359 1470 ἀγένητα
1380 1384 1443 1449 κατ’
1471 1385 1510 1448 εί-

258 1487 307 1556 ῦὸς
330 1489 415 1552 ἐστιν.
462 1488 503 1556 είς
525 1487 638 1572 ἀλληλα
661 1487 715 1571 γὰρ
738 1489 912 1572 μεταβάλλει
935 1489 982 1550 καί
1005 1488 1034 1555 ἐξ
1057 1488 1193 1570 ἀλλήλων
1216 1488 1335 1569 γίνεται,
1363 1489 1441 1552 ὥστε
1464 1489 1512 1550 καὶ

258 1591 288 1654 ἐν
304 1596 340 1672 τη”
357 1591 466 1653 τούτων
488 1590 599 1671 γενέσει
619 1590 652 1652 ἐκ
672 1587 920 1675 προϋπαρχόντων
943 1589 1097 1672 ἡγένεσις.
1131 1590 1230 1672 ώσπερ
1253 1588 1303 1653 οῦν
1326 1596 1384 1653 τών
1400 1589 1511 1663 ἄλλων,

258 1695 365 1756 οὑτωσί
389 1694 490 1756 δὲκαὶ
513 1698 570 1755 τῶν
594 1694 772 1776 χρωμάτων.
801 1691 803 1776 ί
1527 1709 1556 1751 ει

258 1934 340 1997 xlv.
380 1930 458 1998 Ὅτι
482 1933 557 1997 καθ’
576 1933 635 2002 οθς
659 1933 762 2017 μόνον
784 1935 822 1997 τὸ
839 1936 947 1998 καλὸν
972 1935 1105 2016 ἀγαθόν
1122 1936 1231 2010 ἐστιν,
1255 1933 1356 1997 οὐδὲν
1379 1937 1411 1998 οἱ
1434 1936 1512 1998 θεοὶ
1532 1942 1569 1998 54

207 2058 236 2107 15
540 2040 611 2104 τοῖς
634 2037 832 2119 ἀνθρώποις
856 2037 1075 2122 παρέχουσιν
1098 2036 1241 2121 ἀγαθόν.

342 2206 377 2271 Εἰ
400 2208 427 2268 οί
453 2208 514 2270 θεολ
537 2211 691 2290 προνοοῦσι
718 2213 776 2269 τῶν
805 2209 981 2291 ἀνθρώπων,
1011 2210 1122 2290 ἀγαθόν
1149 2233 1176 2271 τι
1202 2208 1299 2277 αὐτοῖς
1326 2208 1515 2292 παρέχουσιν.
1543 2227 1558 2268 ε

258 2315 314 2372 πᾶν
336 2309 390 2392 γὰρ
416 2312 449 2372 τῦ
473 2315 613 2393 προνοοῦν
640 2333 715 2379 τινος
741 2309 852 2392 ἀγαθόν
873 2335 899 2373 τι
927 2317 969 2394 τῷ
994 2310 1200 2395 προνοουμένῳ
1227 2315 1385 2394 περιποιεῖ,
1415 2314 1458 2381 ώς
1480 2313 1513 2374 τὸ

257 2415 298 2495 μὴ
326 2411 435 2493 ἀγαθόν
463 2436 489 2474 τι
517 2417 683 2495 περιποιοῦν
710 2436 763 2474 τινι
792 2417 876 2475 τοῦτο
907 2412 967 2476 οὐδ’
997 2412 1030 2475 ἀν
1058 2417 1179 2495 προνοοῖ
1203 2412 1303 2476 αὐτοῦ.
1351 2413 1427 2477 ἀλλά
1454 2416 1513 2497 μην

256 2513 323 2577 καθ’
352 2514 400 2582 οθς
425 2513 512 2596 μόνον
538 2515 571 2576 τὸ
595 2516 683 2577 καλὸν
710 2514 837 2596 ἀγαθόν,
865 2514 948 2577 οθῦὲν
971 2517 998 2576 οἱ
1022 2516 1084 2577 θεολ
1111 2520 1172 2583 τοῖς
1194 2515 1362 2599 ἀνθρώποις
1384 2539 1512 2599 περιποι-

203 2637 237 2684 20
255 2622 345 2696 οῦσιν,
370 2621 409 2685 ώς
433 2615 527 2684 δείξω.
565 2615 646 2697 [καθ’
669 2616 719 2685 οὓς
742 2617 802 2700 [οὐ]
827 2617 913 2700 μόνον
936 2618 969 2679 τὸ
993 2620 1081 2679 καλὸν
1105 2616 1227 2698 ἀγαθόν,
1251 2619 1278 2679 οἱ
1302 2619 1365 2682 θεολ
1389 2618 1423 2681 οῦ
1446 2643 1515 2703 προ·
1531 2636 1559 2678 ιο

256 2722 353 2781 νοοῦσι
376 2724 434 2780 τών
461 2719 638 2801 ἀνθρώπων.
683 2719 726 2782 ὅτι
749 2721 782 2782 ῦὲ
806 2720 895 2802 μηδὲν
919 2719 997 2802 παρὰ
1026 2720 1104 2782 θεῶν
1128 2721 1238 2801 ἀγαθὸν
1262 2725 1323 2790 τοῖς
1344 2723 1515 2804 ἀνθρώποις

256 2821 330 2883 κατὰ
352 2821 419 2888 τοὺς
441 2820 668 2903 προειρημένους
691 2823 810 2903 γίνεται,
834 2825 921 2905 δῆλον
945 2821 1104 2902 ἐντεῦθεν]
1149 2822 1182 2884 τὸ
1205 2825 1293 2885 καλὸν
1317 2822 1364 2908 ἐφ’
1393 2827 1474 2908 ἡμῖν,
1498 2827 1515 2890 ὃ

257 2922 303 3006 ἐφ’
331 2925 401 3006 ἡμῖν
424 2925 495 2997 ἐστι,
519 2929 603 2987 τοῦτο
626 2923 662 2986 δι’
691 2925 802 2987 ἑαυτῶν
826 2924 981 3006 κτώμεθα,
1009 2923 1025 2985 ὃ
1049 2922 1084 2985 δι’
1113 2925 1226 2986 ἑαυτῶν
1249 2927 1398 3008 κτώμεθα,
1421 2926 1510 2992 τοῦθ’
1531 2945 1558 2988 ιι

259 3023 307 3087 ὑπ’
335 3026 453 3095 οὐθενὸς
480 3026 570 3089 ἀλλου
598 3028 777 3110 περιγίνεται.
825 3027 856 3088 τὸ
884 3027 972 3088 καλὸν
1000 3025 1049 3088 ὑπ’
1077 3027 1193 3095 οὐδενὸς
1221 3029 1290 3110 ἡμῖν
1318 3026 1407 3092 ἀλλου
1436 3054 1515 3115 περι-

203 3149 236 3197 25
256 3131 371 3210 γίνεται.
418 3131 443 3191 εί
468 3131 523 3192 ὑπὸ
549 3130 681 3212 μηθενός,
710 3129 772 3192 οὐδ’
801 3130 857 3191 ὑπὸ
881 3135 938 3190 τών
962 3130 1048 3191 θεῶν.
1095 3130 1169 3192 ἀλλά
1193 3132 1251 3214 μὴν
1274 3130 1379 3194 ταῦτὀν
1401 3134 1515 3214 ἀγαθόν

256 3255 286 3294 τε
310 3234 357 3295 καί
381 3232 480 3296 καλὸν.
526 3232 595 3296 καθ’
623 3233 671 3300 οὓς
696 3232 782 3312 μόνον
812 3235 844 3294 τὸ
872 3236 961 3295 καλὸν
985 3231 1110 3314 ἀγαθόν,
1138 3232 1222 3296 οὐδὲν
1250 3233 1361 3315 ἀγαθὸν
1383 3240 1445 3305 τοῖς
1466 3236 1514 3299 ἀν·
1529 3252 1557 3295 ευ

257 3337 386 3418 θρώποις
411 3337 466 3399 ὑπὸ
491 3340 548 3397 τῶν
572 3337 650 3399 θεῶν
674 3336 854 3418 περιγίνεται.

256 3578 323 3641 XV.
362 3574 431 3642 ’Ότι
454 3579 484 3640 εἰ
506 3580 525 3660 ἡ
548 3577 635 3660 αὐτὴ
653 3577 715 3660 ῦλη
733 3578 787 3640 καὶ
804 3577 838 3639 ἐν
854 3579 926 3645 τοῖς
942 3575 1054 3645 θείοις
1070 3575 1183 3652 ἔσται,
1203 3579 1347 3642 κάκεῖνα
1363 3581 1512 3665 φθαρτοί.

337 3747 371 3811 Ἡ
397 3749 450 3830 ῦλη
475 3747 539 3830 ἤτοι
562 3750 580 3830 ἠ
604 3748 678 3830 αῦτὴ
703 3746 733 3809 ἕν
756 3771 787 3810 τε
810 3753 868 3815 τοῖς
893 3748 980 3815 θείοις
1004 3748 1052 3810 καὶ
1071 3722 1133 3816 ’τοῖς
1157 3747 1187 3809 έν
1206 3750 1318 3831 γενέσει
1341 3753 1388 3814 καὶ
1412 3754 1512 3838 φθορᾷ
1526 3770 1554 3811 8

203 3850 274 3931 ³031
298 3850 392 3933 ἑτέρα.
438 3848 496 3912 ἀλλ’
525 3851 551 3912 εί
574 3851 626 3930 μὲν
651 3851 654 3929 ί
680 3875 698 3932 η
722 3851 813 3933 αὐτή,
841 3848 921 3912 ἔσται
944 3851 1062 3913 κάκεῖνα
1086 3852 1217 3935 φθαρτοί,
1240 3852 1272 3914 εῖ
1289 3876 1320 3934 γε
1343 3855 1387 3924 οἷς
1408 3857 1441 3919 τὸ
1464 3858 1510 3920 διν
1530 3866 1566 3921 55

255 3956 339 4035 νοίμει
362 3954 521 4030 ὑπόκειται,
545 3958 634 4016 ταῦτα
656 3955 772 4036 φθαρτοί
795 3955 850 4034 (ὡς
874 3949 1015 4016 δέδεικται
1039 3953 1088 4015 ὑπ’
1114 3953 1333 4037 Ἀριστοτέλους
1355 3956 1386 4021 ἔν
1408 3982 1439 4021 τε
1462 3959 1512 4024 ἀλ·

204 4182 214 4233 l
237 4181 266 4233 ἃν
286 4181 381 4249 ὁμοίως
399 4186 479 4237 FSba
498 4183 553 4250 Sp.:
575 4185 699 4251 ἀνομοίως
719 4189 768 4238 VG
879 4187 894 4236 4
915 4184 1031 4255 χρώματι
1050 4202 1066 4236 ιι
1183 4186 1199 4239 5
1218 4187 1244 4238 ἐν
1264 4194 1315 4243 τοῖς
1334 4189 1465 4262 στοιχείοις
1488 4191 1566 4244 v²13=

202 4269 522 4341 στοιχείοιςθΙΘΡὸυὲγι.
612 4281 672 4324 aute
692 4275 734 4323 καὶ
753 4280 806 4329 τοῖς
824 4272 882 4324 add.
903 4275 945 4323 καὶ
964 4270 1150 4323 manvia.
1164 4272 1207 4340 Sp.
1297 4274 1516 4345 61q3GSasp.:
1535 4280 1567 4331 τὸ

201 4360 294 4408 VBFL
375 4358 435 4409 θέν
454 4359 502 4409 del.
516 4360 551 4409 V?
563 4360 619 4427 Sp.:
639 4364 723 4410 om.B
808 4358 1062 4415 ἐκείνοιςθίίὶθὸΙοι
1075 4359 1132 4426 Sp.:
1154 4360 1258 4418 ἐκείναις
1272 4361 1329 4412 v²ss
1410 4365 1567 4434 χρωμένων]

202 4461 279 4514 γρωμ
297 4445 333 4495 sic
346 4446 378 4495 V¹
400 4447 441 4496 cui
455 4446 489 4496 V'·'
508 4447 535 4497 in
556 4447 657 4505 lacuna,
678 4462 729 4496 non
750 4445 836 4507 litura,
856 4446 933 4496 εαλί
954 4445 1096 4499 litterarum
1117 4447 1176 4498 add.
1191 4467 1240 4499 ενω
1260 4449 1403 4502 εῖεοενωνι
1423 4452 1568 4522 χρωμένων

202 4532 304 4583 Bvict.
318 4532 374 4599 Sp.:
394 4540 485 4603 χρῶμα
504 4533 549 4599 μέν
569 4534 612 4585 οῦν
626 4537 731 4586 GFSLa
816 4534 847 4586 10
866 4533 970 4601 ἐγένητα
990 4551 1017 4584 a:
1038 4535 1145 4602 ἀγένητα
1163 4537 1205 4600 Sp.
1293 4538 1320 4588 ll
1342 4537 1532 4605 μεταβάλλοιτο

204 4619 234 4671 18
253 4626 355 4686 προνοοῖ
376 4623 433 4670 VB:
453 4629 582 4690 προνουῖτο
603 4626 671 4674 λ’ὃυι
691 4628 792 4689 προνοοῖ
810 4619 838 4671 τὸ
861 4624 881 4671 Ι.
901 4622 944 4687 Sp.
1038 4622 1072 4674 20
1091 4621 1120 4674 οῦ
1139 4622 1235 4676 delevi:
1255 4624 1285 4676 οὺ
1306 4625 1444 4677 V'GFSL:
1464 4628 1511 4696 γὰρ
1530 4630 1567 4679 B:

200 4707 247 4776 γὰρ
266 4705 295 4758 οὺ
309 4705 404 4759 V²S²az
424 4706 467 4757 οῦν
482 4709 549 4759 vict.
568 4712 621 4775 Sp.²
640 4714 751 4759 ceterum
771 4703 833 4758 καθ’
854 4706 1057 4764 οὒς-ἐντεῦθεν
1077 4708 1133 4772 (22)
1153 4711 1297 4762 insiticium
1397 4711 1432 4762 ‘24
1451 4711 1500 4780 ἄρα
1518 4710 1567 4764 ὕπ’

202 4793 284 4846 B²s²a
301 4794 345 4860 Sp.
436 4794 469 4844 ’26
489 4795 536 4865 ἄρα
556 4795 631 4863 μόνον
651 4793 720 4847 sss⁹u
740 4794 783 4859 Sp.
873 4795 906 4846 28
926 4799 968 4846 καὶ
987 4811 1036 4845 υω.
1056 4813 1071 4846 a
1090 4797 1133 4861 Sp.
1226 4796 1303 4855 θείοις
1321 4799 1365 4850 καὶ
1383 4805 1435 4855 τοῖς
1453 4798 1480 4849 έν
1499 4801 1569 4868 γενέ·

202 4894 238 4931 στι
256 4881 299 4931 καί
318 4880 401 4951 ιρθορᾷ
421 4881 488 4932 coni.
509 4882 553 4949 Sp.
661 4884 693 4933 29
718 4884 733 4954 ι’,
753 4889 813 4932 ante
836 4880 899 4951 αῦτη
919 4896 968 4931 υω.
991 4883 1022 4932 V¹
1048 4884 1117 4949 (add.
1139 4883 1184 4951 Ψ)
1292 4886 1323 4938 31
1345 4892 1478 4943 τετοίςε
