3540 5610
793 305 989 360 rururlnro
1140 270 1147 281 ’
1533 318 1574 358 vu

211 481 328 540 contra
350 476 566 542 memorabilis
594 483 643 544 est
671 476 760 542 utin
783 475 889 542 scriba
916 476 1061 558 diligenti
1089 495 1207 559 magna
1229 478 1401 544 lectionum
1424 478 1518 563 copia
1539 479 1572 545 in

211 593 311 660 litura
334 595 521 679 positarum,
545 594 634 661 cuius
655 594 702 661 rei
724 615 789 659 non
807 616 936 678 possum
959 617 1023 662 non
1047 595 1201 680 suspicari
1218 597 1355 662 candem
1377 596 1476 663 fuisse
1499 618 1572 663 cau-

211 732 299 795 sam,
328 714 377 778 oni
400 713 497 778 ctiam
520 713 633 781 literae
661 715 840 780 debeantur
862 715 895 780 in
917 720 1071 780 contextu
1093 714 1145 781 hic
1167 716 1232 781 illic
1254 718 1493 801 suprapositae:
1527 718 1572 782 ni-

212 832 327 897 mirum
356 833 558 899 describendi
585 854 667 898 onus
696 834 776 899 satis
802 837 971 901 molestum
1005 834 1065 900 fuit
1096 834 1227 900 librario
1260 841 1295 899 ut
1326 855 1367 901 ex
1394 837 1571 920 exemplari

212 951 368 1034 temporis
395 952 511 1016 iniuria
544 952 749 1018 multifariam
778 956 877 1020 laeso.
926 954 1043 1019 accidit
1072 955 1156 1020 enim
1188 962 1222 1018 ut
1255 955 1296 1019 de
1330 955 1466 1020 obscura
1492 976 1571 1022 voce

211 1071 311 1153 plane
333 1071 522 1155 desperaret
544 1092 680 1156 eamque
706 1094 772 1138 non
794 1073 991 1138 intellectam
1019 1094 1090 1138 curn
1112 1072 1175 1138 fide
1197 1073 1386 1157 depingeret
1413 1071 1570 1159 (170,13).

213 1179 344 1273 saepius
359 1190 485 1275 accidit,
509 1198 543 1255 ut
558 1191 716 1276 scriptura
738 1191 857 1258 codicis
871 1190 1038 1277 archetypi
1061 1192 1167 1257 denuo
1188 1191 1372 1257 examinata
1387 1212 1513 1259 errasse
1535 1214 1572 1259 se

211 1307 244 1372 in
260 1308 473 1376 describendo
489 1311 692 1393 intellegeret
711 1312 848 1394 ideoque
870 1310 903 1375 id
918 1309 1004 1393 quod
1026 1309 1090 1374 iam
1107 1318 1259 1394 posuerat
1278 1311 1421 1375 radendo
1437 1312 1569 1378 deleret.

210 1426 288 1492 item
317 1428 413 1511 igitur
441 1430 604 1496 variarum
630 1451 756 1514 quoque
785 1430 972 1514 lect-ionum,
1000 1449 1084 1512 quae
1110 1448 1131 1493 a
1153 1428 1196 1493 m¹
1224 1429 1365 1496 insertae
1393 1439 1570 1514 occurrunt,

209 1549 314 1614 maior
341 1549 456 1614 saltem
488 1568 564 1634 pars
592 1569 697 1632 neque
723 1550 927 1616 coniecturae
957 1548 1078 1613 librarii
1107 1548 1218 1614 deberi
1248 1570 1435 1633 persuasum
1465 1550 1569 1617 habeo

209 1688 316 1751 neque
332 1668 433 1751 copiis
455 1668 586 1734 aliunde
608 1670 783 1754 accersitis,
806 1668 863 1735 sed
887 1666 1055 1733 subtilitati
1078 1666 1289 1734 describentis
1311 1677 1401 1734 etan
1418 1678 1505 1736 recte
1527 1673 1570 1736 le·

209 1787 294 1870 gerit
317 1787 502 1853 dubitantis.
548 1808 659 1853 omnes
682 1788 767 1854 enim
795 1794 924 1872 praeter
945 1787 1026 1852 duas
1052 1791 1165 1851 notatu
1191 1787 1322 1870 dignum
1350 1798 1399 1854 est
1420 1790 1466 1855 ila
1488 1812 1571 1856 com·

208 1916 342 1991 paratas
365 1928 436 1974 esse
459 1917 493 1972 ut
507 1908 641 1990 singulis
664 1908 764 1973 literis
787 1907 933 1990 singulae
950 1906 1062 1972 literae
1078 1908 1302 1990 suprapositae
1319 1909 1391 1974 sint.
1425 1909 1569 1993 pensitcs

210 2091 319 2172 liar:
341 2091 433 2153 τῶνδε
449 2037 605 2174 δεῖγμενον.
640 2109 712 2153 cum
734 2087 767 2152 in
790 2086 967 2172 archetypo
989 2089 1219 2170 τιονδεδογμενον
1242 2052 1403 2171 legeretur
1418 2098 1569 2174 corrupta

209 2220 356 2276 extrema
378 2209 516 2295 syllaba,
539 2208 681 2293 proclive
702 2215 774 2272 erat
789 2206 891 2272 verba
912 2205 994 2270 falso
1018 2205 1225 2290 distinguere,
1248 2207 1333 2272 unde
1355 2229 1458 2274 novus
1481 2229 1569 2274 error

209 2338 301 2395 ortus
323 2337 372 2396 cst
395 2331 550 2412 δειγμενον.
595 2334 661 2391 tum
686 2346 762 2391 vero
786 2324 940 2391 curiosius
963 2325 1113 2390 traditam
1136 2325 1307 2392 lectionem
1330 2328 1568 2393 examinantem

207 2470 276 2514 non
298 2448 379 2531 fugit
405 2466 478 2512 esse
500 2471 531 2529 o,
558 2466 624 2509 non
647 2470 673 2510 ει
699 2446 731 2510 in
755 2445 879 2528 codice,
909 2446 994 2529 quod
1023 2465 1087 2510 non
1114 2445 1274 2510 intellexit
1296 2446 1439 2530 quidem,
1467 2447 1569 2513 noluit

206 2638 318 2694 tamen
343 2628 513 2693 occultare.
558 2635 656 2710 atque
679 2626 790 2691 similis
813 2626 940 2709 generis
962 2633 1046 2691 sunt:
1076 2574 1288 2709 corubdpe'oiir
1314 2626 1428 2710 135,14
1450 2577 1568 2713 ἔρχεται

207 2811 331 2894 roasa
363 2757 439 2879 niis
462 2810 558 2893 1ro,r
590 2756 661 2872 αοῖὲ
686 2807 806 2890 rucco
836 2755 962 2893 sarai,
988 2807 1083 2890 ruer
1117 2756 1240 2872 ἅστῖξο
1266 2808 1380 2892 noar
1413 2757 1446 2892 {a
1470 2809 1567 2897 asos

206 2937 352 3076 dpiilieioc
376 2991 497 3075 182,34
525 2937 609 3054 obsitc
623 2988 694 3071 185,
703 2989 742 3052 15
768 2916 832 3072 iiico
855 2989 969 3072 60‚11,
998 2987 1051 3052 ubi
1078 3007 1187 3052 verum
1215 2988 1351 3071 primum
1378 2988 1504 3055 viderat
1532 2988 1567 3053 li-

206 3111 345 3177 brarius.
391 3130 466 3175 nam
488 3109 514 3174 si
538 3129 595 3192 pro
619 3108 663 3172 διό
687 3107 758 3171 διότι
781 3107 955 3172 mutareris
978 3107 1085 3173 omnia
1107 3128 1187 3172 sana
1209 3114 1292 3191 sunt,
1316 3107 1401 3190 quod
1425 3129 1485 3192 ego
1507 3109 1566 3174 fal·

205 3250 266 3296 sae
288 3229 405 3294 rationi
428 3228 598 3310 indulgens
614 3246 686 3291 sero
702 3226 856 3291 intellexi.
890 3246 994 3291 meam
1017 3227 1058 3292 de
1074 3227 1135 3291 bac
1157 3248 1192 3293 re
1207 3229 1340 3311 exposui
1365 3228 1565 3295 sententiam.

204 3351 317 3434 itaque
339 3349 366 3413 si
390 3348 460 3431 quis
486 3347 576 3412 nisus
598 3369 629 3431 p.
647 3346 758 3428 183,8,
788 3345 856 3428 ubi,
884 3345 1022 3427 quaein
1049 3345 1193 3427 margine
1219 3346 1262 3411 ad
1284 3348 1483 3432 πειρωμένους
1511 3349 1566 3413 ad-

205 3469 330 3553 scripta
351 3469 479 3553 legitur,
501 3467 592 3532 vario
608 3466 701 3532 lectio
724 3465 947 3551 προῃρημένους
973 3464 1042 3529 sinc
1058 3464 1155 3530 dubio
1178 3486 1219 3532 cx
1238 3467 1415 3552 archetypo
1438 3477 1566 3552 sumpta

206 3597 272 3672 cst,
299 3610 363 3655 non
387 3590 488 3655 solum
514 3587 634 3670 120,‘22
658 3588 780 3669 (ὑλικοῖς
802 3585 833 3649 in
857 3605 919 3667 mg.
945 3583 1050 3666 ξύλοις)
1077 3585 1135 3649 sed
1158 3592 1265 3651 cetera
1288 3606 1414 3670 quoque
1436 3588 1478 3653 de
1499 3589 1566 3671 qui-

206 3709 268 3773 bus
290 3708 355 3772 dixi
384 3708 497 3774 cadem
521 3708 645 3772 ratione
667 3704 871 3790 interpretari
894 3703 984 3783 velit,
1013 3721 1085 3767 eum
1112 3723 1177 3768 non
1205 3725 1333 3788 possum
1356 3707 1564 3790 redarguere:

206 3827 269 3891 boc
295 3835 402 3892 autem
429 3833 523 3892 teneo
551 3844 656 3908 neque
685 3826 727 3891 de
754 3845 812 3890 suo
843 3831 985 3887 mutasse
1012 3821 1056 3884 m¹
1079 3841 1185 3905 neque
1211 3824 1284 3889 aliis
1305 3833 1434 3909 praeter
1456 3827 1565 3892 arche-

207 3955 321 4031 typum
343 3965 434 4010 usam
457 3965 530 4011 esse
551 3944 650 4010 libris.
687 3944 825 4027 denique
847 3943 940 4026 signa
961 3941 1167 4007 inveniuntur
1188 3942 1230 4008 ab
1245 3943 1358 4008 eadem
1383 3952 1416 4010 ut
1438 3946 1565 4011 videtur

205 4085 305 4130 mann
337 4064 440 4149 prima
470 4063 561 4131 falsis
597 4064 747 4150 adposita
778 4062 943 4147 scripturis
975 4060 1028 4147 (cf.
1057 4059 1120 4148 ἔχεῑ
1148 4064 1245 4146 15Ο,9
1271 4062 1320 4127 οὖν·
1346 4066 1463 4149 160,19
1490 4071 1563 4151 ᾱιρε-

207 4186 277 4249 ator
302 4181 432 4270 mare)
466 4192 522 4249 aut
547 4183 620 4268 ipsa
647 4204 774 4267 quoque
801 4182 931 4266 depicta
960 4201 1001 4247 cx
1029 4181 1206 4266 archetypo
1233 4191 1289 4247 aut
1314 4203 1335 4248 a
1362 4183 1491 4250 librario
1521 4185 1563 4250 de

205 4303 296 4368 verbi
320 4303 460 4370 sanitate
482 4302 658 4370 dubitantis
680 4302 802 4368 addita.
847 4301 993 4386 proprios
1016 4301 1100 4367 enim
1124 4321 1249 4367 errores
1272 4301 1324 4365 ubi
1347 4304 1479 4385 agnovit
1501 4313 1564 4370 sta·

205 4425 262 4487 tim
285 4423 413 4489 videtur
434 4423 623 4489 correxisse.

290 4543 397 4624 Atque
419 4542 460 4609 dc
481 4550 592 4609 vetere
607 4548 787 4608 correctore
809 4540 975 4606 consimile
998 4540 1059 4605 crit
1080 4539 1241 4606 iudicium.
1276 4560 1369 4623 quem
1393 4540 1458 4606 dixi
1482 4541 1562 4606 nibil

202 4660 294 4726 aliud
310 4660 416 4744 egisse
437 4661 499 4726 nisi
522 4671 557 4727 ut
579 4661 721 4727 codicem
737 4660 948 4746 archetypum
970 4660 1085 4725 iterum
1100 4660 1271 4744 diligenter
1286 4639 1355 4725 cum
1371 4661 1561 4745 apographo

202 4780 374 4847 conferret.
408 4780 518 4863 itaque
541 4780 595 4845 ubi
618 4780 694 4864 quid
717 4779 777 4845 sibi
800 4779 888 4844 risus
911 4785 960 4844 cst
981 4786 1038 4843 aut
1059 4779 1209 4845 omissum
1231 4779 1484 4863 deprehendisse
1506 4788 1562 4845 aut

200 4901 286 4967 l'also
313 4900 507 4984 descriptum
537 4901 654 4967 rectius
680 4900 891 4982 intellexisse,
919 4900 953 4963 id
980 4918 1075 4982 quam
1103 4899 1285 4965 cautissime
1312 4900 1344 4964 in
1371 4901 1560 4984 apographo
