3540 5610
201 314 241 379 16
677 310 878 365 ALEXANDRI
902 309 946 363 DE
970 308 1078 365 ANIMA

254 486 345 550 τοίνυν
369 487 486 571 ἡψυχὴ
509 483 559 569 [ἣν
579 485 628 550 καὶ
642 483 808 567 τελειότητα
831 484 879 546 καὶ
894 481 1073 568 ἐντελέχειαν
1095 480 1162 551 ἕδος
1181 478 1376 565 Ἀριστοτέλει
1394 480 1503 566 λέγειν]
1516 498 1545 541 οε

254 587 331 658 εἶδός
354 612 384 652 τε
400 586 491 665 ἐστιν,
509 591 551 656 ὡς
573 587 724 661 δέδεικται,
746 588 794 651 καὶ
818 584 894 654 εἶδος
916 582 1017 649 ἔνυλον
1039 585 1189 670 (σώματος
1211 586 1276 669 γάρ,
1299 585 1346 648 καὶ
1369 588 1504 669 σώματος

255 696 391 776 φυσικοῦ·
416 691 450 754 οδ
472 690 526 774 γὰρ
548 695 693 774 τεχνικοῦ,
717 693 757 759 ώς
778 691 811 753 rh
834 692 884 752 τοῦ
910 689 1086 773 ἀνδριάντος·
1115 689 1162 752 καὶ
1185 692 1307 772 φυσικοῦ
1330 686 1386 772 οὐχ
1409 689 1504 752 ἁπλοῦ

254 797 295 863 ώς
318 795 350 857 τὸ
373 798 423 857 τοῦ
447 791 545 877 πυρός,
569 792 644 855 ἀλλὰ
666 792 809 856 συνδέτου
831 815 863 855 τε
885 792 933 854 καὶ
955 789 1130 875 ὀργανικοῦ),
1153 792 1186 853 τδ
1209 792 1241 854 δὲ
1262 789 1348 861 εἶδος,
1370 789 1404 854 υῖι
1427 792 1502 855 ἐστιν

226 895 346 966 οεῖδυς,
374 896 496 981 ἐδείχθη
519 895 568 959 καὶ
593 895 739 979 τελειότητ
762 894 808 968 δν,
835 892 904 963 ἕδος
927 893 959 957 δὲ
978 890 1171 976 Ἀριστοτέλει
1194 893 1246 975 τὴν
1268 892 1433 977 τελειότητα
1454 896 1503 958 καὶ

256 999 437 1084 ἐντελέχειαν
459 997 566 1080 λέχειν,
594 1001 635 1066 ὡς
656 1001 708 1061 τοῦ
736 999 765 1060 ἐν
789 1003 830 1082 τῷ
854 997 929 1060 τέλει
956 996 1027 1059 εἶναι
1050 996 1082 1058 τδ
1112 999 1231 1079 πράημα
1258 994 1292 1058 οῦ
1315 995 1391 1059 ἐστιν
1414 993 1503 1058 οὖσαν

256 1102 362 1177 αἰτίαν,
390 1099 509 1170 εἰκότως
531 1100 622 1186 αὐτῆς
645 1100 780 1163 ἀπέδωκε
801 1105 928 1164 τοιοῦτον
952 1099 1000 1162 τδν
1022 1097 1120 1180 λάχον·
1156 1096 1322 1181 ἐντελέχεια
1347 1099 1366 1181 ἡ
1390 1100 1502 1183 πρώτη.

255 1204 334 1287 διττὴ
357 1204 411 1289 γὰρ
434 1202 469 1288 ἦν
493 1205 512 1286 η
534 1205 690 1285 τελειδτης,
712 1228 731 1286 η
753 1203 805 1285 μέν
829 1203 884 1271 ἕξις
907 1226 937 1265 τε
960 1202 1008 1265 καὶ
1023 1200 1151 1283 δύναμις,
1173 1224 1192 1282 η
1210 1200 1242 1262 δὲ
1264 1199 1322 1263 άπὸ
1345 1205 1397 1284 τῆς
1419 1201 1503 1264 δυνά·
1516 1216 1544 1258 ου

258 1331 336 1389 μεως
359 1306 501 1391 ἐνέρηεια,
530 1308 570 1368 ιῖνν
593 1307 613 1390 ip
636 1306 756 1389 δύναμις
777 1304 813 1388 ἦν
837 1308 938 1388 πρώτη
962 1304 1064 1368 καὶτὸ
1087 1303 1163 1371 εἶδος
1185 1301 1221 1386 ἦν
1245 1327 1263 1385 η
1287 1303 1360 1365 κατὰ
1383 1303 1434 1386 τὴν
1459 1303 1504 1367 δῦ·

215 1425 242 1470 10
254 1432 337 1493 ναμιν
365 1408 520 1493 τελειότης.
569 1408 735 1493 ἐντελέχεια
761 1407 811 1471 οῦν
844 1410 863 1490 ἡ
892 1410 992 1492 πρώτη
1022 1409 1156 1489 σώματος
1190 1409 1315 1489 φυσικοῦ
1342 1406 1502 1489 ὀργανικοῦ.

256 1511 315 1575 ἔστι
337 1512 392 1597 peip
416 1512 565 1596 δρηανικδν
588 1517 676 1593 σῶμα
697 1512 730 1573 τδ
746 1508 815 1595 ἔχον
839 1511 931 1572 πλείω
953 1533 985 1573 τε
1007 1511 1055 1572 καὶ
1071 1507 1243 1592 διαφέροντα
1267 1507 1342 1592 μέρη
1364 1514 1504 1594 ψυχικαῖς

256 1617 409 1697 δυνάμεσιν
426 1614 632 1697 ὑπηρετεῖσθαι
647 1616 801 1697 δυνάμενα.
835 1614 880 1676 διδ
898 1614 935 1676 τδ
952 1613 1101 1697 ὀργανικὸν
1117 1617 1204 1693 σῶμα
1220 1611 1267 1674 καὶ
1283 1614 1402 1694 δυνάμει
1426 1612 1504 1695 ζωὴν

255 1715 334 1802 ἔχειν
346 1717 433 1798 λεήει,
449 1720 491 1801 τῷ
505 1718 623 1799 δυνάμει
635 1717 713 1799 ζωὴν
729 1713 799 1800 ἕχον
811 1717 873 1778 ἀντὶ
886 1719 936 1778 τοῦ
948 1715 1106 1796 δυναμένου
1122 1713 1185 1776 κατ’
1204 1713 1346 1796 ένέρηειαν
1363 1720 1415 1798 ζῆν
1428 1717 1505 1800 χρώ

257 1843 350 1903 μενος.
384 1821 417 1881 rh
432 1819 485 1902 γάρ
500 1818 557 1901 ἤδη
575 1821 626 1902 τὴν
646 1818 754 1882 τέλειον
770 1819 869 1903 ψυχὴν
890 1816 959 1902 ἔχον
977 1818 1070 1881 πολλὰ
1085 1815 1149 1880 κατ’
1171 1816 1261 1899 αὐτὴν
1278 1816 1394 1880 δύναται
1411 1822 1503 1880 ποιεῖν

216 1939 242 1982 1ο
255 1947 286 1986 τε
300 1925 348 1986 καὶ
364 1924 499 2008 πάσχειν,
520 1921 686 2006 τρέφεσθαι,
706 1919 854 1989 αὔξεσθαι,
874 1924 984 2004 γεννᾶν,
1005 1920 1206 1995 αἰσδάνεσίλοιι,
1228 1918 1391 2002 δρέηεσδαι,
1413 1922 1503 1983 διανο-
1517 1936 1561 1983 τ’»,

255 2027 361 2098 εῖσίλαι,
381 2024 482 2108 λέχειν,
504 2026 647 2108 πράττειν,
663 2023 807 2107 δχιαίνειν,
829 2027 933 2087 νοσεῖν.
967 2021 1087 2109 ἔμψυχα
1101 2023 1155 2106 γάρ
1171 2023 1255 2086 οῦδὲν
1271 2022 1366 2106 ἦττον,
1389 2021 1442 2085 κᾶν
1459 2023 1501 2107 μὴ

158 2135 161 2140 ’
256 2130 360 2212 ἐνεργῇ
384 2128 447 2212 μέν,
471 2127 589 2212 δύνηται
604 2127 646 2200 δέ,
669 2128 718 2189 καὶ
741 2124 801 2190 ἔστι
823 2128 856 2190 τδ
872 2128 1002 2208 δυνάμει,
1025 2127 1057 2188 τὸ
1074 2126 1288 2210 προσκείμενον,
1312 2131 1364 2209 τῆς
1386 2128 1503 2210 πρώτης

257 2232 436 2316 ἐντελεχείας
464 2228 632 2314 δηλωτικόν.
678 2231 724 2292 καὶ
752 2229 825 2312 αῦτη
850 2230 901 2312 μὲν
929 2232 948 2313 ἡ
976 2235 1027 2312 τῆς
1050 2234 1149 2314 ψυχῆς
1171 2228 1269 2301 οὐσία,
1298 2231 1338 2297 ὡς
1361 2229 1402 2291 ἑνὶ
1424 2228 1504 2312 λάχη)

255 2334 418 2419 περιλαβεῖν
445 2333 560 2401 πλείους
588 2332 683 2417 ψυχὰς
705 2329 772 2395 οὔτε
794 2332 936 2415 ὁμοειδεῖς
963 2331 1101 2416 ἀλλήλαις
1126 2331 1203 2401 τάξιν
1230 2354 1261 2393 τε
1282 2331 1408 2416 ἐχούσας
1431 2331 1502 2414 πρὸς

214 2438 397 2520 νοάλλήλας,
427 2440 475 2511 ώς1
490 2435 561 2498 εἶναι
587 2435 640 2518 τὴν
668 2434 719 2518 μέν
745 2457 809 2497 τινα
835 2435 930 2498 αὐτῶν
953 2434 1141 2518 ἀτελεστέραν
1168 2458 1199 2497 τε
1222 2436 1270 2496 καὶ
1293 2437 1425 2518 πρώτην,
1447 2435 1501 2518 τὴν

255 2542 288 2604 δὲ
311 2539 382 2624 μετὰ
409 2539 513 2622 ταύτην
542 2538 719 2621 τελειοτέραν
747 2537 859 2621 ἐκείνης
886 2543 927 2622 τῷ
951 2538 1022 2622 πρδς
1049 2539 1168 2606 ἐκείναις
1197 2538 1245 2600 καὶ
1271 2536 1361 2620 άλλην
1384 2538 1502 2621 δύναμίν
1517 2555 1546 2596 ου

257 2667 318 2705 τινα
340 2642 575 2727 προσειληφέναι,
598 2642 651 2704 καὶ-
669 2640 741 2724 μετὰ
763 2640 869 2723 ταύτην
890 2641 987 2724 τρίτην
1009 2641 1071 2703 τινὰ
1099 2642 1183 2704 πάλιν
1206 2641 1277 2723 πρὸς
1299 2640 1419 2710 ἐκείναις
1441 2646 1504 2710 ταῖς

205 2901 216 2951 l
237 2899 268 2969 ἣν
286 2896 443 2967 καὶ-λέγειν
461 2912 510 2949 om.
619 2898 634 2949 2
652 2896 711 2967 γὰρ]
729 2897 784 2949 nnd
889 2897 958 2951 4-5
981 2900 1010 2950 τὸ
1028 2896 1054 2950 δὲ
1072 2897 1305 2969 εἷδος-τελειότης
1323 2896 1363 2966 ὃν]
1383 2900 1445 2951 aber
1464 2900 1559 2951 hereits

201 2987 324 3040 erltutert
342 2987 384 3047 ist,
404 2986 464 3036 dces
483 2986 525 3037 dic
538 2985 624 3051 Form,
641 2985 759 3039 welche
776 2984 818 3038 hir
836 2986 893 3051 dns,
911 2986 1001 3038 dessen
1022 2986 1097 3038 Fornr
1117 2988 1154 3039 sie
1173 2988 1216 3051 ist,
1234 2989 1299 3040 auch
1320 2989 1378 3039 eine
1391 2986 1559 3055 Vollendung

203 3073 339 3126 desselben
358 3075 400 3126 ist.
504 3072 570 3123 64
591 3071 627 3130 ὡς
644 3073 750 3142 τοῦ-η
769 3072 928 3144 πρώτηθοω.
1028 3076 1109 3143 8γαρ
1128 3090 1177 3127 om.
1281 3073 1367 3125 9-10
1385 3072 1559 3126 διν-τελειό-

201 3161 258 3232 της]
283 3161 324 3213 die
342 3160 416 3212 lirait
439 3160 474 3212 ist
494 3176 543 3212 von
559 3159 640 3227 jencn
664 3161 756 3220 beiden
776 3162 818 3213 die
841 3166 907 3214 crete
926 3162 1144 3230 Vollendnng‚
1168 3162 1209 3214 die
1228 3161 1304 3213 Foris
1330 3161 1371 3213 die
1390 3161 1559 3229 l'ollcndung

203 3249 231 3302 in
255 3250 300 3302 der
323 3248 411 3300 Weiss
434 3246 478 3298 der
501 3246 575 3299 Krait
715 3248 731 3297 9
758 3247 789 3318 ἠν
813 3248 866 3300 ν.8
884 3250 944 3300 ets
968 3250 1002 3302 ist
1148 3249 1178 3301 10
1205 3247 1259 3316 οῦν]
1284 3248 1339 3300 also
1358 3250 1393 3300 ist
1410 3249 1449 3300 sie
1593 3308 1596 3313 ,

206 3335 306 3388 11-12
336 3332 636 3404 ψυχικαῖς-δυνάμενα]
662 3336 756 3389 welche
775 3337 817 3388 die
835 3337 927 3388 hrbcit
945 3342 1064 3406 ertregen
1082 3337 1162 3389 durch
1182 3337 1224 3388 die
1243 3335 1333 3388 liriite
1351 3335 1396 3388 dcr
1415 3335 1487 3388 Seele
1506 3335 1557 3388 BP.

203 3440 233 3492 p:
259 3424 353 3476 welche
371 3423 421 3474 den
440 3421 546 3474 Kristen
572 3424 618 3475 der
636 3422 709 3476 Scele
732 3423 826 3475 dienen
950 3424 1050 3476 12-13
1078 3424 1114 3476 διδ
1130 3422 1304 3494 ·χρώμενος]
1328 3440 1356 3474 cr
1375 3427 1434 3491 sagt
1451 3422 1511 3474 dsss
1530 3424 1558 3475 in

202 3510 256 3562 ihm
270 3510 358 3563 lichen
377 3510 404 3561 in
418 3511 535 3577 potentia
550 3511 597 3574 sei,
615 3516 715 3562 snstntt
732 3509 792 3562 dass
811 3529 838 3562 er
856 3527 924 3578 sege,
942 3529 969 3564 cr
988 3512 1105 3581 vermdge
1123 3513 1151 3563 in
1169 3516 1230 3564 actu
1249 3528 1280 3563 zu
1294 3512 1369 3563 leben
1448 3510 1478 3562 15
1497 3516 1559 3563 ante

202 3593 336 3668 τρέφεσθαι
353 3596 439 3648 addit:
459 3596 527 3649 denn
546 3614 574 3649 es
593 3613 696 3665 vermsg
801 3597 897 3667 ηεννᾶν]
918 3599 964 3650 das
983 3600 1134 3652 ihnliche
1153 3616 1184 3651 zu
1203 3615 1328 3666 erzcugcn
1437 3598 1468 3650 16
1487 3597 1559 3650 οῦδὲν

202 3682 290 3753 ἧττον]
313 3684 371 3735 sind
397 3684 507 3736 beseelte
645 3683 753 3738 18-19
781 3686 824 3738 καὶ
847 3683 1021 3757 αῦτη-πρὸς
1039 3685 1161 3756 ἀλληλοις]
1186 3687 1246 3739 llies
1269 3688 1304 3738 ist.
1327 3687 1371 3738 der
1394 3685 1559 3738 wesentliche

202 3771 289 3824 lnhalt
311 3772 356 3822 des
376 3771 484 3823 Wesens
508 3771 552 3824 der
571 3771 656 3837 Seele,
680 3789 753 3826 wenn
771 3775 809 3827 sic
829 3776 856 3826 in
874 3776 934 3826 cinc
952 3773 1095 3826 Definition
1119 3773 1218 3843 geinsst
1235 3773 1306 3825 wird.
1335 3774 1383 3826 llie
1402 3773 1491 3825 l'heile
1515 3772 1560 3825 der

202 3858 275 3910 Seele
293 3857 351 3910 sind
372 3857 556 3924 vollhomrnen‚
580 3859 670 3912 heiner
688 3860 820 3914 derselhen
838 3862 873 3914 ist
891 3862 1031 3930 passender
1050 3862 1094 3914 dcr
1114 3865 1161 3914 hrt
1179 3862 1244 3914 nnch
1265 3859 1309 3929 [P:
1329 3860 1434 3930 Form]‚
1457 3861 1496 3912 als
1514 3861 1560 3924 (ist

202 3944 435 4011 untergeordnetl)
454 3945 499 3998 der
517 3947 626 4010 andem
652 3947 745 4015 jedoch
764 3950 801 4000 ist
819 3951 876 4002 eine
895 3949 1046 4017 Abstuiung
1065 3949 1191 4002 zwischen
1209 3951 1359 4013 einzelnen,
1377 3950 1417 4001 ich
1439 3949 1524 4001 meine

203 4032 238 4084 ‘20
256 4033 299 4084 καὶ
317 4030 431 4102 πρώτην]
451 4033 505 4085 nnd
524 4036 644 4103 geringer
748 4037 795 4106 τὴν
813 4036 851 4105 δὲ]
869 4053 896 4105 p.
915 4037 999 4090 addit:
1018 4037 1152 4090 derselben
1259 4037 1288 4088 ‘ll
1315 4035 1386 4107 πρὸς]
1406 4037 1453 4087 mit

204 4119 237 4172 22
255 4119 342 4191 τρίτην
360 4119 426 4188 τινὰ]
445 4120 530 4173 addit:
549 4122 591 4174 hir
610 4123 722 4177 dissolbe

205 4362 216 4412 1
247 4359 278 4429 ἣν
301 4357 479 4429 καὶ-λέγειν]
506 4361 569 4414 haec
592 4365 670 4419 verbs
692 4382 750 4418 cnm
775 4366 841 4421 male
858 4384 901 4439 *ex
924 4366 979 4420 v.5
1002 4370 1140 4435 praecepte
1162 4369 1216 4420 sint
1243 4373 1269 4421 et
1291 4368 1320 4421 in
1343 4368 1559 4436 interpretatione

203 4448 324 4502 hebraica
342 4446 441 4511 desint,
462 4450 537 4500 uncis
557 4451 746 4522 circumscripsi
844 4454 859 4503 G
879 4459 980 4525 πρᾶγμα
998 4454 1050 4506 Ka:
1070 4460 1156 4524 πρᾶμα
1176 4456 1197 4507 V
1293 4454 1308 4506 'l
1328 4454 1445 4524 εἰκότως]
1464 4457 1559 4523 incipit

202 4536 324 4604 spodosis
444 4534 476 4585 10
502 4536 817 4614 έντελέχεια-ὀρχανικοῦ
836 4543 891 4595 scil.
910 4543 961 4595 ἐστι
979 4542 1050 4612 ψυχή
1169 4542 1199 4594 12
1228 4541 1265 4594 διὸ
1284 4542 1312 4595 τδ
1334 4541 1465 4614 ὀργανικὸν
1484 4550 1559 4610 σῶμα

203 4636 253 4677 ont.
272 4623 313 4674 Ka
437 4619 469 4674 13
497 4623 562 4695 ἔχειν
582 4629 616 4680 V:
634 4628 686 4699 ἔχει
704 4630 746 4682 Ka
872 4629 930 4703 ἔχον
950 4631 994 4693 ω’,
1012 4629 1078 4701 ἐχειν
1098 4628 1179 4680 mll':
1199 4628 1257 4699 ἔχον
1276 4631 1316 4681 lia
1439 4632 1494 4683 ἀντι
1513 4632 1560 4694 ιυέ,

202 4729 277 4766 παντι
299 4712 335 4767 m¹
350 4709 370 4759 V
377 4723 384 4758 r
406 4710 480 4761 παντὶ
503 4712 550 4764 Ka.
588 4716 763 4769 Alexandrum
787 4722 850 4785 puto
873 4718 1008 4785 scripsisse
1030 4720 1067 4787 τῷ
1094 4715 1210 4784 ,δυνάμει
1234 4716 1302 4786 ζωὴν
1325 4716 1411 4786 ἔχον“
1437 4719 1491 4770 ἀντὶ
1514 4724 1559 4770 τοῦ

206 4800 296 4861 ,δυνά
302 4814 395 4870 μενον
414 4795 472 4849 κατ’
488 4798 609 4873 ἐνέργειαν
628 4803 686 4872 ζῆν“
702 4803 833 4877 χρώμενος
851 4811 880 4855 nt.
898 4804 948 4856 1.11
967 4821 993 4872 p.
1005 4803 1091 4856 143r7
1110 4796 1153 4855 καὶ
1171 4803 1236 4856 ἐστιν
1254 4803 1305 4855 ἴσον
1324 4804 1352 4856 τὸ
1370 4804 1471 4874 δυνάμει
1490 4807 1559 4877 ζωὴν

203 4893 261 4961 ἔχον
280 4895 316 4963 τῷ
338 4890 542 4966 ,ἐρχανικόν“
649 4892 678 4944 15
697 4890 793 4961 γεννᾶν]
812 4897 872 4959 post
890 4910 906 4942 α
924 4907 978 4943 una
994 4890 1034 4942 lit.
1054 4907 1088 4941 cr.
1109 4892 1130 4942 λ’
1240 4893 1271 4944 18
1289 4893 1410 4963 ψηχῆςει
