3540 5610
655 321 711 390 [υε
736 321 843 375 καικκ
866 321 969 374 ιιιιυπ
991 319 1118 390 ALTER]
1505 318 1566 382 169

264 495 350 578 λόγον
373 495 422 558 καὶ
444 497 495 578 τὴν
519 495 549 557 ἐν
572 495 665 577 τούτῳ
688 496 839 580 διαφοράν,
866 494 997 578 ποιότητι
1019 496 1073 578 γὰρ
1096 501 1211 577 σαρκῶν
1235 496 1282 558 καὶ
1304 493 1441 577 ποσότητι
1464 490 1512 553 καὶ

261 601 323 666 τοῖς
345 598 493 667 τοιούτοις.
539 599 675 682 διάφορος
697 594 747 660 οῦν
771 597 791 659 δ’
802 600 930 683 χαλκοῦς
952 598 1055 667 κύκλος
1076 598 1125 660 καὶ
1141 598 1258 666 ξύλινος,
1281 597 1338 681 οὐχ
1360 596 1451 680 ἕτεροι
1468 598 1510 678 τῴ

259 700 347 773 εῖδει,
381 701 425 764 ότι
453 701 527 763 κατὰ
556 702 587 763 τὸ
617 700 804 781 ὑποκείμενον
831 699 942 776 αὐτοῖς,
976 700 1010 763 ού
1038 703 1111 763 κατὰ
1141 702 1188 763 τὸν
1216 698 1299 781 λόγον
1329 700 1347 783 ἡ
1377 697 1511 782 διαφοραί.

260 804 357 872 οὕτως
380 804 411 866 δὲ
434 804 481 866 καὶ
505 804 553 866 ἐπὶ
576 808 633 866 τῶν
657 802 774 887 αἰτόμων
798 803 972 886 ἀνθρώπων.
1017 807 1036 887 ἡ
1059 804 1114 889 γὰρ
1137 805 1166 867 ἐν
1189 808 1232 888 τῴ
1247 802 1326 887 λόγῳ
1349 801 1513 867 ἐναντίωσις

231 904 327 990 σεῖδη
351 905 524 990 διαφέροντα
546 910 640 989 γεννᾷ,
669 905 737 991 οὐχὶ
760 905 795 968 τὰ
818 906 890 968 κατὰ
919 907 951 969 τδ
974 908 1071 969 ύλικδν
1094 908 1186 988 πάδη.
1231 906 1279 969 καὶ
1306 905 1338 968 τὸ
1366 904 1451 989 ἄρρεν
1474 902 1510 984 δὴ

260 1008 310 1072 καὶ
333 1010 366 1070 τό
395 1008 481 1091 ὓῖηλυ,
516 1008 578 1071 ἐπεὶ
607 1010 648 1092 μὴ
671 1008 745 1071 κατὰ
775 1009 823 1070 τὸν
846 1008 941 1091 λόηον,
969 1009 1044 1072 ἀλλὰ
1071 1010 1144 1072 κατὰ
1172 1010 1265 1079 πάθος
1293 1008 1390 1071 ύλικδν
1416 1004 1512 1090 διαφέ-
1526 1019 1553 1062 ³5

260 1132 368 1195 ρουσιν,
402 1109 460 1195 ούχ
489 1111 574 1194 ἕτερα
600 1117 642 1196 τῷ
669 1111 749 1175 εῖδει.
795 1111 838 1174 ότι
865 1111 898 1173 δὲ
925 1112 967 1194 μή
995 1113 1065 1175 εἰσιν
1099 1113 1265 1197 διαιρετικαὶ
1300 1110 1435 1195 διαφοραὶ
1462 1109 1511 1171 καλ

259 1213 400 1276 εἰδοποιοὶ
422 1215 454 1276 τὸ
478 1212 564 1298 ἄρρεν
588 1214 690 1277 καὶτὸ
714 1215 789 1297 δῆλα
812 1215 860 1277 καὶ
883 1215 942 1296 [τὸ]
971 1216 1004 1278 ἐκ
1026 1216 1134 1279 τούτων
1157 1217 1255 1297 δῆλον.
1298 1213 1361 1296 ἤτοι
1388 1212 1443 1296 γὰρ
1466 1211 1512 1273 ἄν·

261 1318 383 1400 δρώπου
407 1317 479 1380 εἰσὶν
502 1318 635 1400 διαφοραὶ
658 1317 676 1400 ἢ
700 1316 788 1380 ἄλλου
812 1317 886 1386 τινὸς
907 1316 1011 1396 εἴδους,
1035 1317 1064 1379 ἐν
1088 1317 1130 1386 οἷς
1152 1319 1185 1380 τῦ
1208 1317 1259 1399 μὲν
1275 1315 1360 1400 ἄρρεν
1384 1314 1455 1389 ἐστί,
1477 1314 1510 1376 τῦ

218 1435 245 1478 ιο
261 1420 294 1483 δὲ
318 1421 405 1503 θῆλυ,
435 1420 529 1503 ἢτοῦ
552 1414 630 1504 ζιῴου
652 1423 703 1482 τοῦ
731 1419 841 1482 τούτων
868 1419 976 1503 γένους.
1021 1418 1084 1483 ἀλλ’
1113 1420 1269 1504 ἀνθρώπου
1300 1419 1351 1499 μὲν
1374 1415 1510 1480 οὐκέστι

261 1524 420 1606 διαιρετικὴ
449 1523 582 1606 διαφοραί.
627 1523 656 1584 αί
683 1522 738 1607 γὰρ
771 1523 876 1585 οίκεῖαί
901 1547 975 1592 τινος
1002 1524 1171 1606 διαιρετικαὶ
1198 1522 1332 1605 διαφοραὶ
1360 1520 1413 1583 οῦκ
1439 1520 1510 1583 εἰσὶν

260 1625 308 1688 ἐπὶ
332 1625 419 1688 πλέον
442 1625 563 1691 ἐκείνου.
591 1625 607 1688 ὃ
631 1627 797 1708 διαιροῦσιν,
824 1626 884 1688 οἷον
912 1631 968 1688 τῶν
992 1627 1024 1688 τό
1047 1632 1123 1711 ζῴον
1150 1625 1335 1708 διαιρούντων
1363 1626 1510 1707 διαφορῶν

259 1727 382 1808 οὐδεμία
412 1725 468 1797 ἔξω
491 1733 541 1791 τοῦ
566 1727 644 1812 ζῴου
671 1730 766 1791 πίπτει
789 1728 857 1791 οῦδὲ
881 1730 1006 1814 ύπαίρχει
1032 1729 1094 1803 τινί,
1122 1728 1138 1791 ὃ
1162 1730 1202 1813 μὴ
1229 1726 1308 1813 ζῴόν
1331 1726 1415 1790 ἐστιν.
1461 1741 1549 1788 πε-4υ

260 1830 416 1915 ριέχεσδαι
441 1831 497 1915 γὰρ
523 1833 569 1893 δεῖ
594 1832 645 1900 τὰς
678 1832 836 1912 τεμνούσας
864 1855 889 1893 τι
917 1833 1023 1916 κυρίως
1051 1831 1190 1915 διαφορὰς
1216 1831 1246 1893 ἐν
1274 1834 1315 1915 τῴ
1343 1829 1510 1913 τεμνομένιμ

217 1948 245 1991 15
259 1934 333 2017 πρὸς
356 1934 462 1996 αὐτῶν.
505 1935 531 1996 εί
553 1935 606 2018 γάρ
630 1957 702 2004 τινες
724 1934 772 1997 ἐπὶ
794 1934 881 1997 πλέον
905 1933 976 1997 εἶναι
998 1936 1130 1998 δοκοῦσιν
1153 1940 1211 1997 τῶν
1235 1932 1416 2016 τεμνομένων
1439 1932 1511 2015 πρὸς

257 2036 367 2111 αὐτῶν,
390 2043 433 2121 τῴ
458 2038 498 2120 μὴ
521 2037 630 2099 τούτων
653 2036 726 2101 εἶναι
749 2037 865 2121 κυρίως,
888 2036 963 2099 ἀλλὰ
984 2042 1042 2098 τῶν
1066 2036 1326 2121 ἐπαναβεβηκότων
1348 2034 1446 2102 αύτοῖς
1467 2057 1510 2117 ηε-

258 2146 318 2202 νῶν
340 2140 415 2203 κατὰ
437 2144 521 2203 τοῦτο
547 2142 680 2204 δοκοῦσιν
703 2140 888 2223 ύπερβαλλειν
911 2139 1030 2214 τούτων,
1054 2139 1149 2202 ούκέτι
1169 2139 1288 2202 ἐκείνων
1312 2138 1509 2201 ἐκπίπτουσαι.

257 2241 319 2304 οἷον
343 2241 432 2311 εἴτις
454 2244 486 2306 τδ
509 2244 596 2314 πεζὸν
617 2245 694 2326 ζῴον
717 2241 798 2322 τέμοι
819 2245 861 2326 τῴ
890 2242 994 2316 δίποδι,
1022 2243 1103 2305 δοκεῖ
1123 2244 1142 2325 ἡ
1170 2243 1268 2306 δίπουν
1291 2238 1416 2325 διαφορὰ
1438 2238 1510 2301 εἶναι

257 2347 306 2407 καί
330 2344 360 2407 ἐν
392 2347 475 2408 παντὶ
499 2343 579 2430 ζῴιρ.
623 2341 760 2426 ἔστιγὰρ
787 2346 834 2407 καὶ
862 2344 893 2406 ἐν
920 2348 962 2430 τῴ
986 2349 1103 2428 πτηνῷ·
1138 2349 1188 2407 τοῦ
1215 2342 1268 2426 γὰρ
1297 2340 1374 2428 ζῴου
1403 2341 1510 2424 κυρίως

211 2447 336 2512 υυέστιν
364 2445 532 2533 διαιρετική,
566 2445 600 2510 ού
628 2446 724 2509 οὐκέτι
754 2447 802 2509 ἐπὶ
828 2451 925 2510 πλεῖον
949 2448 1074 2532 ρηίλῆναι
1097 2448 1222 2510 δύναται.
1267 2446 1300 2509 οῦ
1323 2447 1376 2529 γάρ
1400 2444 1465 2508 ἐστί
1483 2460 1550 2506 τινα

257 2553 299 2634 μὴ
323 2555 401 2636 ζῴον
424 2551 533 2613 δίπουν.
578 2551 626 2613 καὶ
652 2551 685 2613 τὸ
714 2550 789 2633 ὓῆλυ
817 2550 854 2633 δὴ
883 2551 985 2613 καὶτὸ
1012 2550 1098 2634 ἄρρεν
1126 2551 1178 2613 οῦκ
1205 2550 1239 2613 ἄν
1266 2548 1323 2613 εἶεν
1351 2549 1508 2632 ἀνθρώπου

256 2654 393 2737 τμητικαὶ
416 2654 560 2738 διαφοραί,
588 2653 651 2715 ἐπεὶ
675 2653 723 2715 καὶ
745 2652 776 2714 ἐν
798 2651 895 2722 ἄλλοις
922 2651 1009 2737 ζῴοις
1031 2653 1111 2730 εἰσίν,
1138 2655 1186 2717 καὶ
1209 2653 1261 2716 οῦκ
1288 2653 1319 2715 ἐν
1342 2652 1509 2736 ἀνθρώποις

256 2756 364 2838 μόνοις.
410 2756 457 2818 διὰ
481 2760 570 2819 ταῦτα
591 2755 642 2819 οῦν
665 2755 733 2819 οῦδὲ
754 2758 813 2817 τῶν
836 2753 932 2818 ἄλλων
955 2757 1029 2826 τινὸς
1051 2756 1108 2820 εἶεν
1130 2756 1165 2820 ἄν
1185 2757 1319 2841 διαφοραὶ
1342 2760 1399 2818 τῶν
1422 2754 1507 2817 εἰδῶν

254 2864 307 2921 τοῦ
336 2857 426 2943 ζῴου,
454 2857 520 2921 ἀλλ’
547 2859 688 2922 οὐδὲτοῦ
711 2857 790 2944 ζῴου
820 2856 880 2921 οἶόν
909 2883 940 2921 τε
966 2859 1058 2942 λέγειν
1086 2859 1174 2928 αύτᾶς
1202 2858 1340 2942 τμητικόις
1365 2856 1507 2920 εἶναικαὶ

211 2963 342 3025 ωείδῶν
366 2963 526 3046 ποιητικάς.
571 2962 601 3024 αἱ
627 2960 681 3044 γὰρ
709 2961 970 3045 ἀντιδιαιρούμεναι
996 2960 1138 3046 ἀλλήλαις
1160 2963 1295 3046 διαφοραὶ
1317 2960 1351 3024 ού
1374 2961 1506 3023 δύνανται

255 3066 451 3150 συνυπάρχειν
474 3063 504 3126 ἐν
528 3062 600 3126 εῖδει
626 3069 669 3149 τῷ
693 3063 786 3149 αῦτῴ.
831 3063 897 3127 οὔτε
924 3064 977 3148 γὰρ
1004 3067 1036 3127 τό
1064 3066 1179 3148 λογικὸν
1206 3066 1254 3127 καὶ
1281 3062 1384 3146 ἄλογον
1412 3063 1441 3125 ἐν
1465 3067 1508 3146 τῴ

254 3168 337 3252 αύτῷ
354 3167 426 3230 εῖδει
448 3165 510 3229 οἶόν
533 3189 564 3229 τε
586 3166 669 3242 εἶναι,
693 3165 760 3229 οῦτε
782 3168 814 3229 τό
838 3168 924 3239 πεζόν
948 3169 995 3230 καὶ
1019 3169 1125 3252 πτηνὸν
1148 3193 1167 3250 η
1188 3165 1304 3250 ἔνυδρον
1320 3163 1386 3228 ούτε
1408 3165 1506 3228 δίπουν
1520 3181 1548 3222 ου

254 3273 303 3334 καὶ
326 3269 428 3346 ἄπουν,
451 3270 483 3331 τὸ
506 3270 539 3332 δὲ
562 3271 638 3353 ίλῇλυ
662 3270 710 3331 καὶ
732 3270 764 3332 τὸ
779 3269 866 3354 ἄρρεν
889 3270 994 3339 ἐντοῖς
1015 3270 1113 3339 αὐτοῖς
1135 3269 1213 3333 ἐστιν
1235 3268 1349 3332 εἴδεσιν.
1388 3269 1435 3330 καὶ
1452 3268 1506 3352 γὰρ

254 3374 286 3436 ἐν
314 3373 464 3456 ἀνθρώπῳ
493 3369 555 3434 ὄντι
583 3371 677 3456 ταύτῴ
706 3370 779 3434 κατὰ
805 3373 838 3434 τῦ
864 3371 940 3441 εἶδος
967 3374 1015 3435 καὶ
1041 3373 1071 3435 ἐν
1099 3373 1180 3457 ἵππῳ
1208 3374 1255 3435 καὶ
1283 3373 1344 3434 κυνὶ
1372 3371 1419 3434 καλ
1447 3375 1506 3440 τοῖς

212 3495 240 3537 ,νυ
255 3476 355 3544 ἄλλοις
378 3474 497 3556 ὁμοίως,
525 3474 580 3538 όσα
602 3474 635 3538 ἐκ
658 3475 842 3557 συνδυασμοῦ
865 3477 980 3557 γίνεται,
1007 3474 1060 3538 οὐκ
1083 3475 1139 3560 ἄρα
1160 3476 1294 3559 τμητικαλ
1318 3475 1506 3558 διαφοραίτὸ

254 3582 332 3663 θῆλυ
360 3579 406 3640 καὶ
439 3578 472 3639 τὸ
500 3576 599 3660 ἄρρεν·
634 3575 697 3640 οὐδ’
729 3574 786 3660 ἄρα
812 3577 909 3662 ἕτερον
937 3582 979 3663 τῴ
1007 3576 1077 3641 εἴδει
1105 3580 1138 3641 τὸ
1166 3578 1252 3662 ἄρρεν
1278 3578 1326 3640 καὶ
1359 3580 1391 3641 τὸ
1420 3580 1505 3663 θῆλυ,

255 3685 333 3746 ὥστε
356 3679 425 3743 οὐδὲ
447 3681 517 3763 γυνη
545 3680 592 3742 καὶ
615 3679 700 3766 ἀνήρ.
726 3678 730 3764 l

452 3917 529 3984 Τῶν
552 3920 644 4003 παρὰ
664 3918 933 4004 Ἀριστοτέλους
960 3922 1037 4005 περὶ
1060 3925 1118 3983 τοῦ
1141 3918 1191 4005 ἐφ’
1220 3921 1312 4003 ημῖν.
1508 3935 1560 3980 νυνι

346 4091 417 4175 Περὶ
440 4095 490 4153 τοῦ
514 4089 565 4174 ἐφ’
593 4092 662 4174 ἡμῖν
685 4091 800 4174 ἐλέηετό
823 4116 864 4160 τις
886 4092 933 4154 καλ
956 4093 1052 4155 τοιοίδε
1075 4091 1152 4161 δόξα.
1191 4091 1217 4153 εἰ
1239 4093 1258 4174 ἠ
1282 4093 1334 4173 μὲν
1351 4092 1436 4178 φύσις
1450 4092 1507 4177 οὐχ

211 4180 243 4257 ου
257 4197 345 4278 όμοία
369 4197 495 4264 πάντων,
518 4192 581 4256 ἄλλ’
603 4191 666 4278 ἔχει
689 4195 828 4278 διαφοράν
851 4194 950 4278 (φύσει
972 4195 1026 4279 γὰρ
1049 4195 1164 4279 εὐφυεῖς
1186 4217 1268 4269 τινες,
1291 4197 1318 4256 οἱ
1341 4194 1367 4257 δ’
1388 4195 1503 4279 ἀφυεῖς·

256 4300 395 4383 μεηίστην
419 4299 451 4360 δὲ
480 4297 564 4382 ἰσχύν
587 4298 605 4379 ἡ
629 4297 714 4380 φύσις
740 4295 805 4382 ἔχει
828 4299 899 4382 πρὸς
921 4300 953 4361 τό
982 4299 1076 4366 τοίους
1104 4297 1122 4380 ἢ
1146 4297 1239 4366 τοίους
1264 4299 1403 4381 ηίνεσίλαι,
1432 4299 1505 4381 μετὰ

256 4404 289 4466 δὲ
312 4399 473 4484 τὴνφύσιν
496 4398 531 4462 τᾶ
554 4397 625 4484 ἔθη,
655 4399 685 4469 ἐξ
712 4401 753 4461 ὧν
780 4401 953 4485 ἀμφοτέρων
976 4404 1024 4464 καὶ
1052 4403 1070 4483 ἡ
1095 4401 1258 4484 προαίρεσις
1279 4401 1348 4463 ποιὰ
1375 4402 1504 4485 γίνεται),
1532 4415 1546 4455 t»

255 4510 318 4573 πῶς
341 4500 383 4566 ἔτι
406 4501 486 4566 ἔσται
508 4501 555 4588 ἐφ’
584 4504 653 4586 ημῖν
676 4503 694 4585 ἡ
718 4503 900 4587 προαίρεσις,
924 4504 999 4573 όλως
1021 4503 1194 4585 ἀπορήσειεν
1218 4503 1252 4565 ἄν
1275 4528 1326 4573 τις.
1371 4506 1417 4567 καὶ
1439 4507 1503 4586 ηοίρ,

253 4609 279 4671 εἰ
306 4608 354 4669 καὶ
382 4606 434 4689 τὴν
462 4606 645 4668 διδασκαλίαν
674 4606 802 4690 αἰτιῴτο,
836 4606 904 4669 οὐδὲ
929 4607 961 4669 τὸ
990 4609 1092 4690 μαθεῖν
1120 4604 1167 4690 ἐφ’
1195 4607 1274 4689 ημῖν,
1308 4605 1384 4689 λέγω
1412 4607 1443 4669 δὲ
1470 4609 1503 4671 τὸ

200 4844 264 4895 8τὸ
282 4844 364 4895 delevi
462 4843 492 4894 10
511 4841 617 4902 ζούουκ
709 4844 812 4912 γίνοςε
912 4846 943 4898 18
962 4845 1104 4915 ιοιιινεοη
1123 4846 1259 4909 (κατὰτὸ)
1278 4844 1363 4898 δίπουν
1464 4845 1494 4897 19
1513 4829 1557 4905 ίΙῙΙίν

202 4932 275 4982 παντὶ
295 4931 315 4981 V
399 4931 444 4999 γὰρ
464 4936 524 4997 post
542 4928 593 4981 ἔστι
612 4946 696 4983 σακε
779 4930 812 4984 25
831 4930 965 4985 δύναταιε
1047 4935 1078 4986 27
1099 4933 1192 5003 πτηνόν
1211 4935 1254 4986 καὶ
1271 4932 1345 4992 πεζὸν
1364 4934 1407 4985 καὶ
1425 4932 1558 5004 ἕνυὸρονο
