3540 5610
702 277 844 336 ΒΙΒΛΙΟΝ
864 276 1002 336 ΠΡΩΤΟΝ
1022 281 1091 334 2-3
1557 283 1574 346 7

268 459 330 537 πῦρ
354 454 458 540 ὁρατόν
481 478 512 518 τε
544 459 582 537 τῇ
605 455 694 517 αὑτοῦ
717 454 802 537 φόσει
828 454 876 518 καὶ
904 454 996 523 οὕτως
1028 455 1164 539 διαφανὲς
1192 458 1233 523 ὡς
1259 461 1395 541 προεῖπον
1417 455 1522 538 (τοιοῦ-
1536 471 1563 514 ευ

268 556 320 620 τόν
348 559 440 632 ἐστιν,
474 561 515 627 ὡς
541 558 589 621 καὶ
616 557 749 643 φωτίζειν
775 557 916 622 δύνασθαι
943 558 992 621 τὸν
1020 557 1092 642 ἀέρα
1120 560 1169 621 καὶ
1197 557 1334 644 παρέχειν
1362 557 1443 642 αι’ντηῖ
1470 558 1521 641 τὴν

269 660 348 724 καδό
376 662 437 725 ἑστι
462 661 642 744 τελειότητα·
675 661 707 723 τὸ
734 661 788 745 γὰρ
815 667 879 745 φώς
907 660 1073 745 ἐντελέχεια
1100 663 1148 724 καὶ
1176 660 1252 730 εἶδος
1278 661 1281 745 λ
1306 664 1356 724 τοῦ
1384 661 1521 743 ἀορίστου
1544 668 1574 725 19

271 761 463 849 διαφανοῦςῇ
481 763 643 849 διαφανές),
666 766 770 849 ῆκιστα
792 765 824 826 δὲ
846 768 974 827 τοιοῦτον
997 765 1080 847 ηγη.
1116 770 1151 847 τη
1177 765 1208 828 δὲ
1230 763 1339 827 τοότων
1363 768 1432 847 ποιᾷ
1450 763 1522 843 μίξει

232 867 343 951 σπρδς
365 866 478 951 ἂλληλα
500 868 548 930 καὶ
570 871 607 949 τῇ
632 872 689 928 τὼν
712 866 899 950 γεννωμένων
927 866 960 929 ἐκ
982 872 1035 950 τῆς
1056 868 1165 929 τούτων
1194 867 1297 949 μίξεως
1321 869 1338 950 η
1363 873 1420 928 τῶν
1444 889 1520 951 χρω-

268 973 369 1052 μάτων
392 976 450 1032 τών
472 969 550 1053 παρὰ
573 969 607 1032 τὰ
630 975 732 1052 πρώτα
757 969 874 1054 (πρώτα
901 968 927 1033 δ’
955 969 1032 1033 ἐστὶν
1061 971 1090 1032 ἐν
1114 975 1172 1038 τοῖς
1194 971 1297 1039 ἁπλοῖς
1324 971 1372 1032 καὶ
1395 972 1521 1054 πρώτοις
1547 984 1561 1026 ο

269 1072 418 1155 σώμασιν)
445 1073 552 1155 γένεσίς
574 1096 604 1135 τε
626 1074 674 1136 καλ
697 1075 830 1157 διαφορά.
876 1076 917 1141 ώς
939 1073 992 1157 γὰρ
1017 1073 1063 1135 έπλ
1090 1078 1142 1157 τῆς
1166 1073 1260 1157 δσμης
1286 1072 1321 1135 τόι
1345 1074 1396 1156 μὲν
1419 1071 1449 1134 ἐν
1472 1073 1520 1134 αὑ-

269 1182 330 1245 τοῖς
356 1177 408 1260 τὴν
435 1177 528 1260 δσμὴν
555 1174 633 1261 ἔχει,
665 1175 720 1240 ὅσα
747 1176 881 1261 τοιαύτην
912 1174 975 1261 ἔχει
1002 1177 1054 1260 τὴν
1082 1175 1190 1258 γένεσιν
1217 1177 1265 1238 καὶ
1292 1177 1343 1258 τὴν
1372 1175 1519 1247 σὸστασιν,

268 1280 371 1342 ὁποίαν
393 1279 488 1362 φαμὲν
510 1278 582 1342 εἶναι
604 1280 657 1362 τὴν
673 1279 767 1362 δομῆς
789 1281 968 1363 γεννητικην,
991 1280 1023 1341 τδ
1046 1279 1078 1342 δέ
1102 1278 1133 1341 τί
1145 1279 1220 1342 ἐστιν
1244 1278 1354 1361 ἄοσμον
1378 1277 1430 1361 μὲν
1446 1275 1513 1340 καθ’
1535 1294 1562 1336 ιν

215 1405 248 1448 10
267 1381 350 1455 αὑτό,
384 1383 513 1444 δεκτικόν
544 1380 640 1465 μέντοι
671 1383 718 1445 καὶ
750 1384 903 1466 μηνυτικδν
926 1387 983 1444 τῶν
1007 1383 1106 1465 ὀσμῶν
1129 1388 1187 1443 τών
1210 1381 1240 1443 έν
1266 1381 1364 1449 ἄλλοις
1386 1378 1520 1462 (δίοσμον

268 1484 430 1567 καλεῖται),
462 1485 553 1553 οὸτως
580 1486 628 1548 καὶ
655 1490 762 1569 χρῶμα
791 1487 842 1567 μέν
869 1484 932 1570 ἔχει
960 1484 995 1548 τὰ
1022 1485 1169 1569 ὡρισμένα
1197 1487 1321 1568 διαφανῆ
1350 1484 1438 1567 (αὕτη
1466 1483 1519 1567 γὰρ

267 1591 353 1674 φύσις
376 1588 562 1673 χρώματος),
589 1589 719 1651 δεκτικὸν
742 1587 768 1650 δ’
796 1589 856 1652 ἐστὶ
880 1591 928 1652 καὶ
952 1591 1081 1652 διάκονον
1105 1591 1262 1672 χρώματος
1284 1589 1315 1649 τδ
1339 1587 1449 1673 ἀχρουν
1472 1587 1520 1649 καὶ

267 1692 340 1755 κατὰ
364 1693 416 1775 τὴν
442 1693 531 1755 αὑτοῦ
555 1691 654 1776 φύσιν,
682 1690 753 1775 ὅπερ
777 1692 837 1754 ἐστὶ
865 1693 896 1754 ιδ
925 1691 1058 1776 ἀόριστον
1088 1692 1232 1776 διαφανές.
1279 1695 1319 1760 ὡς
1340 1689 1390 1754 οὖν
1413 1692 1519 1775 έρωτη-
1535 1706 1560 1748 ¹⁶

267 1795 382 1871 δέντες,
409 1794 522 1858 τέτατ’
551 1795 627 1858 ἐστὶν
650 1795 815 1878 ἐπιφάνεια,
844 1795 965 1878 λέγομεν
992 1799 1109 1879 στερεοῦ
1134 1797 1236 1878 πέρας,
1265 1795 1357 1863 οὕτως
1384 1795 1432 1857 καὶ
1454 1795 1520 1878 περὶ

215 1918 245 1966 15
266 1901 427 1983 χρώματος
447 1898 632 1981 ἐρωτώμενοι
655 1898 684 1959 τί
703 1896 768 1960 πότ’
789 1897 875 1973 ἐστιν,
899 1898 1026 1982 εὐλόγως
1050 1897 1084 1961 ἀν
1100 1899 1231 1981 λέγοιμεν
1256 1897 1326 1960 αὸτδ
1349 1897 1438 1981 πέρας
1461 1900 1519 1960 δια-

266 2005 376 2085 φανοῦς
391 2000 564 2085 ὡρισμένου,
588 2001 650 2063 ἐπεὶ
673 1999 705 2063 ὃν
721 2000 805 2083 λόγον
828 1999 892 2086 ἔχει
912 2002 1065 2086 ἐπιφάνεια
1089 2003 1159 2085 πρὸς
1182 2003 1214 2063 τὸ
1239 2001 1397 2085 ὡρισμένον
1422 2007 1518 2083 σῶμα,
1532 2016 1563 2057 ευ

268 2108 368 2166 τοῦτον
392 2101 455 2189 ἔχει
478 2104 525 2166 τὸν
548 2102 633 2186 λόγον
655 2110 764 2188 χρὼμα
786 2105 857 2188 πρὸς
880 2106 912 2168 τὸ
935 2106 1069 2189 διαφανὲς
1093 2108 1126 2167 τὸ
1150 2105 1320 2189 ὡρισμένον.

352 2203 502 2290 [Ἄμεινον
525 2205 657 2268 τέτακται
679 2209 763 2268 τοῦτο
791 2208 823 2268 τὸ
848 2205 1002 2291 πρόβλημα
1025 2208 1055 2270 ἐν
1078 2213 1121 2291 τῷ
1146 2206 1367 2291 ἐπιγραφομένῳ
1385 2204 1518 2276 “,λέίεών

266 2332 348 2370 τινων
373 2309 406 2371 ἐκ
428 2313 479 2371 τοῦ
497 2307 567 2393 Περὶ
589 2309 756 2392 αἰσθήσεως
780 2311 827 2372 καὶ
849 2311 992 2394 αἰσδητοῡ
1015 2310 1149 2394 ἐξήγησις
1173 2312 1219 2373 καλ
1242 2309 1431 2394 ἐπιδρομη’.]
1531 2327 1558 2369 ευ

616 2550 672 2616 ΙΙΙ.
718 2549 828 2615 Τίνων
851 2552 939 2614 εἰσὶν
962 2554 993 2614 οἱ
1017 2553 1168 2635 ὁρισμοί.

350 2722 387 2787 Οἱ
411 2725 525 2806 ὁριομοὶ
546 2730 604 2786 τών
631 2728 682 2807 μὲν
699 2723 866 2786 καδέκαστα
889 2724 942 2786 οὐκ
965 2724 1045 2793 εἰσίν,
1068 2723 1111 2785 ὁτι
1136 2722 1139 2799 Ξ
1164 2728 1254 2786 ταῦτα
1278 2723 1350 2806 μετὰ
1375 2725 1517 2810 συμβεβη-
1537 2732 1572 2788 20

262 2827 356 2890 κὸτων
384 2832 469 2889 τινών
496 2827 529 2889 τὸ
556 2826 629 2889 εἶναι
651 2831 772 2890 τοιαῦτα
795 2824 857 2910 ἔχει
885 2829 933 2889 κοιλ
956 2827 1008 2888 οὐκ
1038 2829 1084 2890 ἀεὶ
1111 2834 1168 2889 τῶν
1191 2826 1302 2899 αὐτῶν,
1334 2826 1408 2889 ἀλλὰ
1435 2850 1519 2910 μετα-

263 2928 440 3001 πιπτόντων,
469 2932 516 2991 καὶ
543 2930 712 3013 αἰσθήσεων
741 2932 865 3012 μᾶλλον,
899 2930 916 3011 ᾖ
940 2928 1028 3011 λόγου
1057 2932 1240 3012 δηλώσοντος
1270 2929 1343 2993 αὐτὰ
1370 2930 1516 3014 δεομένων

260 3030 337 3115 (ἀλλ’
366 3032 435 3095 οὐδὲ
457 3037 553 3096 κοινοῦ
575 3056 650 3101 τινος
672 3037 729 3094 τὼν
753 3032 922 3095 καδέκαστα
938 3032 1159 3117 κεχωρισμένου
1183 3035 1229 3097 καὶ
1254 3033 1335 3103 όντος
1357 3035 1516 3117 ἀσωμάτου
1544 3050 1558 3092 σ

203 3157 240 3206 ‘25
259 3138 336 3204 τινδς
363 3137 480 3220 φύσεως
506 3138 554 3199 καὶ
581 3136 689 3199 ἀιδίου·
723 3141 786 3204 πώς
807 3136 861 3220 γὰρ
889 3135 924 3198 ἀν
953 3135 998 3220 εἴη
1026 3137 1128 3199 δίπουν
1159 3137 1316 3220 ἀσώματόν
1344 3161 1384 3213 τι,
1411 3161 1430 3220 η
1454 3142 1517 3206 πῶς

258 3241 368 3323 θνητόν
392 3239 499 3320 ἀίδιον;
525 3239 646 3322 λέγομεν
670 3239 702 3302 δὲ
725 3238 888 3323 ὁριζόμενοι
910 3240 958 3302 τὸν
983 3239 1138 3322 ἄνθρωπον
1162 3243 1231 3303 ποτὲ
1254 3241 1305 3322 μὲν
1329 3245 1405 3324 ζῷον
1428 3243 1516 3312 πεζόν

260 3344 379 3418 δίπουν,
407 3343 478 3405 ποτὲ
500 3345 531 3405 δὲ
555 3347 630 3428 ζῷον
653 3343 766 3424 λογικὸν
790 3341 925 3425 θνητόν),
954 3341 1013 3405 ἀλλ’
1041 3344 1113 3406 εἰσὶν
1137 3345 1163 3405 οἱ
1187 3345 1301 3427 όρισμοὶ
1324 3351 1381 3405 τῶν
1405 3345 1434 3406 ἐν
1456 3350 1515 3414 τοῖς
1531 3362 1557 3402 ιο

261 3447 433 3510 καῦέκαστα
455 3451 573 3520 κοινῶν,
601 3447 620 3528 ἧ
647 3451 705 3508 τῶν
732 3445 901 3509 καδέκαστα
929 3447 1002 3508 κατὰ
1029 3446 1065 3508 τὰ
1092 3447 1122 3508 ἐν
1150 3447 1248 3515 αὐτοῖς
1275 3449 1364 3510 κοινά.
1410 3449 1439 3510 έν
1462 3448 1515 3531 γάρ

258 3555 321 3619 τοῖς
343 3548 510 3613 καδέκαστα
531 3549 566 3612 τά
590 3548 642 3630 μέν
665 3549 741 3611 ἐστιν
770 3548 828 3612 ἴδια
852 3550 900 3612 καὶ
927 3549 1095 3613 καδέκαστοί
1118 3550 1221 3632 [ἐστι],
1252 3552 1287 3613 τὰ
1309 3552 1341 3613 δὲ
1363 3551 1445 3614 κοινὰ
1468 3554 1515 3614 καὶ

201 3673 238 3721 3ο
259 3653 333 3737 πρὸς
355 3651 484 3736 ἄλληλα,
511 3650 556 3736 <“>
579 3652 609 3714 ἐν
632 3656 732 3725 πᾶσιν,
761 3652 804 3719 οἷς
828 3651 861 3714 ἂν
890 3649 909 3734 ᾗ
935 3654 1016 3714 κοινοί
1043 3676 1074 3714 τε
1102 3651 1170 3714 ὄντα
1197 3654 1244 3715 καλ
1272 3654 1416 3738 ἀδιάφορα
1440 3653 1514 3738 [καὶ]

259 3755 336 3819 κατὰ
358 3757 411 3837 τἠν
434 3755 529 3818 αὸτὼν
552 3755 653 3838 φύσιν,
682 3759 732 3817 τοῦ
757 3756 858 3836 ὁμοίας
880 3779 911 3817 τε
934 3758 981 3817 καὶ
1004 3762 1056 3839 της
1078 3756 1168 3839 αὐτῆς
1191 3757 1305 3840 φύσεως
1329 3757 1401 3820 εἶναι
1423 3761 1516 3822 πάντα
1530 3776 1556 3818 ιο

259 3859 296 3921 τὰ
319 3856 427 3944 ἔχοντα
448 3859 522 3922 αὐτά
548 3857 625 3921 ἐστιν
652 3857 738 3921 αἴτια.
784 3861 816 3921 τὸ
839 3859 892 3941 γὰρ
915 3862 990 3942 ζῷον
1018 3861 1132 3940 λογικὸν
1162 3859 1281 3943 θνητόν,
1312 3861 1339 3922 εἰ
1365 3861 1417 3943 μὲν
1444 3865 1513 3944 λαμ-

202 4096 266 4152 9δ“’
286 4100 352 4151 ἐστίν
371 4099 405 4151 13²
493 4099 608 4171 παρέχειν
627 4099 733 4153 FGB²S
752 4102 827 4166 (corr.
848 4116 880 4151 ex
900 4100 1014 4171 πάσχειν)
1034 4119 1048 4148 ιι
1069 4101 1126 4166 Spa
1154 4101 1256 4171 παρέχει
1275 4101 1334 4152 VB¹
1423 4099 1566 4157 310ftasse

203 4190 256 4241 ἐστι
274 4187 414 4255 (διαφανὲς)
496 4184 675 4257 4ᾐυοτν.ινι
694 4185 748 4258 ἦν
832 4191 896 4256 ποιῷ
916 4207 931 4238 υ
1020 4188 1177 4257 ποιᾷ-τών
1197 4205 1245 4239 om.
1265 4173 1310 4240 S'
1367 4188 1444 4241 ὁκαὶ
1463 4193 1496 4260 τγ]
1514 4197 1566 4242 τῶν

203 4277 369 4346 γεννωμένων
385 4279 468 4329 VLG:
489 4276 531 4326 καὶ
550 4275 574 4325 τί
591 4281 644 4327 τὼν
662 4277 827 4344 γεννωμένων
842 4280 874 4327 F:
894 4277 937 4327 καὶ
954 4279 987 4346 τη
1005 4283 1056 4327 των
1076 4277 1210 4344 γινομένων
1230 4279 1251 4327 Β
1268 4277 1346 4327 Victa
1367 4276 1409 4328 καί
1427 4294 1450 4328 τι
1468 4277 1566 4330 τοὸτων

203 4365 344 4433 γινομένων
362 4364 417 4417 δ’·’σ
435 4364 611 4432 (γεννωμένων
632 4365 737 4431 punctis
755 4371 872 4415 notatum
893 4365 934 4428 8¹)
1035 4364 1156 4416 ῖαὸτοῖσ
1176 4368 1198 4414 V
1301 4364 1423 4415 δόντοίαν
1447 4381 1509 4416 corr.
1533 4383 1564 4418 ex

203 4453 295 4505 ὁποῖον
315 4456 346 4504 V:
366 4452 439 4505 ὁποία
457 4470 473 4502 a
566 4450 777 4524 όσμηςλίένίοῑ.
795 4453 839 4519 Sp.
857 4456 893 4504 B:
913 4452 991 4522 όσμην
1015 4455 1149 4505 wFGLa:
1169 4451 1279 4522 ὁρμὴνὸ
1370 4454 1530 4522 γενητιοιηνιι

207 4544 238 4594 1⁰
266 4540 368 4609 δίοσμον
393 4543 450 4591 VF:
479 4539 516 4591 διὸ
539 4539 632 4607 ἄοσμον
656 4541 691 4590 V¹
716 4543 773 4610 (γρ.)
798 4544 904 4594 GLBSa
927 4544 984 4607 Spa
1012 4541 1120 4592 fortasse
1142 4539 1178 4591 διὸ
1202 4539 1302 4606 δίοσμον
1395 4542 1425 4592 12
1454 4542 1560 4593 alterum

202 4629 248 4680 παλ
267 4644 317 4680 om.
336 4648 352 4678 a
370 4627 414 4695 Sp.
517 4629 546 4679 13
568 4626 645 4678 αιίτοὸ
665 4632 688 4678 V
788 4628 817 4678 15
841 4629 916 4697 πέρας
936 4632 1040 4681 FGSLa
1061 4629 1127 4679 Vict.
1147 4628 1204 4694 Sp.:
1225 4630 1321 4698 περὶ(
1415 4629 1443 4678 Ιῑ
1463 4632 1564 4693 τοῦτον]

202 4720 330 4767 vs.v.V
440 4714 473 4767 23
497 4713 639 4785 αἰσθήσεως
662 4734 677 4766 ιι
700 4715 743 4782 Sp.
852 4715 1012 4785 δηλώσαντος
1036 4732 1099 4767 corr.
1126 4717 1151 4766 in
1176 4714 1332 4784 δηλώσοντος
1352 4718 1385 4764 V¹
1477 4717 1563 4767 &3012-

202 4804 269 4873 δίου]
294 4823 324 4856 συ
350 4804 377 4855 in
401 4802 439 4854 lit.
460 4807 480 4854 V
608 4804 639 4854 2?
670 4801 771 4872 λογικόν
796 4808 816 4852 V
934 4806 966 4855 29
986 4805 1036 4856 ἐστι
1060 4808 1143 4856 υιυ.Β
1252 4808 1285 4854 30
1304 4804 1319 4854 ἂ
1338 4805 1364 4855 ἐν
1378 4807 1482 4871 scripsi:
1502 4804 1564 4872 ἅπερ

202 4892 228 4943 ἐν
248 4892 339 4943 ss²s²u
356 4891 415 4958 Sp.:
436 4890 461 4941 έν
481 4889 539 4941 libri
647 4891 677 4942 31
700 4891 742 4941 καὶ
762 4898 820 4958 μυεῖ
839 4891 960 4960 α’διόφορα
981 4892 1027 4943 dol.
1048 4894 1082 4942 B'·'
1189 4890 1288 4959 ὁμοίας]
1308 4889 1380 4959 ὅμοια
1399 4893 1434 4943 Β’·’
