3540 5610
669 206 679 230 ἵ

657 318 713 388 [DE
735 320 845 373 ANIMA
869 320 971 373 LIBER
993 319 1120 389 ALTER]
1504 320 1563 384 171

261 491 336 554 εἰναι
359 494 408 554 καὶ
431 492 541 574 ὁμοίως
562 490 642 577 ἔχειν
665 493 720 554 ἀεί.
765 493 791 554 εἰ
813 493 866 576 γὰρ
890 493 930 576 μὴ
955 492 989 577 ἦν
1006 482 1038 554 ’τι
1060 497 1110 554 τοῦ
1127 495 1167 576 μη
1192 492 1272 560 όντος
1296 494 1399 560 ἐντοῖς
1421 489 1511 565 ούσιν,

262 594 328 656 οὐδ’
356 594 392 656 ἂν
415 599 465 657 τοῦ
487 592 520 657 εύ
543 593 677 677 ἐγίγνετο.
722 595 748 657 εἰ
771 597 803 657 δὲ
825 595 903 679 παρὰ
927 596 978 677 μὲν
1002 597 1052 679 την
1075 601 1126 658 τοῦ
1150 598 1190 678 μὴ
1220 596 1311 664 ὄντος·
1327 594 1399 677 μῖξιν
1423 595 1460 656 τοί
1480 616 1512 655 τε

262 698 383 780 φθαρτὰ
405 696 512 760 τοιαῦτ’
534 698 604 771 ἐστι,
628 698 674 759 καὶ
698 699 769 782 πρός
783 698 882 767 αότοῖς
904 698 939 760 τὰ
961 701 1065 781 ψευδῆ,
1089 697 1150 761 ἔστι
1173 699 1205 762 ὀέ
1220 722 1283 760 τινα
1305 697 1334 759 ἐν
1357 701 1417 764 τοῖς
1431 693 1510 760 οὖσιν

260 801 381 883 φθαρτοί
404 823 435 862 τε
460 800 508 863 καὶ
531 799 708 883 φθειρόμενα
737 801 785 863 καὶ
813 802 918 884 ψευόη,
949 798 1024 863 ἔστιν
1052 825 1078 863 τι
1106 806 1156 864 τοῦ
1180 802 1219 884 μὴ
1248 800 1330 867 όντος
1351 799 1381 861 ἐν
1404 799 1510 866 αὐτοῖς.

231 904 311 964 5καί
335 903 476 964 ἀνάπαλιν
499 903 531 965 δὲ
554 903 630 984 ύγιές
652 903 712 966 ἐστι
738 903 865 986 ληφθέν·
893 904 918 965 εἰ
942 905 982 987 μή
1006 904 1066 967 ἐστι
1090 905 1122 968 τὸ
1151 905 1191 987 μὴ
1221 903 1252 967 ὃν
1280 903 1309 965 ἐν
1335 907 1395 972 τοῖς
1421 900 1509 979 οὖσιν,

263 1005 318 1067 οὐκ
342 1003 423 1068 ἔσται
445 1004 507 1067 τινὰ
529 1010 586 1066 τῶν
610 1004 700 1068 όντων
723 1007 849 1090 φθαρταί.
895 1004 971 1069 ἔστιν
993 1007 1048 1091 ἀρα
1071 1009 1103 1069 τό
1128 1008 1168 1092 μὴ
1193 1005 1234 1069 όν.
1272 1006 1298 1069 εἰ
1321 1008 1358 1090 δή
1380 1005 1456 1070 ἐστιν
1478 1005 1551 1068 τόνὸ

263 1109 305 1189 μὴ
331 1107 363 1170 όν
386 1109 416 1170 ἐν
439 1113 499 1176 τοῖς
522 1108 551 1170 ἐν
583 1109 690 1190 γενέσει
718 1110 955 1193 παρεσπαρμένον
983 1111 1031 1172 καὶ
1059 1111 1243 1191 μεμιγμένον,
1276 1115 1334 1171 τῶν
1363 1109 1395 1171 δὲ
1423 1131 1511 1191 γιγνο·

263 1210 360 1290 μένων
388 1210 467 1275 αἴτιοί
494 1233 555 1273 τινα
583 1216 752 1296 προηγεῖται
779 1211 840 1275 οὐδ’
868 1212 942 1275 αὐτὰ
970 1210 1038 1274 ὄντα
1061 1213 1147 1285 α’ίόια,
1176 1211 1236 1276 ἔστι
1262 1213 1309 1275 καί
1338 1213 1366 1274 ἐν
1390 1217 1448 1280 τοῖς
1471 1211 1511 1274 αἰ-

262 1314 335 1381 τίοις
357 1337 383 1375 τι
404 1319 455 1376 τοῦ
479 1313 520 1397 μὴ
544 1312 625 1382 ὀντυς
646 1314 694 1376 καὶ
716 1313 793 1376 τοῦτ’
822 1313 907 1386 ἔστιν,
931 1315 947 1377 ὃ
969 1315 1090 1398 λέγομεν
1113 1315 1186 1378 κατὰ
1210 1315 1392 1401 συμβεβηκός
1411 1314 1510 1377 αἴτιον.

222 1432 248 1474 ιο
262 1418 296 1479 τὸ
319 1417 374 1500 γὰρ
397 1415 471 1479 κατὰ
494 1416 680 1500 συμβεβηκὸς
703 1415 734 1479 ὀν
758 1418 786 1480 ἐν
811 1421 870 1486 τοῖς
892 1417 999 1492 αὐτοῖς,
1023 1417 1090 1480 όταν
1114 1422 1153 1486 ὡς
1176 1418 1274 1486 αἰτίοις
1296 1413 1328 1501 ᾖ,
1355 1417 1428 1479 κατὰ
1443 1438 1512 1498 συμ·

262 1519 388 1602 βεβηκός
412 1519 501 1582 αἰτιυν
524 1518 558 1581 ἂν
580 1517 638 1601 εἴη.
676 1518 744 1581 όταν
766 1520 820 1604 γὰρ
845 1520 894 1582 ἐπί
915 1542 966 1581 τινι
988 1521 1064 1603 αἰτίᾳ
1085 1521 1313 1603 ἐπακολουθηση
1335 1544 1371 1592 τι,
1397 1520 1436 1602 μὴ
1461 1523 1511 1581 τοῦ

262 1627 349 1683 τοῦτο
370 1621 505 1702 γενέσθαι
527 1623 613 1705 χάριν
636 1627 687 1705 της
710 1623 802 1692 αἰτίας
824 1622 922 1706 ούσης,
950 1621 1015 1684 τότε
1039 1623 1140 1685 τούτου
1163 1628 1214 1685 τοῦ
1236 1620 1511 1708 ἐπηκολουθηκότος

263 1724 339 1785 κατὰ
363 1724 545 1808 συμβεβηκὸς
565 1722 655 1786 αίτιον
677 1724 789 1806 λέγεται
812 1727 844 1788 τὸ
865 1725 1091 1809 προηγούμενον,
1113 1727 1256 1789 τουτέστιν
1272 1726 1324 1789 οὐκ
1339 1724 1428 1788 αίτιον
1445 1725 1510 1809 ἀρα.
1524 1739 1553 1782 8⁰

262 1828 506 1910 ἐπακολουθησαν
530 1828 623 1911 τούτῳ
647 1828 779 1896 ἀναιτίως
802 1829 927 1910 ἐγένετο·
952 1826 1063 1911 οὐγὰρ
1086 1826 1123 1890 δι’
1153 1829 1259 1891 οἰκείαν
1283 1829 1383 1891 αἰτίαν.
1427 1833 1511 1890 τούτο

219 1948 245 1990 15
261 1933 294 1994 ὀὲ
318 1931 348 1993 ἐν
373 1931 424 2013 μὲν
447 1934 506 1997 τοῖς
529 1930 611 1999 ἐκτὸς
637 1931 738 1999 αἰτίοις
764 1930 916 2014 γενόμενον
945 1930 996 2013 τἠν
1018 1930 1110 2014 τύχην
1141 1932 1275 2014 ἐποίησεν
1299 1933 1347 1995 καὶ
1374 1934 1405 1994 τό
1429 1929 1512 1993 αότύ-

261 2057 363 2116 ματον,
393 2034 424 2095 ἐν
451 2033 485 2094 δὲ
513 2038 574 2100 τοῖς
595 2032 624 2094 ἐν
654 2034 723 2115 ημῖν
746 2035 778 2096 τό
802 2031 847 2118 ἐφ’
876 2035 955 2116 ημῖν.
1000 2033 1076 2095 αἰτία
1104 2034 1158 2116 γὰρ
1185 2033 1214 2095 ἐν
1238 2037 1306 2116 ἡμῖν
1329 2034 1411 2118 φύσις
1434 2035 1514 2095 δοκεῖ

259 2140 309 2202 καὶ
333 2137 403 2205 ἔθος
425 2135 497 2199 εἰναι
521 2141 572 2219 τῆς
595 2136 801 2219 προαιρέσεως,
824 2137 910 2210 ἀλλά,
934 2136 1061 2198 καθόσον
1084 2138 1129 2198 καὶ
1154 2136 1183 2197 ἐν
1206 2137 1315 2206 τούτοις
1338 2137 1398 2199 ἐστὶ
1414 2136 1446 2198 τό
1471 2136 1510 2217 μὴ

260 2238 304 2312 όν,
328 2239 403 2301 κατὰ
426 2243 562 2301 τυσοῦτον
586 2239 634 2300 καί
657 2238 686 2300 ἐν
709 2242 747 2322 τῇ
772 2239 945 2322 προαιρέσει.
991 2239 1034 2300 ὀιό
1057 2240 1105 2301 καί
1129 2240 1346 2323 προαιρούμεθα
1369 2237 1435 2302 ἔσθ’
1464 2238 1512 2300 ότε

258 2346 362 2417 ταῦτα,
389 2342 430 2404 ὧν
453 2343 472 2424 η
497 2341 574 2403 αἰτία
595 2340 629 2402 ού
652 2341 922 2427 προκαταβέβληται
944 2341 974 2403 έν
996 2343 1066 2424 ημῖν
1090 2340 1126 2403 δι’
1154 2342 1304 2405 ἀσθένειαν
1327 2342 1374 2404 καὶ
1397 2343 1511 2404 ἀτονίαν

215 2450 315 2528 κοπῆς
338 2445 449 2527 θνητῆς
471 2444 602 2527 φύσεως·
638 2445 682 2507 ἀεὶ
705 2445 760 2528 γὰρ
783 2444 817 2507 ἂν
833 2445 943 2526 ὁμοίως
958 2445 1005 2507 ἐπὶ
1028 2450 1088 2512 τοῖς
1103 2444 1200 2513 αὐτοῖς
1216 2445 1399 2527 ἐκινούμεθα.
1437 2444 1553 2507 ἀλλάισ

260 2552 279 2632 ί,
305 2552 355 2611 τοῦ
380 2547 420 2629 μὴ
437 2544 517 2616 ὄντος
540 2546 634 2631 φύσις,
658 2550 699 2614 ύις
720 2547 812 2623 εἷπον,
835 2547 865 2609 ἐν
888 2547 931 2616 οἷς
948 2545 981 2609 ἂν
1004 2544 1141 2630 ᾖταῦτα,
1164 2548 1327 2631 ἀφαιρεῖται
1349 2547 1401 2630 τὴν
1425 2546 1512 2611 ἀιδιό-

259 2674 333 2734 τητα
349 2651 397 2712 καὶ
414 2651 465 2732 τὴν
481 2651 555 2713 κατὰ
571 2649 606 2712 τὰ
626 2649 700 2713 αύτόι
723 2650 768 2712 ἀεὶ
791 2649 942 2734 ἐνέργειαν.
977 2649 995 2711 ἃ
1019 2647 1068 2711 ούν
1092 2650 1226 2718 ἀναιτίως
1240 2649 1288 2713 καὶ
1312 2651 1351 2733 μη
1368 2660 1512 2734 προϋπαρ-

257 2754 371 2838 χούσης
386 2753 477 2822 αἰτίας
492 2752 721 2836 προαιρούμεθα,
743 2754 833 2815 ταῦτοί
857 2752 933 2815 ἐστιν
955 2751 992 2814 τὰ
1013 2751 1155 2835 λεγόμενα
1178 2751 1224 2837 ἐφ’
1253 2755 1333 2836 ἡμῖν,
1356 2755 1397 2815 ὧν
1413 2753 1460 2815 καὶ
1476 2752 1513 2815 τὰ

259 2857 444 2938 ἀντικείμενα
466 2855 526 2918 ἐστι
549 2856 655 2919 δυνατὰ
678 2855 724 2918 ὀιόι
746 2857 780 2918 τό
802 2857 853 2938 τὴν
869 2856 961 2918 αἰτίαν
984 2857 1025 2938 μὴ
1041 2857 1344 2940 προκαταβεβλῆσθαι,
1368 2858 1430 2939 ἥτις
1446 2878 1511 2938 προ-

213 2961 434 3044 εσύπάρχουσα
469 2960 584 3026 πάντως
617 2956 651 3020 ἀν
678 2961 728 3020 τοῦ
756 2958 890 3039 γενέσθαι
923 2963 1006 3021 τουτο
1034 2959 1086 3040 τὴν
1114 2958 1240 3041 ἀνάγκην
1272 2963 1420 3042 παρεῖχεν.
1465 2958 1513 3021 ὀιόι

258 3067 350 3125 ταῦτα
384 3063 522 3130 πολλάκις
550 3061 624 3130 τινὲς
656 3063 703 3124 καὶ
736 3060 896 3144 πεφυκότες
929 3061 1037 3142 όμοίιυς
1066 3062 1113 3123 καὶ
1147 3061 1176 3123 ἐν
1203 3066 1262 3130 τοῖς
1290 3061 1387 3130 αὐτοῖς
1415 3059 1511 3123 ἔθεσιν

258 3165 381 3250 ἠγμένοι
410 3164 593 3249 διαφέροντες
623 3165 757 3247 ἀλλήλων
787 3164 927 3246 γίγνονται
961 3165 1040 3248 παρὰ
1070 3165 1120 3234 τὰς
1149 3165 1292 3232 ἀναιτίους
1321 3163 1510 3247 προαιρέσεις.
1526 3180 1553 3222 ιο

258 3267 336 3331 ἔστιν
365 3269 399 3331 ὀὲ
424 3269 457 3331 τὸ
486 3269 526 3352 μὴ
557 3267 588 3329 ὀν
615 3265 824 3350 ἐγκεκραμένον
851 3271 911 3335 τοῖς
939 3266 1019 3329 ούσιν
1047 3267 1113 3330 οὔτε
1140 3271 1271 3342 πολλοῖς,
1300 3266 1381 3340 ούτε,
1411 3267 1441 3329 ἐν
1469 3267 1513 3336 οἷς

257 3372 335 3447 ἐστι,
362 3372 437 3434 πολύ
460 3394 501 3445 τι,
528 3368 603 3432 ἀλλά
630 3369 677 3431 καὶ
705 3368 735 3430 ἐν
763 3368 867 3452 ὀλίγοις
895 3374 951 3432 τῶν
980 3369 1070 3432 ὄντων
1097 3371 1145 3435 καί
1173 3370 1282 3452 ὀλίγον·
1313 3374 1371 3432 τῶν
1399 3393 1431 3432 τε
1457 3369 1511 3453 γὰρ

215 3490 243 3533 [υ
258 3473 352 3537 ὄντων
375 3473 406 3535 ἐν
429 3474 554 3549 τούτοις,
582 3473 612 3535 ἐν
640 3471 683 3540 οἷς
704 3471 737 3533 τό
766 3472 806 3554 μὴ
830 3472 920 3535 ἀιθιον
949 3472 1047 3555 (τοῦτο
1070 3471 1102 3534 δέ
1125 3471 1185 3535 ἐστι
1215 3473 1247 3535 τό
1278 3473 1342 3556 περὶ
1368 3473 1420 3556 τὴν
1447 3477 1511 3555 γῆν,

257 3577 306 3639 καὶ
337 3577 352 3639 ό
376 3575 463 3644 τύπος
489 3573 573 3643 οὖτος
600 3571 754 3657 ἐλάχιστός
780 3574 856 3638 ἐστιν
884 3579 924 3643 ύις
951 3576 1022 3657 πρὸς
1049 3576 1142 3637 ποίντα
1171 3575 1219 3637 τόν
1248 3573 1368 3655 κόσμον·
1404 3575 1429 3637 εἰ
1457 3577 1510 3659 γὰρ

257 3682 277 3762 ἡ
305 3685 343 3763 γη
379 3679 501 3763 σημείου
532 3677 616 3759 λόγον
649 3675 751 3760 ἐπέχει
785 3678 859 3740 κατὰ
892 3679 958 3746 τοὺς
989 3676 1181 3761 ἀστρολόγους
1214 3677 1285 3760 πρὸς
1316 3677 1365 3739 τόν
1399 3678 1512 3740 ἅπαντα

258 3782 395 3866 οὐρανόν,
418 3781 483 3865 περὶ
507 3780 612 3863 ταύτην
636 3780 668 3842 δὲ
691 3781 738 3841 καὶ
761 3779 796 3842 τά
819 3780 849 3841 ἐν
872 3781 963 3863 ταύτη
987 3782 1019 3842 τό
1043 3781 1083 3862 μὴ
1107 3779 1149 3856 ὅν,
1173 3781 1237 3863 περὶ
1261 3781 1354 3862 ὀλίγον
1377 3781 1452 3842 ποίνυ
1477 3778 1511 3841 ἂν

259 3883 338 3968 είη)·
362 3883 456 3947 καὶέν
473 3883 583 3950 τούτοις
599 3883 631 3945 ὀὲ
653 3882 789 3966 ἀμυδρῶς
809 3884 872 3949 πώς
894 3881 1018 3944 ἐστικαὶ
1039 3882 1133 3945 οὐκέτι
1151 3884 1233 3945 πολύ.
1272 3883 1301 3944 ἐν
1325 3883 1378 3966 γὰρ
1401 3887 1460 3951 τοῖς
1482 3882 1512 3944 ἐν
1527 3898 1553 3940 ιο

214 3987 369 4071 ,τσγενέσει
392 3985 471 4049 ούσιν
494 3986 527 4048 τό
551 3986 603 4066 μὲν
625 3985 672 4047 ἐπὶ
695 3986 769 4048 πολύ
792 3985 878 4059 ἐστιν,
901 3984 936 4047 ού
959 4008 978 4067 η
1001 3986 1085 4069 φύσις
1107 3986 1194 4060 αἰτία,
1223 3984 1291 4047 ὅσον
1315 3985 1347 4046 ὀὲ
1370 3985 1510 4069 παραλύε·

202 4314 218 4364 2
237 4311 362 4381 ἐγίγνετο]
381 4311 492 4364 fortasse
511 4311 593 4381 ἐφίετο
669 4311 737 4364 3-4
756 4311 782 4363 δέ
799 4310 970 4380 τινα“ψευόι”η
990 4311 1055 4363 ἔστιν
1075 4328 1124 4364 om.
1143 4313 1163 4366 G
1235 4314 1249 4365 7
1270 4314 1360 4380 γενέσει
1380 4313 1413 4363 V:
1432 4314 1510 4382 γενέσι
1530 4314 1566 4365 Ca

202 4402 219 4452 S
239 4406 387 4471 προηγεῖται
405 4397 460 4452 οόδ’
481 4399 545 4451 αύτά
563 4416 613 4451 om.
633 4400 652 4452 G
761 4398 825 4450 αὐτὰ
844 4415 907 4451 corr.
927 4416 968 4451 ex.
987 4399 1017 4450 αύ
1036 4400 1067 4451 τὰ
1088 4401 1108 4451 V
1216 4400 1231 4450 θ
1251 4418 1274 4452 τι
1292 4407 1336 4452 τοῦ
1357 4400 1401 4463 111²,
1420 4419 1463 4453 του
1483 4402 1519 4453 ml
1531 4402 1564 4452 V:

202 4507 226 4540 τι
244 4493 291 4540 τού
310 4488 348 4541 Ga
452 4485 530 4539 ἰθύν
549 4487 676 4540 ἐν-κατά
695 4485 854 4556 συμβεβηκὸς
872 4503 922 4539 om.
942 4487 961 4538 C
1063 4489 1090 4538 ll
1112 4487 1177 4539 αἰτία
1196 4505 1211 4538 a
1312 4487 1511 4557 ἐπακολουθήσει
1530 4489 1566 4540 Ca

204 4576 240 4645 μή-
258 4579 305 4627 τοῦ
325 4575 371 4639 ια’,
388 4576 425 4644 μὴ
445 4575 481 4626 m¹
493 4575 527 4626 V:
545 4575 581 4644 μὴ
600 4579 645 4626 τοῦ
664 4574 701 4627 Ca
810 4574 840 4625 12
859 4572 1098 4644 ἑτηκυλουθηκότος
1118 4577 1172 4628 VC:
1191 4575 1437 4646 ἐπηκολουθηκύτιυς
1456 4595 1471 4628 ιι

208 4664 239 4713 13
267 4662 378 4714 fortasse
400 4661 448 4714 οὐκ
472 4661 558 4713 αἴτιον.
594 4662 645 4725 <τό>
668 4661 716 4733 ἆρα
740 4661 947 4730 ἐπακολουθῆσαν
970 4663 1053 4730 τούτῳ
1076 4661 1132 4714 κτλ.
1260 4665 1289 4715 14
1317 4663 1435 4716 τούτωυ

210 4750 240 4802 1.]
259 4749 401 4815 αὐτόματος
421 4766 437 4801 a
563 4749 593 4800 17
613 4749 674 4800 εἰναι
692 4765 742 4800 om.
762 4749 798 4800 Ca
925 4751 955 4802 19
974 4749 1220 4820 προκαταβέβληται]
1241 4770 1305 4822 προκ
1324 4753 1351 4803 in
1373 4752 1411 4803 lit.
1427 4754 1446 4803 V

208 4836 241 4886 :²0
259 4836 421 4905 ἐκινούμεθα]
441 4855 467 4888 ιιι
485 4837 513 4888 in
532 4837 570 4888 lit.
585 4837 605 4889 V
704 4836 957 4889 21ίοιῐυεευτοῦτο
1055 4838 1087 4889 22
1106 4838 1165 4890 κατ’
1187 4838 1288 4892 αὺτάθ
1388 4840 1422 4891 28
1441 4837 1565 4911 πολλιμθ

210 4923 242 4974 ‘29
261 4922 343 4991 ὀλίγον
361 4927 406 4990 111²,
424 4924 472 4977 υύκ
491 4923 574 4994 ὀλίγον
592 4925 675 4975 m¹V:
695 4922 777 4992 ὀλίγον
795 4924 831 4976 Ca
936 4927 974 4989 τε]
994 4925 1026 4977 cf.
1046 4925 1100 4981 Ιυιί.
1207 4926 1241 4978 33
1260 4926 1298 5002 εἴη
1319 4925 1348 4978 ἂν
1366 4928 1402 4985 Ca
