3540 5610
203 265 265 331 102
685 256 837 317 ΑΠΟΡῙΩΝ
856 256 917 315 ΚΑΙ
936 253 1069 313 minii

255 435 327 520 ρίαις
353 439 401 503 διὰ
428 439 479 523 τῆν
506 433 675 519 συντροφίαν
697 455 729 495 τε
755 432 877 516 καλιὴν
900 433 972 518 πρὸς
998 429 1071 494 αὐτὰ
1094 427 1261 512 συνήθειαν,
1290 429 1347 514 ἤδη
1370 428 1429 514 χρὴ
1454 424 1504 512 μὸ

256 561 316 607 ναις
338 541 453 609 ταύταις
469 537 601 623 χρῆσθαι
623 535 719 619 μέτρῳ
739 539 791 618 τῆς
807 535 959 619 ἀληθείας·
983 534 1066 597 οὐδὲν
1089 531 1123 596 ἀν
1147 535 1204 595 τῶν
1221 530 1334 613 ἀλόγων
1356 530 1428 614 πρὸς
1449 528 1502 612 τὴν
1515 544 1545 586 εο

256 646 361 723 γνῶσιν
384 648 435 727 τῆς
458 638 598 724 ἀληθείας
617 637 812 722 διαφέροιμεν,
834 640 930 701 ἱκανὸν
953 637 1007 722 γὰρ
1030 635 1127 705 αὐτοῖς
1149 635 1227 698 τὸέν
1250 637 1309 703 τοῖς
1325 633 1439 701 οἰκείοις
1460 632 1502 695 αἰ·

256 743 377 827 σθητοίς
399 743 518 828 ἀληθές.
563 740 637 804 ἀθή
659 739 712 804 οθκ
734 738 810 804 ἔστιν
837 742 1003 826 αἰσθήσεων
1026 739 1098 815 ἴδια,
1126 737 1232 801 ἄτοπον
1254 738 1287 800 τὸ
1307 736 1359 820 τῆν
1386 736 1416 798 ἐν
1439 735 1501 798 τοὸ-

221 865 314 915 5τοις
336 847 478 931 ἀλήθειαν
506 851 558 929 τῆς
585 844 619 907 ἐκ
646 847 705 906 τῶν
733 844 900 929 αἰσθήσεων
927 844 1083 927 μαρτυρίας
1106 846 1201 905 πᾶσαν
1228 840 1375 924 ἠρτῆσθαι
1400 837 1502 922 λέγειν.
1517 853 1546 896 σε

256 946 299 1010 ὅτι
322 950 374 1031 μὲν
398 947 447 1012 οὖν
462 947 581 1030 εὔλογον
602 946 678 1009 εἶναί
698 970 724 1009 τι
745 948 795 1010 καὶ
816 946 938 1023 πᾶν,οὸ
961 945 1034 1030 μέρη
1057 968 1089 1008 τε
1113 944 1116 1028 ί
1142 946 1181 1007 ὧν
1197 943 1411 1027 αἰσθανόμεθα,
1434 944 1483 1006 καὶ
1506 948 1558 1005 Ιθθ

256 1049 322 1114 ὅσαι
343 1051 453 1115 τούτων
477 1051 569 1136 ἀρχαί
588 1073 620 1112 τε
643 1049 690 1112 καί
713 1048 815 1125 αἰτίαι,
838 1050 935 1113 ἱκανὸν
959 1050 1011 1132 μὲν
1034 1052 1178 1130 συστῆσαι
1199 1048 1232 1110 τὸ
1255 1044 1322 1110 ὅλον
1345 1068 1376 1107 τε
1398 1047 1447 1109 καὶ
1469 1047 1502 1109 τὸ

258 1153 344 1236 μέρος
365 1155 436 1238 πρὸς
459 1153 573 1238 ἄλληλα
595 1152 759 1235 λεγόμενον.
796 1150 829 1214 το’
851 1175 883 1215 τε
904 1151 959 1236 γὰρ
982 1150 1069 1234 μέρος
1091 1150 1159 1212 ὅλου
1183 1149 1269 1233 μέρος
1290 1149 1374 1225 τινός,
1397 1150 1446 1213 ιιαὶ
1468 1150 1501 1211 τὸ

258 1253 325 1317 ὅλον
347 1260 407 1324 τοῖς
435 1255 533 1340 μέρεσι
564 1259 701 1329 τοιοῦτον,
728 1251 760 1316 εί
776 1252 809 1336 γέ
835 1253 911 1316 ἐστιν
934 1252 1011 1328 ὅλον,
1039 1252 1073 1316 οὖ
1101 1254 1190 1335 μηδὲν
1217 1258 1275 1315 τῶν
1299 1252 1406 1336 μορίων
1433 1251 1502 1316 ἀπε·
1530 1268 1545 1309 ε

209 1377 238 1424 10
258 1378 328 1433 στιν,
352 1356 421 1421 ὥστ’
442 1359 468 1420 εἰ
491 1357 565 1442 μέρη
587 1356 624 1420 τά
646 1355 713 1420 καθ’
739 1357 848 1420 έκαστά
869 1378 900 1418 τε
923 1358 970 1419 καὶ
993 1357 1121 1441 αἰσθητά
1142 1355 1229 1430 ἐστιν,
1253 1356 1354 1417 καὶτὸ
1378 1353 1445 1417 ὅλον
1468 1354 1504 1419 αὖ

256 1460 330 1545 μέρη
353 1464 442 1524 ταῦτα
463 1460 514 1542 (τὰ
528 1460 582 1542 γὰρ
599 1459 672 1544 μέρη
690 1460 760 1522 ὅλου
777 1458 851 1543 μέρη
867 1457 964 1543 τινός),
987 1457 1131 1541 ῆάτοπον
1153 1461 1196 1542 τῷ
1219 1462 1275 1520 πᾶν
1297 1458 1331 1520 τὸ
1354 1460 1395 1526 ὡς
1417 1457 1507 1542 μέρος

255 1562 409 1647 λεγόμενον
436 1562 484 1625 ἐπὶ
511 1563 543 1625 τὸ
572 1561 639 1625 ὅλον
665 1585 697 1625 τε
723 1563 775 1645 τῆν
803 1561 949 1646 ἀναφορὰν
977 1559 1064 1648 ἔχειν.
1109 1562 1153 1624 διὸ
1180 1558 1241 1624 οὐδ’
1271 1558 1303 1623 ἀν
1332 1563 1373 1630 ὡς
1400 1561 1507 1644 μέρους
1521 1577 1549 1620 ιο

256 1665 330 1750 με’ρη
356 1664 474 1749 λέγηται
495 1666 531 1728 τὰ
554 1670 656 1749 πρῶτα
678 1663 842 1749 ληφθέντα,
868 1666 979 1749 ἀνάγκη
1002 1659 1170 1749 κάκεῖναῆ
1197 1664 1284 1748 μέρος
1305 1664 1391 1739 ἐστίν,
1414 1663 1506 1728 ἀλλου

254 1770 330 1837 τινὸς
344 1767 417 1831 εἶναι
430 1767 454 1849 †
469 1767 565 1852 μέρος,
588 1768 614 1830 εί
636 1768 676 1850 μὴ
694 1766 760 1830 ὅλον
775 1791 802 1830 τι
817 1767 874 1852 εἴη,
897 1767 1034 1853 ἀναιροῖτ’
1055 1767 1090 1832 ἀν
1106 1770 1138 1832 τὸ
1155 1769 1202 1832 καί
1219 1773 1307 1831 ταῦτα
1328 1767 1401 1831 εἶναι
1417 1767 1505 1852 μέρη.
1575 1778 1588 1803 ⁰

206 1892 236 1940 15
255 1869 316 1934 ἀλλ’
344 1871 371 1933 εἰ
398 1870 464 1934 ὅλον
491 1893 518 1933 τι
545 1871 698 1952 ἀναγκαῖον
725 1869 797 1933 εἶναι
820 1868 882 1955 εἴη,
910 1869 956 1954 ἐφ’
985 1870 1001 1933 ὃ
1024 1875 1080 1933 πᾶν
1106 1871 1139 1934 τὸ
1163 1874 1204 1939 ὡς
1232 1870 1318 1954 μέρος
1345 1869 1376 1933 ὅν
1402 1893 1433 1933 τε
1456 1872 1506 1934 καὶ
1520 1888 1547 1930 ιο

256 1972 409 2056 λεγόμενον
432 1971 498 2058 ἔχει
518 1973 570 2056 τῆν
593 1973 755 2057 ἀναφοράν,
778 1973 881 2036 τάὐτὸν
905 1973 936 2036 δὲ
958 1971 1024 2035 ὅλον
1048 1995 1077 2035 τε
1100 1973 1147 2036 καὶ
1170 1977 1237 2047 πᾶν,
1259 1971 1340 2056 εἴγε
1361 1974 1502 2057 ἑκάτερον

255 2075 351 2140 αὐτῶν
374 2076 497 2160 ὁρίζεται
519 2081 563 2160 τῷ
587 2077 676 2161 μηδὲν
699 2076 788 2140 αὐτοῦ
809 2081 867 2137 τῶν
891 2081 987 2160 μερῶν
1010 2077 1134 2151 ἀπεῖναι,
1157 2074 1203 2160 εἴη
1226 2075 1260 2139 ἀν
1283 2100 1309 2139 τι
1331 2080 1444 2139 τοιοῦτο
1468 2075 1501 2139 ὂν

256 2179 482 2262 πεπερασμένον,
505 2178 585 2261 εἴγε
608 2178 836 2263 πεπερασμένον,
863 2177 898 2242 οὗ
925 2179 1013 2264 μηδὲν
1041 2184 1099 2242 τῶν
1123 2183 1218 2262 μερῶν
1241 2177 1368 2242 ἄπεστιν.
1412 2178 1446 2242 τὸ
1469 2178 1504 2241 δὲ

255 2286 311 2346 πᾶν
333 2286 471 2346 τοιοῦτον.
516 2280 583 2346 οὔτε
608 2282 663 2366 γὰρ
690 2280 762 2345 ἄλλο
789 2305 816 2345 τι
846 2281 876 2345 ὃν
904 2282 986 2350 ἐκτὸς
1012 2281 1101 2345 αὐτοῦ
1127 2280 1209 2345 ἔσται
1240 2280 1373 2364 περαῖνὸν
1399 2305 1433 2346 τε
1454 2283 1503 2346 καὶ
1518 2297 1547 2339 νυ

202 2406 236 2452 20
254 2384 482 2467 πεπερασμένον,
505 2382 572 2449 οὔτε
588 2384 721 2448 ἐντείνειν
743 2408 785 2454 τις
806 2383 848 2454 είς
869 2407 896 2447 τι
919 2384 982 2468 μετ’
1003 2385 1074 2448 αθτὸ
1097 2384 1129 2448 ὃν
1152 2386 1305 2470 δυνήσεται
1326 2387 1359 2448 τὸ
1382 2385 1502 2470 ιιρατοίι-

253 2511 338 2571 μενον
370 2485 417 2552 ὑπ’
455 2488 552 2551 αὐτοῦ.
607 2487 704 2551 οὐκέτι
730 2487 784 2572 γάρ
810 2487 845 2552 ἀν
873 2487 919 2571 είη
948 2492 1004 2550 πᾶν
1031 2512 1063 2552 τε
1089 2490 1137 2552 καί
1165 2488 1247 2566 ὅλον,
1280 2488 1315 2552 οὸ
1342 2486 1451 2556 ἔξωθέν
1479 2488 1510 2552 τί

253 2592 329 2656 ἐστιν
356 2589 397 2654 ὄν.
443 2588 551 2659 ἔξωθεν
574 2589 606 2653 δέ
629 2591 703 2654 ἐστίν
725 2615 751 2654 τι
777 2589 851 2675 [ἐστι
875 2593 923 2655 καὶ
946 2591 991 2676 ὅν]
1013 2597 1063 2656 τοῦ
1085 2615 1117 2655 τε
1139 2594 1321 2676 περαίνοντος
1343 2591 1414 2676 παρ’·
1432 2591 1506 2656 ἀλλο
1521 2609 1548 2651 ει

253 2719 279 2758 τι
301 2695 349 2758 καὶ
371 2697 422 2757 τοῦ
446 2692 506 2777 [δὲ]
530 2692 751 2763 καταλείποντὸς
774 2718 799 2757 τι
821 2693 885 2778 μετ’
906 2695 988 2771 αὐτό,
1010 2695 1069 2758 είτε
1089 2695 1212 2765 τοξεύειν
1234 2719 1276 2765 τις
1298 2697 1317 2780 ῆ
1340 2696 1475 2760 ἐκτείνειν
1501 2704 1506 2780 γ

253 2801 310 2859 τῶν
332 2797 421 2860 αὑτοῦ
445 2797 552 2881 μορίων
580 2797 599 2880 ῆ
623 2803 679 2860 τῶν
703 2794 752 2881 ὑφ’
781 2798 870 2861 αὑτοῦ
899 2797 1100 2882 κρατουμένων
1127 2822 1153 2861 τι
1181 2800 1342 2884 δυνήσεται.
1387 2800 1486 2863 ῐιιανθν
1510 2807 1557 2863 λθῑ

204 2921 236 2969 25
256 2897 280 2963 δ’
309 2898 350 2963 ἔτι
373 2906 516 2982 συστῆσαι
537 2899 624 2964 ταύτὸ
647 2905 730 2963 τοῦτο
754 2902 802 2964 καὶ
824 2903 857 2964 τὸ
879 2901 930 2970 τὰς
952 2902 1046 2987 ἀρχὰς
1072 2906 1130 2964 τῶν
1153 2901 1243 2965 ὄντων
1266 2901 1339 2965 εἶναι
1361 2923 1506 2987 πεπερασ-

254 3003 350 3087 μένας.
395 3004 521 3088 ἀπείρων
544 3003 598 3087 γάρ
625 3004 721 3066 οὐσῶν
745 3003 813 3067 οὐδὲ
842 3009 946 3086 γνῶσις
968 3004 1064 3067 αὐτῶν
1086 3002 1176 3068 ἔσται.
1213 3005 1239 3068 εἰ
1261 3005 1293 3068 δὲ
1316 3005 1357 3089 μῆ
1379 3005 1503 3081 τούτων,

255 3106 324 3169 οάδε
349 3111 407 3168 τῶν
433 3106 463 3175 ἐξ
490 3106 586 3169 αὐτῶν
612 3105 769 3189 γινομένων
798 3105 885 3183 τινός,
916 3105 996 3188 εἴγε
1022 3111 1102 3170 πᾶσα
1129 3106 1273 3191 ἐπιστήμη
1301 3106 1335 3170 ἐκ
1364 3112 1417 3191 τῆς
1443 3114 1504 3171 τῶν
1532 3125 1547 3168 ο

255 3209 356 3293 ἀρχῶν
378 3212 428 3271 τοῦ
452 3208 607 3293 ἐπιστητοῦ
629 3212 765 3292 γνώσεως
785 3209 922 3293 πρόεισιν.
957 3210 1056 3274 έπεται
1079 3212 1111 3274 δὲ
1134 3214 1177 3295 τῷ
1200 3210 1334 3294 ἀπείρους
1356 3209 1430 3275 εἶναι
1451 3212 1506 3282 τάς

255 3313 350 3397 ἀρχὰς
372 3313 419 3375 καὶ
441 3312 474 3374 τὸ
490 3314 579 3396 μηδὲν
600 3313 730 3395 γίνεσθαι
752 3318 810 3375 τῶν
830 3312 987 3397 γινομένων
1009 3313 1198 3398 τεταγμένως.
1232 3314 1275 3382 τίς
1295 3314 1349 3398 γὰρ
1372 3313 1406 3378 ἀν
1429 3316 1508 3385 ταἙις

202 3435 236 3483 3ο
256 3417 381 3500 ἀπείρων
403 3414 527 3497 γένοιτο;
556 3417 584 3479 τί
604 3416 658 3500 γὰρ
682 3415 715 3480 ἀν
738 3415 784 3501 εἴη
807 3422 859 3501 τῆς
881 3417 910 3480 ἐν
934 3421 993 3487 τοῖς
1020 3418 1148 3501 ἀπείροις
1168 3416 1276 3487 τάξεως
1297 3416 1403 3501 αίτιον;
1434 3418 1505 3484 οὔτε
1519 3437 1548 3479 ιο

254 3518 308 3603 γὰρ
331 3518 415 3603 φύσις
438 3519 467 3581 ἐν
488 3518 585 3587 αὐτοῖς
607 3517 672 3603 ἔχοι
693 3523 794 3604 χώραν
818 3519 852 3583 ἀν
869 3544 939 3597 τινα,
962 3521 998 3604 ῆς
1021 3519 1092 3584 ἴδιον
1115 3522 1148 3584 τὸ
1170 3521 1256 3585 ἕνεκά
1278 3545 1328 3584 του
1352 3523 1445 3586 πάντα
1466 3522 1505 3587 τὰ

253 3620 315 3685 κατ’
342 3621 432 3703 αὐτὴν
455 3619 588 3702 γινόμενα
609 3621 739 3703 γίνεσθαι
766 3626 807 3690 ὡς
830 3625 877 3686 ἐπὶ
907 3625 940 3686 τὸ
964 3628 1112 3701 πλεῖστον,
1139 3621 1203 3687 οὔθ’
1232 3623 1293 3688 οἶόν
1320 3648 1352 3687 τε
1372 3626 1506 3708 γίνεσθαι

203 3808 283 3878 Ιῆθη
302 3808 443 3861 Schwartz:
470 3808 492 3860 εί
510 3807 536 3860 δέ
554 3808 614 3861 libri
724 3807 751 3863 θ’
772 3811 847 3883 ἐχρῆν
866 3813 934 3864 coni.
956 3812 1000 3879 Sp.
1111 3812 1175 3864 θάν
1198 3813 1277 3866 Vici:
1306 3813 1352 3884 γάρ
1370 3813 1431 3867 libri

202 3895 307 3948 θοῦν
399 3894 776 3965 11ἅτυπον]ίοιλυυευαὺτό
802 3896 873 3952 ὅλον
961 3900 1010 3969 τῷ]
1030 3900 1059 3952 τὸ
1079 3901 1146 3952 vict.
1235 3900 1264 3953 τὸ
1282 3915 1332 3952 om.
1350 3903 1387 3954 Sa
1479 3902 1560 3959 1212

202 3986 223 4046 (ε
243 3998 307 4035 corr.
326 3999 350 4033 v.
364 3997 385 4034 c.
397 3983 444 4044 V):
463 3999 487 4033 τι
505 3985 599 4035 ΒΜ*
697 3984 727 4036 13
746 3985 848 4037 κάκεῖνο
868 3988 971 4055 scripsi:
993 3989 1096 4040 κάκεῖνα
1115 3988 1174 4040 iibri
1261 3984 1278 4061 ᾖ
1297 3991 1404 4042 BS¹F·=
1423 3990 1450 4060 ῆι
1469 3997 1502 4045 V:
1522 3993 1560 4046 ὧν

200 4073 259 4124 FSa
349 4071 380 4120 14
399 4069 507 4123 fortasse
525 4072 637 4141 (μέρους)
657 4070 738 4140 μέρος,
756 4071 792 4136 (ὅ)
810 4074 832 4125 τί
851 4075 885 4144 μῆ
906 4073 979 4127 ὅλον
1067 4074 1119 4139 (οὗ)
1137 4076 1159 4127 εἰ
1177 4076 1245 4128 vict.
1336 4076 1368 4129 15
1386 4077 1465 4146 είηθ

203 4158 233 4209 17
262 4176 288 4225 μ.
307 4156 392 4208 αὐτῶν
411 4174 427 4207 ιι
536 4157 574 4228 εἴη
598 4159 627 4209 ἄν
646 4160 681 4222 τι]
704 4158 720 4228 ῆ
740 4160 795 4212 ἀντὶ
818 4165 897 4213 τοὸυ
1003 4161 1037 4213 ⁴20
1063 4163 1102 4214 τίσ
1124 4162 1203 4215 εἴστι
1222 4165 1312 4231 (supra
1331 4163 1380 4216 εἷσε
1409 4165 1462 4218 ἔστι
1480 4186 1505 4218 v.
1525 4168 1560 4234 c.)

200 4249 232 4294 V:
260 4261 298 4301 τις
316 4243 349 4303 είς
367 4261 390 4295 τι
408 4246 516 4298 BF⁸S⁸:
545 4264 568 4297 τι
586 4247 638 4297 ἐστι
656 4250 749 4300 GSFa:
777 4249 814 4307 τὶς
838 4249 872 4307 είς
889 4249 919 4301 τὸ
940 4252 1004 4303 Vici.
1024 4253 1068 4316 Sp.
1185 4250 1216 4302 21
1246 4246 1286 4303 in?
1307 4252 1384 4304 αὺτοῦ
1403 4252 1493 4317 (αὐτου
1513 4253 1559 4323 V)]

200 4326 246 4399 ὑφ’
265 4331 344 4383 αὑτοῦ
362 4350 377 4383 ιι
396 4335 440 4398 Sp.
560 4332 592 4383 ⁸22
620 4333 672 4384 ἐστι
696 4335 738 4385 καὶ
764 4333 791 4385 ὅν
816 4336 898 4388 delevi
1005 4338 1030 4390 δὲ
1055 4339 1119 4390 ἔστιν
1143 4357 1166 4390 τι
1186 4339 1236 4391 ἐστι
1254 4340 1298 4390 οιαὶ
1322 4341 1376 4404 (καὶ
1394 4357 1476 4408 supra
1494 4341 1556 4405 ἐστι)

200 4417 229 4470 ὃν
247 4423 291 4470 τοῦ
317 4437 344 4470 τε
363 4420 387 4484 (ο
405 4435 484 4485 supra
502 4420 525 4485 ε)
544 4424 576 4470 V:
604 4438 627 4470 τι
646 4426 719 4473 τοῦτο
740 4425 815 4475 GFS:
847 4424 872 4475 δέ
897 4425 961 4476 ἐστιν
986 4424 1013 4477 ὃν
1036 4428 1108 4490 (haec
1130 4428 1158 4478 in
1182 4442 1233 4494 mg.
1252 4428 1293 4488 S¹)
1316 4431 1389 4479 τοῦτο
1412 4432 1499 4492 (τοῦτο
1517 4431 1559 4492 8¹)

200 4508 274 4557 sisa
292 4508 349 4571 Sp.:
379 4505 404 4557 δὲ
424 4505 489 4557 ἔστιν
507 4505 532 4557 τί
550 4504 577 4557 ὃν
593 4512 666 4559 τοῦτε
687 4512 722 4559 B:
751 4507 777 4560 δέ
795 4510 846 4562 ἐστι
865 4511 888 4562 τί
906 4527 956 4563 εστι
975 4511 1002 4564 ὃν
1021 4518 1065 4564 τοῦ
1084 4531 1111 4564 τε
1129 4518 1161 4566 8²²
1271 4515 1443 4584 περαίνοντος]
1468 4523 1559 4585 poste

202 4593 242 4645 lit.
263 4593 442 4645 1-211tt.v
549 4593 581 4645 23
600 4599 644 4646 τοῦ
664 4596 784 4648 F⁸S¹⁴S²¹a
802 4600 859 4664 Spa
888 4599 959 4650 τοῦδε
980 4600 1080 4651 VBFS¹
1188 4601 1247 4670 εἴτε]
1266 4602 1376 4655 fortasse
1395 4602 1470 4660 είςδ

201 4681 233 4731 24
253 4680 330 4732 αιίτοῦ
349 4685 372 4731 V
461 4681 520 4749 ῆλί
628 4681 660 4733 25
683 4679 708 4733 θ’
728 4683 775 4751 ἔτι]
795 4684 820 4735 δὲ
840 4703 855 4736 υ
874 4689 918 4753 Sp.
1016 4687 1044 4738 τὸ
1063 4701 1112 4738 oin.
1131 4704 1147 4737 a
1166 4690 1209 4753 Sp.
1316 4688 1350 4741 28
1368 4694 1404 4760 τῷ
1424 4706 1512 4743 om.a

200 4767 232 4818 2’9
251 4768 408 4835 τεταγμένως
427 4769 570 4823 V¹GBFSa
588 4771 645 4836 Sp.:
664 4772 814 4838 τεταγμένον
834 4790 857 4824 ι’.
877 4790 898 4826 c.
918 4778 1014 4827 viis·
1125 4774 1156 4825 31
1177 4774 1206 4825 ἀν
1226 4775 1312 4847 χώραν
1331 4778 1399 4829 coni.
1418 4780 1464 4846 Sp.

200 4854 233 4905 32
252 4850 311 4907 οὔθ’
333 4860 391 4922 sps
411 4855 458 4924 οὺχ
477 4856 535 4908 libri
