3540 5610
200 262 263 326 216
638 257 870 317 ΑΛΕΞΑΝΔΡΟΥ
889 257 1117 316 ΑΦΡΟΔΙΣΙΕΩΣ

200 439 237 494 111
257 431 457 519 Μετέλθωμεν
479 435 511 499 δὲ
526 435 574 498 ἐπὶ
597 435 663 504 τούς
686 439 790 503 κοινῶς
813 435 947 519 ἡνῶσθαι
969 435 1022 519 τὴν
1045 435 1117 519 ύλην
1140 433 1276 516 λέγοντας
1290 432 1340 497 καί
1356 432 1422 516 μίαν
1437 435 1510 496 πᾶσι

255 541 316 604 τοῖς
341 537 500 619 γινομένοις
527 539 576 602 καί
602 539 654 619 τὴν
680 537 771 621 αὐτὴν
795 537 965 612 ύποθέντας,
994 538 1035 599 ῶν
1057 538 1105 601 καὶ
1135 535 1232 600 αὐτῶν
1262 537 1510 620 παραιτησάμενοι

255 636 307 706 τὰς
329 638 564 723 ἐπιπολαιότερόν
587 664 618 703 τε
638 643 686 705 καί
712 639 936 726 προχειρότερον
962 638 1115 723 εἰρημένας
1141 638 1192 707 τὰς
1217 638 1343 719 μαλιστα
1368 639 1511 705 δοκούσας

256 737 383 824 ἔχεσθαί
403 764 478 810 τινος
500 741 588 823 λόγου
611 741 700 809 αὐτὰς
723 743 905 825 ἐξετάσωμεν
927 742 1192 825 προχειρισάμενοι.
1234 742 1292 803 τῶν
1315 740 1351 823 δή
1375 741 1553 823 ήνῶσθαιεο

221 862 236 909 5
256 842 308 924 τὴν
332 843 403 926 ύλην
425 843 568 926 λεγόντων
591 846 710 908 δοκοῦσι
733 845 859 928 μάλιστά
881 866 913 905 τε
935 845 982 906 καὶ
1005 844 1069 927 περὶ
1085 845 1217 928 κράσεως
1232 843 1259 905 οἰ
1276 842 1334 905 άπὸ
1349 846 1402 925 τῆς
1417 841 1511 912 Στοᾶς

260 945 325 1029 περὶ
346 947 479 1028 κράσεως
501 947 714 1031 διαλαμβάνειν.
760 945 850 1030 ούσης
873 946 906 1010 δὲ
927 947 975 1009 καί
1008 945 1039 1007 ἐν
1072 945 1183 1014 τούτοις
1205 944 1391 1028 πολυφωνίας
1412 942 1513 1026 (ἄλλοι

255 1048 311 1131 γὰρ
333 1047 431 1116 άλλως
452 1046 549 1110 αὐτῶν
572 1048 624 1116 τὰς
646 1050 761 1131 κράσεις
782 1048 914 1131 γίνεσθαι
936 1046 1091 1130 λέγουσιν),
1125 1050 1145 1130 ή
1169 1048 1294 1131 μάλιστα
1316 1049 1446 1110 δοκούσα
1466 1045 1512 1109 ὀύ·

257 1149 291 1218 ξα
312 1147 477 1232 εὐδοκιμεῖν
500 1148 567 1232 παρ’
596 1150 693 1219 αὐτοῖς
716 1152 780 1235 περί
804 1150 935 1235 κράσεώς
969 1150 1045 1213 ἐστιν
1072 1151 1092 1233 ή
1116 1151 1172 1213 ύπὸ
1196 1148 1371 1233 Χρυσίππου
1393 1148 1512 1232 λεγομέ-
1525 1166 1553 1209 ιε

258 1273 303 1334 νη.
349 1251 483 1335 τῶνγὰρ
507 1250 570 1334 μετ’
598 1252 684 1316 αὐτὸν
709 1256 736 1316 οἱ
760 1254 811 1335 μὲν
835 1250 1001 1335 Χρυσίππῳ
1025 1251 1230 1335 συμφέρονται,
1257 1250 1285 1312 οἰ
1308 1249 1341 1312 δέ
1363 1271 1436 1320 τινες
1459 1251 1510 1315 αὐ-

207 1373 238 1420 10
256 1357 315 1414 τῶν
337 1358 390 1436 τῆς
408 1352 630 1438 Ἀριστοτέλους
652 1355 738 1438 δόξης
760 1356 880 1438 ὕστερον
904 1354 1027 1417 ἀκούσαι
1054 1353 1227 1437 δυνηθέντες
1260 1351 1355 1416 πολλὰ
1380 1357 1440 1416 τῶν
1471 1354 1512 1417 εἰ·

257 1455 391 1539 ρημένων
414 1455 462 1518 ὐπ’
490 1456 600 1519 ἐκείνου
624 1459 689 1541 περί
723 1460 854 1541 κράσεως
877 1456 925 1520 καί
947 1454 1029 1519 αὐςοί
1052 1455 1197 1537 λέγουσιν·
1232 1456 1275 1518 ῶν
1296 1455 1340 1524 εἰς
1372 1455 1434 1519 ἐστι
1464 1458 1513 1519 καί

259 1557 434 1641 Σωσιγένης,
457 1558 570 1642 ἑταῖρος
595 1556 599 1643 ή
620 1558 822 1645 Ἀντιπάτρου.
868 1558 911 1626 οἰς
933 1557 967 1620 οὐ
991 1559 1143 1641 δυνάμενοι
1166 1559 1262 1640 πάντη
1285 1557 1488 1642 συμφέρεσθαι
1511 1567 1565 1623 594

258 1660 306 1722 διά
327 1661 380 1743 τὴν
402 1661 432 1722 έν
455 1665 514 1730 τοῖς
535 1660 633 1731 άλλοις
657 1661 815 1745 διαφωνίαν
838 1661 868 1724 έν
892 1664 1009 1729 πολλοῖς
1037 1661 1135 1729 αὑτοῖς
1167 1659 1300 1743 λέγοντες
1332 1658 1514 1745 εὑρίσκονται

256 1764 420 1846 μαχόμενα.
466 1761 527 1826 ἔστι
561 1764 593 1826 δὲ
615 1766 635 1846 ή
660 1761 834 1847 Χρυσίππου
857 1762 926 1831 δόξα
949 1763 1014 1846 περὶ
1037 1762 1168 1846 κράσεως
1195 1763 1262 1846 ήδε·
1296 1761 1433 1845 ἡνῶσθαι
1462 1764 1515 1844 μὲν

208 1884 239 1932 15
261 1864 428 1927 ὑποτίθεται
456 1866 508 1948 τήν
536 1867 689 1947 σύμπασαν
717 1865 827 1942 οὐσίαν,
861 1864 1024 1949 πνεύματός
1046 1887 1120 1933 τινος
1151 1864 1198 1927 διὰ
1220 1865 1317 1947 πάσης
1338 1862 1431 1948 αὐτῆς
1452 1867 1515 1950 διή-
1541 1884 1555 1926 ι

258 1989 368 2043 κοντος,
402 1965 452 2050 ὑφ’
480 1966 515 2030 ού
538 1967 691 2053 συνέχεταί
713 1991 744 2031 τε
778 1969 826 2032 καί
850 1966 989 2050 συμμένει
1024 1968 1072 2030 καί
1098 1964 1251 2048 σύμπαθές
1273 1966 1349 2030 ἐστιν
1373 1968 1455 2050 αύτῷ
1477 1969 1513 2031 τὸ

257 2073 324 2144 πᾶν,
360 2069 473 2132 τῶνδὲ
497 2070 676 2153 μιγνυμένων
699 2070 730 2132 ἐν
753 2069 829 2153 αὐτῇ
854 2069 998 2152 σωμάτων
1032 2069 1083 2137 τὰς
1106 2069 1158 2150 μὲν
1183 2068 1344 2152 παραθέσει
1368 2070 1455 2150 μίξεις
1476 2070 1516 2152 γί·

261 2171 363 2234 νεσθαι
386 2171 473 2252 λέγει,
496 2171 548 2234 δύο
570 2176 656 2234 τινῶν
679 2173 698 2255 ή
722 2173 770 2236 καί
793 2171 934 2235 πλειόνων
959 2168 1066 2234 οὐσιῶν
1096 2170 1137 2237 εἰς
1160 2169 1263 2234 ταύτὸν
1285 2171 1515 2255 συντεθειμένων

260 2274 309 2337 καί
332 2272 570 2357 παρατιθεμένων
594 2274 744 2356 ἀλλήλαις,
767 2275 808 2342 ὥς
830 2294 929 2358 φησιν,
957 2271 1025 2336 καθ’
1054 2273 1160 2356 ἁρμήν,
1183 2270 1344 2357 σωζούήσης
1367 2275 1493 2358 ἑκάστης
1516 2284 1570 2340 595

206 2396 241 2443 20
261 2374 357 2439 αὐτῶν
385 2376 416 2437 έν
438 2381 475 2459 τῇ
499 2375 619 2458 τοιαύτη
647 2376 808 2460 παραθέσει
831 2375 905 2439 κατὰ
928 2375 980 2456 τὴν
1004 2375 1182 2457 περιγραφήν
1205 2375 1257 2458 τὴν
1283 2375 1392 2439 οἰκείαν
1415 2377 1515 2441 οὐσίαν

259 2502 291 2541 τε
313 2480 361 2542 καὶ
384 2475 534 2559 ποιότητα,
557 2481 597 2544 ῶς
620 2478 668 2540 ἐπὶ
690 2481 810 2561 κυάμων
832 2478 903 2562 φέρε
925 2477 1015 2540 εἰπεῖν
1041 2478 1089 2539 καὶ
1112 2480 1211 2560 πυρῶν
1233 2477 1263 2539 ἐν
1286 2476 1407 2561 τηπαρ’
1429 2479 1516 2564 ἀλλή·

258 2583 328 2648 λους
351 2580 433 2644 θέσει
454 2581 570 2662 γίνεται,
592 2579 643 2647 τὰς
666 2579 698 2643 δέ
720 2603 797 2647 τινας
821 2578 962 2665 συγχύσει
985 2577 1021 2642 δι’
1050 2578 1126 2642 όλων
1153 2583 1211 2642 τῶν
1234 2602 1266 2642 τε
1288 2579 1396 2644 οὐσιῶν
1420 2581 1516 2644 αὐτῶν

260 2683 308 2745 καί
330 2686 388 2744 τῶν
411 2682 442 2744 έν
465 2682 566 2749 αὐταῖς
588 2682 751 2763 ποιοτήτων
774 2680 1033 2767 συμφθειρομένων
1049 2682 1199 2765 ἀλλήλαις,
1222 2685 1263 2749 ῶς
1277 2681 1410 2764 γίνεσθαί
1429 2704 1516 2769 φησιν
1544 2702 1560 2743 ε

261 2785 389 2848 ἐπὶτῶν
413 2785 548 2868 ἰατρικῶν
571 2786 734 2868 φαρμάκων
757 2783 831 2848 κατὰ
854 2784 1039 2868 σύμφθαρσιν
1062 2789 1120 2847 τῶν
1144 2783 1334 2867 μιγνυμένων,
1362 2784 1454 2849 άλλου
1476 2811 1515 2849 τι-

207 2908 240 2955 κο
261 2888 309 2954 νὸς
332 2885 362 2954 ἐξ
385 2885 481 2950 αὐτῶν
503 2886 685 2968 γεννωμένου
709 2889 859 2968 σώματος·
884 2887 934 2954 τὰς
957 2886 989 2948 δέ
1010 2909 1087 2955 τινας
1108 2886 1239 2969 γίνεσθαι
1263 2885 1349 2968 μίξεις
1372 2887 1448 2970 λέγει
1471 2886 1511 2951 δι’

261 2989 337 3052 ὅλων
359 2993 444 3051 τινῶν
468 2987 575 3050 οὐσιῶν
599 3012 629 3052 τε
651 2991 700 3053 καί
722 2995 780 3053 τῶν
803 2990 913 3053 τούτων
937 2991 1098 3072 ποιοτήτων
1121 2988 1450 3072 οἰντιπαρεκτεινομένων
1466 2990 1517 3052 αἰλ-

262 3094 364 3177 λήλαις
388 3089 461 3172 μετὰ
484 3094 535 3152 τοῦ
558 3090 608 3158 τοίς
631 3091 660 3160 ἐξ
683 3092 780 3176 ἀρχῆς
803 3092 902 3159 οὐσίας
925 3114 957 3154 τε
979 3093 1027 3155 καὶ
1051 3089 1206 3172 ποιότητας
1228 3094 1333 3162 σώζειν
1356 3091 1386 3154 ἐν
1409 3094 1447 3175 τῇ
1472 3092 1515 3171 μί-
1531 3108 1560 3150 ιο

263 3194 302 3263 ξει
325 3197 362 3276 τῇ
388 3193 495 3275 τοιᾷδε,
530 3193 629 3275 ήντινα
652 3196 710 3255 τῶν
734 3193 837 3274 μίξεων
861 3198 961 3278 κρᾶσιν
986 3194 1065 3262 ἰδίως
1087 3192 1160 3256 εἰναι
1182 3192 1269 3274 λέγει.
1307 3194 1359 3276 τὴν
1386 3193 1442 3276 γὰρ
1465 3194 1517 3257 δύο

263 3296 353 3378 ήκαὶ
376 3294 516 3358 πλειόνων
550 3299 636 3357 τινῶν
659 3296 804 3376 σωμάτων
839 3293 915 3358 όλων
937 3281 986 3358 δι”
1004 3294 1080 3358 ὅλων
1114 3294 1351 3378 άντιπαρέκτασιν
1379 3295 1518 3380 οὶλλήλοις

208 3418 242 3465 ³0
263 3399 367 3473 ούτως,
401 3400 441 3465 ῶς
465 3398 568 3467 σώζειν
592 3395 712 3460 έκαστον
736 3396 832 3459 αὐτῶν
864 3397 895 3460 έν
917 3404 954 3480 τῇ
979 3396 1053 3480 μίξει
1075 3403 1112 3479 τῇ
1142 3396 1261 3480 τοιαύτη
1284 3399 1337 3481 τήν
1359 3420 1391 3460 τε
1413 3399 1520 3462 οἰκείαν

263 3501 363 3565 οὐσίαν
385 3500 432 3563 καί
455 3500 506 3566 τὰς
528 3499 558 3561 ἐν
581 3497 658 3581 αὐτή
682 3497 846 3582 ποιότητας,
882 3499 958 3583 λέγει
980 3504 1081 3583 κρᾶσιν
1104 3498 1177 3562 εἶναι
1208 3498 1299 3583 μόνην
1320 3503 1379 3561 τῶν
1403 3499 1517 3583 μίξεων.
1533 3519 1559 3560 ιε

261 3602 336 3666 εἰναι
358 3603 411 3686 γὰρ
434 3601 504 3664 ἴδιον
528 3606 586 3663 τῶν
608 3601 794 3685 κεκραμένων
816 3603 848 3664 τὸ
872 3602 1013 3665 δύνασθαι
1036 3601 1216 3686 χωρίζεσθαι
1238 3601 1323 3663 παλιν
1351 3599 1403 3663 ἀπ’
1431 3602 1519 3688 ἀλλή·

210 3776 408 3785 ....------
419 3774 611 3781 ——--——..

210 3877 226 3927 θ
246 3873 385 3931 ὐποθίντας
405 3874 498 3926 Ιιίοἰοτι
518 3872 643 3931 ύποθίτας
662 3873 851 3927 ΑΒΒΟἰὸἰει
872 3872 1017 3931 ὑποθέσεως
1034 3877 1055 3926 Ρ
1163 3871 1238 3925 31πί
1255 3871 1416 3941 παλαιότερον
1435 3893 1452 3925 ε

209 3961 402 4034 προκιιρύτερον
421 3965 461 4013 Ra
567 3959 690 4027 4αὐτὰς]
710 3958 783 4020 δόξας
801 3961 873 4014 Diels
979 3961 1069 4029 5πιρὶ
1087 3958 1213 4030 κράσεως]
1238 3960 1346 4013 fortasse
1364 3960 1412 4030 πρό
1430 3963 1534 4015 πάντων

209 4050 225 4102 6
249 4050 304 4117 περὶ
328 4049 441 4117 κράσεως
459 4048 508 4100 del.
529 4048 612 4100 ldeler
754 4049 769 4100 9
788 4047 877 4117 αὐτὸν]
896 4046 981 4099 αὐτῶν
999 4065 1016 4100 ο
1176 4047 1204 4098 11
1226 4045 1335 4116 ἰκείνου]
1355 4048 1438 4101 κείνου
1457 4066 1489 4102 οι
1507 4066 1573 4103 corr.

209 4143 240 4188 ut
262 4135 363 4187 videtur
385 4140 408 4186 A
551 4135 585 4191 ιίς
602 4138 640 4184 Α;
669 4135 744 4191 ιίςΡ
875 4135 906 4186 14
934 4133 1078 4207 μαχόμενα]
1106 4132 1245 4206 μαχόμενοι
1269 4136 1353 4199 lima,
1381 4135 1490 4189 cf.1nd.
1509 4152 1530 4189 α.
1549 4154 1573 4191 ι.

210 4221 336 4275 Neutrum
479 4221 509 4272 16
538 4219 567 4272 οὔ
587 4237 607 4273 ε.
621 4237 643 4271 ν.
665 4225 687 4272 Α
830 4220 972 4290 συνέχεται]
1001 4223 1132 4289 συνάγεται
1150 4224 1191 4274 R·
1346 4219 1387 4273 16.
1409 4222 1439 4274 17
1468 4222 1497 4275 τύ
1516 4229 1574 4290 πᾶν,

210 4314 263 4360 τῶν
289 4308 379 4375 Apelt:
409 4306 436 4358 τὸ
460 4309 563 4359 πάντων
586 4309 680 4360 Ama:
708 4312 760 4358 τῶν
784 4308 885 4359 πάντων
904 4308 1034 4361 A²BCPS
1161 4309 1192 4359 17
1220 4304 1355 4376 παραθέσει
1382 4307 1461 4376 μίξεις
1478 4310 1574 4366 Ιιίεἰοςι

210 4391 357 4463 παραθέσεις
381 4390 445 4460 μίξει
467 4393 527 4446 libri
643 4395 673 4446 18
700 4393 802 4460 ταύτόν]
827 4393 902 4447 ταυτὸ
925 4398 964 4448 Ra
1084 4395 1113 4446 19
1141 4394 1223 4464 ύρμήν
1248 4397 1355 4463 scripsi,
1380 4397 1413 4450 cf.
1432 4413 1458 4465 p.
1473 4396 1573 4463 21⁹‚32

211 4480 292 4549 δρμίγν
317 4484 444 4534 ABCPS:
473 4481 552 4550 όρμής
576 4485 614 4534 Ra
721 4481 755 4533 20
773 4482 924 4551 περιγραφήν
944 4486 994 4534 Ra:
1019 4482 1193 4553 περιγραμμὴν
1212 4483 1256 4534 τε1.
1364 4483 1395 4534 21
1426 4484 1485 4552 φέρι
1509 4501 1574 4539 corr.

211 4585 244 4622 οι
263 4569 344 4639 φίριιν
363 4574 388 4619 A
518 4567 551 4618 22
574 4568 666 4636 γίνεται
685 4569 790 4635 scripsi:
820 4565 930 4637 γίνεσθαι
948 4569 1008 4620 libri
1026 4566 1116 4635 (θέσειΙ
1145 4567 1256 4637 γίνισθαι
1277 4570 1321 4626 τὰς
1341 4569 1432 4637 Apelt)

211 4654 327 4727 συγχύσει
346 4655 439 4707 ldeler:
469 4654 598 4724 συγχύσιις
617 4657 760 4707 ΑΒΟΙίὃοι
788 4655 932 4726 συγχύσεως
956 4658 977 4707 P
1086 4655 1119 4707 23
1143 4662 1194 4708 τῶν
1218 4670 1266 4706 om.
1287 4658 1326 4707 Ra
1434 4655 1468 4708 26
1491 4657 1572 4711 τοιού

211 4761 264 4794 των
283 4744 320 4794 A¹
428 4741 462 4794 ‘28
490 4741 575 4794 τοιάδε
592 4759 609 4793 ο
716 4741 772 4810 δύο]
799 4741 870 4794 διὸε
976 4741 1012 4795 30
1038 4759 1066 4796 τε
1084 4746 1181 4795 S.v.A
1304 4740 1335 4795 31
1366 4740 1446 4814 λέγειν
1466 4743 1503 4796 A¹

212 4828 246 4882 32
265 4827 306 4895 τὸ]
325 4829 364 4901 τιγῖ
383 4847 398 4880 ιι
