3540 5610
208 295 429 350 VERBORUII

260 469 276 538 ἡ
295 470 367 538 κοινὴ
386 470 411 539 ἡ.
430 469 446 537 ἡ
465 467 502 525 ὡς
520 467 589 536 γένος
610 466 788 537 λαμβανομένη
809 465 861 520 οὔτ’
915 469 1016 539 ἡμέρα
1034 469 1112 532 3022
1135 470 1228 533 19030

261 555 356 626 ἀγαθόν
375 557 439 608 ἐστιν
458 553 515 608 οὔτε
540 554 622 607 κακὸν
645 554 702 606 οὔτε
727 554 862 625 ἀδιάφορον
914 555 1011 625 ἡμισυ
1035 557 1126 621 10033

264 643 452 707 1203-1205
490 642 528 695 ὅτι
545 645 577 712 τῇ
597 642 622 712 ἡ.
635 641 701 710 Im
716 642 781 694 ἐστὶν
793 643 861 695 έναν-
914 643 1121 713 ἡμισφαίριον
1141 645 1219 709 2308

261 731 312 782 τίον
332 727 386 781 ἀλλ’
412 730 441 782 οὐ
465 731 541 787 τόνος
567 729 689 790 1207-32
731 729 770 782 διὰ
784 730 816 792 τί,
840 731 861 782 εί
913 729 1038 798 ἡρεμέω
1058 731 1135 794 5027
1155 734 1229 797 6021
1256 734 1348 797 17023

259 817 325 887 Iam]
351 824 417 870 παῖσα
440 816 521 869 κακὸν
544 836 576 886 ‘II
595 817 687 884 ἑαυτῆς
704 815 783 884 φύσει,
803 816 861 886 οὐχί
913 816 1028 885 ἠρεμία
1047 817 1125 882 4733

260 904 338 973 καὶὴ
362 905 387 974 ἡ.
411 910 478 956 πᾶσα
502 903 597 973 ἀγαθόν
621 907 651 973 τῇ
678 905 768 973 ἑαυτῆς
790 902 861 971 φύσει
913 904 1019 972 ἡττοίω
1044 905 1116 969 1304
1138 906 1230 965 15013

263 990 451 1055 127,3-128,2
498 992 553 1060 περὶ
576 991 600 1061 ἡ.
627 990 859 1054 13020-13027
981 996 985 1002 ’

259 1084 314 1136 πῶς
333 1077 474 1148 σωθὴσεται
492 1078 522 1131 τδ
541 1079 603 1131 είναί
620 1097 644 1131 τι
662 1077 755 1145 μεταξὺ
774 1079 799 1148 ἡ.
819 1082 861 1132 καί

258 1165 339 1236 λίεπὴς
361 1165 585 1231 13029-136,13
631 1170 687 1223 πῶς
714 1165 736 1217 εί
759 1167 861 1238 ἡλὺπη

259 1253 340 1305 κακὸν
359 1258 434 1316 πᾶσα,
457 1252 514 1322 οὸγί
533 1253 576 1304 καί
598 1252 658 1322 ἡὴ.
677 1259 744 1305 πᾶσα
765 1252 861 1322 ίιγαθόν
913 1253 1063 1307 θάλασσα.
1092 1273 1122 1307 ea
1140 1273 1206 1324 quae
1222 1260 1374 1311 Aristoteles
1394 1261 1425 1311 de
1444 1262 1506 1312 ωειῖ
1522 1262 1566 1312 do·

263 1340 487 1405 136,30-137,20
529 1338 578 1391 δπὸ
602 1339 627 1391 τί
644 1345 697 1391 τῶν
721 1340 859 1412 ἀγαθωνὴ
961 1343 1016 1392 cuit
1044 1345 1146 1395 IIeteor.
1164 1345 1196 1407 II,
1226 1345 1300 1396 l—3
1329 1348 1354 1396 in
1383 1349 1565 1415 compendium

258 1427 281 1497 ἡ.
302 1426 333 1479 όν
352 1428 389 1496 εἴη
418 1426 624 1490 137,21-138,5
667 1426 706 1479 διὰ
728 1429 752 1480 τί
775 1446 858 1499 φορτι-
964 1436 1098 1481 contracta
1116 1439 1177 1482 sunt
1196 1431 1297 1495 9017-
1314 1433 1405 1493 10024

258 1516 389 1572 κωτότους
408 1515 475 1567 εἶπεν
493 1514 551 1572 τοὺς
569 1513 595 1565 ίν
614 1515 639 1584 ἡ.
659 1514 687 1566 τδ
706 1514 776 1573 τέλος
794 1516 858 1569 τιθε-
912 1513 1162 1582 θάνατος,119,29
1185 1518 1276 1579 17022

258 1604 347 1668 μένους
366 1602 391 1653 ἐν
410 1603 448 1670 τῷ
460 1601 554 1672 πρώτῳ
577 1607 630 1652 τῶν
649 1598 761 1653 Ἠθικῶν
781 1600 858 1655 Νικο-
911 1600 1034 1674 θαρρίω
1057 1603 1148 1666 10036
1172 1603 1264 1666 15020
1282 1606 1359 1668 2004
1383 1607 1474 1670 19022
1493 1606 1565 1679 (θαρ-

258 1691 370 1758 μαχείων
387 1689 593 1750 138,8-139,14
627 1687 665 1741 ότι
684 1690 720 1758 μὴ
739 1689 860 1758 ὁμοειδεῖς
965 1691 1025 1753 σίω)
1049 1692 1123 1752 1609

257 1777 284 1827 αί
307 1777 332 1845 ἡ,
365 1775 541 1841 13016-28
588 1782 643 1834 πῶς
668 1777 688 1829 εί
717 1778 733 1846 ἡ
759 1778 784 1846 ἡ.
808 1778 858 1831 έστι
911 1775 1025 1847 θάρρος
1047 1780 1138 1839 14017

258 1864 324 1914 κατὰ
335 1859 490 1934 Ἀριστοτέλη
510 1863 619 1932 ἐνέργεια
637 1867 683 1931 τῆς
701 1865 767 1916 κατὰ
786 1865 857 1933 φίοσιν
912 1863 1063 1931 θαυμάζω
1087 1865 1177 1926 183,22
1200 1867 1269 1926 1901
1297 1868 1385 1931 19021
1409 1868 1482 1930 2001

257 1950 333 2010 ἕξεως
352 1949 542 2018 ἀνεμπόδιστος,
566 1950 614 2002 οὐκ
633 1951 701 2002 ἔσται
720 1952 762 2003 καί
781 1953 796 2022 ἡ
816 1953 857 2005 eb·
909 1948 1089 2019 θαυμαστός
1109 1952 1184 2016 1906
1204 1954 1298 2016 21026
1319 1954 1395 2019 2204
1416 1956 1511 2018 23023

257 2037 369 2105 δαιμονία
402 2036 461 2089 κατ’
491 2037 567 2089 αίιτδν
601 2036 678 2107 ἡδονὴ
716 2039 856 2103 14013-
909 2037 1039 2108 θέατρον
1062 2040 1156 2102 13020

260 2124 352 2187 14012
389 2123 426 2176 δτι
443 2125 472 2176 οίι
491 2124 520 2176 τὸ
533 2124 612 2176 καλὸν
629 2128 675 2194 τῆς
691 2125 716 2195 ἡ
729 2128 801 2195 χάριν
819 2129 857 2179 αί-
908 2121 995 2183 θεῖος
1014 2125 1057 2189 02
1084 2127 1159 2190 1017
1183 2127 1261 2193 2029
1272 2145 1309 2196 sq.
1334 2119 1411 2194 3017
1437 2131 1515 2189 4024
1526 2147 1564 2198 sq.

256 2212 341 2280 ρετόν,
365 2211 419 2264 ἀλλ’
442 2214 458 2282 ἡ
478 2212 556 2282 ἡδονὴ
580 2216 624 2264 τοῦ
647 2211 728 2264 καλοῦ
748 2214 856 2281 ίιιιιειίμ·
962 2212 1047 2277 1024.
1059 2213 1092 2265 28
1112 2214 1189 2279 6025
1209 2216 1267 2280 607
1287 2217 1361 2278 8021
1382 2216 1563 2280 1601116024

256 2308 310 2350 tum
335 2305 375 2349 est
404 2302 510 2351 iteratae
539 2301 605 2367 parti
636 2305 767 2352 extremae
799 2315 855 2368 cap.
964 2300 1054 2363 195,11
1080 2301 1171 2365 19017
1192 2301 1269 2364 2003
1294 2303 1371 2365 2002
1412 2309 1464 2354 τῶν
1487 2302 1564 2356 θείων

256 2385 347 2437 XXIII
376 2386 468 2448 15017
497 2387 529 2437 εί,
556 2387 696 2453 1501230
737 2387 767 2438 τὸ
791 2387 856 2456 ὁμοῦ
962 2384 1064 2455 πρόνοια
1084 2389 1211 2457 601930.
1226 2389 1304 2448 6020
1316 2389 1411 2452 6037
1439 2389 1564 2443 θιιότατοι

257 2478 302 2540 μέν
323 2471 402 2540 λέγειν
426 2475 470 2530 τὰς
488 2476 514 2542 ἡ.
539 2475 614 2541 μόνας
639 2475 698 2526 εἶναι
722 2473 754 2525 δι’
780 2474 857 2533 αὑτᾶς
961 2472 1253 2545 αὖτοκράτορες212,12
1289 2475 1357 2535 θείας
1370 2478 1469 2546 φύσεως
1482 2477 1564 2549 δῶρον

256 2561 406 2628 αίρετείς...
426 2560 490 2626 δμοῖι
509 2560 535 2611 δέ
554 2560 583 2613 τὸ
602 2562 647 2629 μίν
666 2559 744 2613 καλὸν
757 2562 856 2631 αίρετδν
964 2560 1052 2623 19021

321 2650 357 2707 ὡς
380 2648 510 2717 ποιητικὸν
534 2649 568 2716 ἡ,
597 2649 687 2717 μηκέτι
712 2649 737 2701 δὲ
761 2652 805 2701 καί
827 2651 856 2702 τδ
908 2644 1061 2715 θεμέλιον
1082 2649 1171 2712 19011

256 2736 359 2808 αἰσχρὸν
382 2738 485 2806 φάσκειν
508 2733 605 2805 αίρετδν
628 2733 738 2803 γίνεσθαι
764 2737 851 2800 14021
907 2733 1063 2805 θεολόγος
1082 2735 1161 2800 9020

255 2822 283 2873 τὸ
302 2823 379 2892 λέγειν
403 2824 447 2880 τὰς
471 2828 516 2890 μὲν
540 2823 580 2874 III
603 2829 656 2880 ταῖς
679 2822 767 2882 καλαῖς
790 2826 856 2895 ἐνερ-
907 2820 981 2880 θεός
1009 2823 1086 2886 32,15
1114 2824 1192 2886 5013
1220 2825 1358 2887 602122.
1370 2827 1404 2878 25
1432 2827 1518 2889 69,Ιο
1529 2827 1564 2881 30

255 2909 330 2978 γείαις
357 2910 486 2977 γινομένοις
513 2908 605 2978 ἡδονὰς
632 2909 770 2980 εἰλικρινεῖς
795 2914 856 2965 εἶναι
961 2908 1021 2974 706
1045 2909 1136 2975 12030
1157 2911 1448 2975 170,16188,2192,26
1471 2914 1564 2978 19030

256 3034 295 3048 ...
315 2998 359 3053 τὰς
377 2995 396 3048 δ’
409 2998 449 3049 ἐπὶ
461 3005 515 3053 ταῖς
528 2998 641 3068 αίσχραῖς
653 2996 736 3066 όλίγον
750 2998 856 3071 ἐχούσας
961 2997 1057 3060 20012
1068 3014 1106 3065 sq.
1127 2997 1222 3060 21022
1233 3016 1272 3067 sq.
1309 3000 1453 3054 Stoicorum
1468 3002 1563 3069 22032

255 3085 283 3135 τι
302 3085 392 3153 τιμον
416 3084 556 3151 145380.
784 3068 788 3075 ’
962 3084 1102 3147 -εεωι
1126 3086 1216 3153 εειγε.
1232 3086 1265 3138 23
1291 3115 1322 3124 -
1345 3085 1413 3140 Ius„
1432 3089 1517 3142 οοσιαν
1537 3089 1563 3141 ιν

202 3171 276 3240 ἡδὺς
297 3171 438 3237 1202630,
461 3171 534 3233 1808
554 3173 613 3223 dist.
638 3172 737 3241 ἡδιστος
764 3174 855 3238 13023
959 3173 998 3240 τῷ
1020 3179 1134 3242 προνοεῖν
1156 3180 1235 3225 ποιεῖν
1259 3174 1323 3237 606
1365 3175 1437 3227 οὐδὲν
1461 3178 1483 3228 οί
1508 3175 1563 3229 θεοὶ

201 3257 312 3328 ἡθικός
332 3273 414 3324 comp.
434 3257 599 3328 διανοητικός,
617 3260 735 3329 νοητικός
758 3261 855 3324 14010
960 3257 1103 3328 ἀνθρώποις
1128 3264 1295 3330 περιποιοῦσιν
1325 3262 1383 3313 καθ’
1414 3263 1457 3320 οὒς
1484 3264 1562 3330 μόνον

201 3343 277 3414 ἡθος
300 3344 391 3409 17018
415 3345 505 3405 19029
959 3347 988 3396 τὸ
1005 3346 1082 3397 καλὸν
1101 3345 1195 3415 ἀγαθόν
1215 3346 1371 3411 2016-22
1390 3350 1422 3401 εί.
1441 3351 1501 3413 702
1531 3352 1562 3403 τὰ

201 3432 358 3503 ἡλεκτρον
379 3432 438 3496 708
457 3433 536 3494 7010
961 3432 984 3484 θ.
1005 3432 1113 3485 ἀδύνατα
1137 3434 1197 3498 32,3
1216 3435 1306 3498 20021
1330 3435 1425 3499 20017
1462 3443 1562 3506 πρῶτος

201 3519 310 3588 ἡλικία
333 3520 424 3581 14026
447 3519 520 3581 1427
543 3519 635 3582 19012
960 3520 1033 3580 6021
1065 3518 1227 3590 φθειρόμενος
1247 3521 1342 3583 22022
1370 3522 1438 3574 θεῶν
1452 3524 1478 3574 ἐν
1491 3524 1562 3590 φύσει

201 3606 287 3677 ἡλιος
307 3606 366 3671 508
389 3607 480 3669 19012
517 3605 585 3677 ὕδωρ
599 3606 667 3661 ἕλκει
685 3609 763 3670 7018
800 3617 854 3668 πῶς
958 3607 988 3659 τὸ
1007 3613 1106 3677 φρονεῖν
1125 3608 1220 3670 20013
1256 3610 1324 3661 θεῶν
1343 3609 1482 3680 πρόγνωσις
1501 3611 1561 3673 200,

253 3694 311 3765 οίεγὶ
328 3695 344 3763 ἡ
363 3693 484 3764 πρόσοδος
508 3699 553 3745 τοῦ
572 3695 644 3764 ἡλίου
663 3697 705 3748 καί
724 3698 740 3766 ἡ
761 3697 854 3766 ἄφοδος
961 3695 1039 3762 lb'sq.
1061 3694 1156 3757 20029
1184 3696 1260 3766 ἀρετὴ
1275 3697 1371 3761 21018
1401 3696 1451 3756 ἔξω
1464 3696 1561 3756 πάθους

253 3782 348 3850 ὁμοίως
375 3782 440 3833 αίτία
467 3783 585 3850 γενέσεως
614 3783 657 3834 καί
686 3783 782 3855 φθορᾶς
810 3785 854 3852 87,
962 3781 1042 3845 1402
1079 3782 1117 3834 ἐπί
1135 3789 1188 3834 τῶν
1207 3783 1231 3835 θ.
1253 3785 1282 3835 τὸ
1301 3784 1444 3855 κατορθοῦν
1467 3784 1497 3837 οίε
1516 3804 1560 3836 κυ-

256 3869 334 3920 1-21
958 3868 1016 3940 ρίως
1034 3868 1132 3937 λέγεται
1150 3869 1243 3935 20031

199 3957 297 4024 ἡμεῖς.
326 3954 355 4006 τὸ
368 3955 408 4024 ἐφ’
421 3955 481 4024 ἡμῖν
494 3955 543 4007 def.
561 3956 636 4021 1804
663 3958 723 4010 dist.
738 3957 767 4011 τὸ
781 3958 852 4011 έκοὺ-
906 3954 1058 4025 θεραπεία
1077 3956 1190 4018 20010

253 4042 409 4103 σιον183,26
424 4043 782 4111 107,6-108,16130,14ειγ.
797 4044 854 4108 169,
906 4041 1072 4112 θεραπείειο
1092 4044 1171 4109 25,10
1193 4045 1266 4107 1207

256 4129 853 4200 13sq.17·2‚3sq.180,3-186,1220:'›,7sq,
905 4127 1066 4200 θερμαίνω
1106 4132 1176 4195 1031
1220 4132 1313 4193 17015
1353 4133 1444 4196 18014
1482 4134 1559 4196 2204

252 4217 347 4278 20012
396 4217 541 4268 Stoicorum
572 4218 691 4269 doctriua
726 4218 852 4284 181,13-
958 4216 1098 4289 έθέρμανεί
1119 4218 1213 4283 22016

255 4303 563 4372 182,19ε1.19024ειγ.
599 4302 777 4373 ότιείτοῦέφ’
792 4307 854 4376 ἡμῖν
905 4303 1021 4375 θερμός
1043 4305 1148 4372 10530.
1169 4305 1246 4369 5022
1265 4305 1340 4370 6011
1362 4309 1488 4375 603180.
1529 4307 1559 4359 τὸ

250 4392 279 4444 τό
299 4392 468 4459 ἀντικείμενον
487 4392 521 4461 μὴ
536 4388 574 4459 ἐφ’
588 4392 657 4461 ἡμῖν,
677 4391 726 4443 οὐδ’
748 4392 811 4445 αὐτὸ
824 4393 853 4446 τὸ
957 4390 982 4443 θ.
1002 4391 1131 4461 σΰμφυτον
1150 4393 1210 4462 ἡμῖν
1235 4394 1277 4455 33,
1286 4395 1319 4445 26
1331 4411 1368 4461 sq.
1405 4394 1434 4445 τδ
1457 4394 1483 4446 ἐν
1506 4401 1558 4452 τοῖς

251 4480 287 4547 ἐφ’
315 4479 373 4548 ἡμῖν
399 4477 435 4546 ἐφ’
461 4478 521 4548 ἡμῖν
545 4478 613 4530 ἔσται
641 4479 852 4544 5030-51,18
957 4478 1126 4550 αἰσθητηρίοις
1144 4480 1221 4546 3027

249 4568 304 4636 περί
322 4571 367 4618 τοῦ
385 4565 423 4618 δτι
441 4570 484 4618 καί
502 4566 531 4618 εδ
551 4564 588 4633 ἐφ’
609 4565 668 4635 ἡμῖν
688 4564 745 4617 καθ’
766 4566 851 4636 είμαρ-
904 4564 1062 4638 θερμότης
1094 4566 1164 4630 1031
1187 4567 1259 4629 305.
1271 4568 1304 4620 25
1333 4568 1407 4633 501.
1422 4571 1452 4620 10
1480 4569 1558 4631 5029

251 4654 327 4722 μένὴν
346 4653 538 4715 5020-5210
573 4655 612 4721 τιγῖ
624 4651 660 4723 ἐφ’
677 4653 701 4722 ἡ.
715 4653 851 4705 ἀντίκειται
956 4655 1016 4716 806
1040 4654 1133 4717 17020

249 4739 277 4791 τὸ
300 4739 377 4808 μηδέν
401 4742 460 4791 είναι
483 4740 521 4810 ἐφ’
547 4741 606 4809 ἡμῖν
629 4740 708 4806 5020
753 4740 782 4792 τὸ
811 4739 847 4810 ἐφ’
903 4740 995 4811 θέρος
1013 4741 1090 4805 3027
1111 4741 1220 4804 30721
1242 4740 1303 4801 808
1324 4742 1418 4804 13010

249 4827 309 4895 ἡμῖν
328 4844 352 4877 τι
370 4825 431 4877 εἶναι
449 4827 497 4878 οὐκ
515 4827 556 4895 ἐφ’
577 4829 637 4898 ἡμῖν
657 4828 717 4891 505
902 4825 988 4885 θίσις
1020 4827 1097 4891 2025
1125 4828 1203 4890 4029
1233 4828 1326 4892 17021
1358 4829 1434 4895 1805
1462 4829 1557 4893 21013
