3540 5610
636 318 777 377 ΒΙΒλΙΟΝ
796 317 977 375 ΔΕΥΙἙΡΟΝ
998 322 1100 374 23-24
1508 322 1549 385 if)

234 496 320 560 καθ’
352 496 435 560 αύτὸ
464 496 523 577 μὲν
549 495 611 559 οὐκ
639 494 712 559 ἔστι
738 496 819 559 τόδε
844 518 890 569 τι,
924 495 1042 579 ἕτερον
1074 497 1112 557 ῦὲ
1140 496 1275 580 μορφὴν
1304 497 1359 558 καὶ
1387 493 1494 569 εἶδος,

239 597 320 662 καθ’
350 601 389 683 ἣν
416 599 482 682 ἤδη
505 598 645 679 λέγεται
670 597 750 661 τόδε
772 596 833 680 <τι,
861 595 934 681 καλ>
960 598 1072 680 τρίτον
1099 599 1154 680 (τό
1178 598 1215 660 ἐκ
1238 594 1420 681 τούτων.>”

328 699 377 785 <Ei
399 703 432 784 ip
455 702 509 784 ύλη
532 699 599 764 καθ’
627 702 718 785 αὑτὴν
746 700 797 764 οὐκ
821 698 893 762 ούσοι
915 700 981 762 τόδε
1006 723 1042 771 τι,
1069 701 1147 763 nair&
1176 702 1227 782 τἠν
1255 700 1369 784 μορφὴν
1392 701 1440 761 καὶ
1462 698 1494 758 τὸ
1510 713 1535 754 ιο

242 802 318 873 εἶδος
342 803 376 866 ἂν
399 804 516 887 ῦέξηταί
537 827 569 866 τε
592 806 639 867 καὶ
663 809 735 889 σχῇ,
759 803 816 886 ἤδη
832 803 943 883 λέγεται
966 802 1041 874 τόδε,
1065 804 1123 865 ἀπό
1140 807 1224 865 τοῦῦε
1247 806 1296 864 τοῦ
1312 801 1408 870 εἴδους
1431 801 1495 862 ἑκά·

156 920 185 967 5
247 929 303 992 οτιρ
326 912 384 970 τῶν
407 907 515 971 ἐνύλων
542 908 574 969 τὸ
602 906 674 970 εἶναι
696 905 800 991 τούτῳ.
845 906 893 968 ἐπὶ
917 907 968 987 μὲν
996 904 1045 968 ούν
1074 910 1130 967 τῶν
1157 907 1257 968 ἁπλῶν
1286 928 1317 966 τε
1343 907 1391 968 καὶ
1418 907 1493 987 πρώ-

249 1032 300 1071 των
323 1010 468 1092 σωμάτων
491 1008 554 1072 οὐδ’
583 1009 660 1078 όλως
687 1007 754 1071 καθ’
783 1009 873 1091 αύτὴν
901 1010 919 1090 ἡ
943 1008 997 1091 ύλη
1022 1008 1086 1071 τόδε
1114 1032 1139 1069 τι
1166 1013 1207 1091 τῷ
1232 1009 1284 1090 τὴν
1307 1010 1423 1091 πρώτην
1447 1007 1494 1069 καὶ

250 1112 348 1196 κυρίως
370 1113 441 1196 ύλην
464 1113 574 1182 τούτοις
595 1116 751 1197 προσεχῶς
773 1111 954 1183 ὑποκεῖσθαι,
978 1110 1025 1172 ἐπὶ
1041 1111 1073 1172 δὲ
1095 1117 1153 1172 τῶν
1169 1109 1314 1173 συνθέτων
1339 1110 1493 1192 σωμάτων,
1507 1123 1536 1164 ιο

254 1215 311 1278 ἐπεὶ
334 1216 445 1286 τούτοις
470 1217 573 1300 μηκέτι
588 1221 743 1300 προσεχῶς
765 1215 952 1297 ὑποκείμενον
975 1214 993 1295 ίη
1015 1216 1117 1296 πρώτη
1140 1236 1171 1275 τε
1192 1214 1238 1275 καὶ
1254 1214 1358 1297 κυρίως
1383 1212 1385 1295 λ
1411 1212 1476 1294 ύλη,
1501 1217 1548 1273 142

251 1317 304 1380 ἀλλ’
325 1318 402 1382 ἔστιν
425 1344 444 1403 η
469 1320 523 1404 ύλη
547 1324 670 1399 σώματα
692 1317 803 1386 τούτοις
824 1317 1008 1397 ὑποκείμενα,
1031 1314 1062 1377 εί
1073 1339 1105 1397 γε
1128 1317 1162 1377 τὰ
1178 1316 1341 1398 καλούμενα
1363 1319 1494 1399 στοιχεῖα

138 1426 214 1476 ¹0
250 1446 265 1503 η
285 1422 395 1485 τούτων
417 1423 489 1506 ύλη,
516 1420 596 1485 ἔσται
620 1423 671 1501 μὲν
694 1423 713 1504 ἡ
736 1421 845 1484 τούτων
869 1420 923 1502 ύλη
946 1419 1012 1481 τόδε
1035 1442 1074 1492 τι,
1098 1419 1131 1481 ού
1156 1420 1212 1502 μὴν
1236 1421 1268 1481 τὸ
1290 1418 1442 1501 γενόμενον
1466 1416 1495 1484 &i

250 1523 339 1586 αὐτῶν
363 1526 395 1588 τὸ
411 1525 484 1588 εἶναι
506 1529 591 1587 τοῦτο
615 1523 762 1605 ὃγέγονεν
785 1523 842 1585 αἰτὸ
866 1527 918 1605 τῆς
941 1522 1009 1605 ύλης
1033 1519 1096 1606 ἔχει
1119 1523 1166 1584 καὶ
1189 1526 1239 1583 τοῦ
1256 1522 1366 1605 ἐκείνης
1388 1520 1490 1597 είῦους,
1519 1536 1533 1577 ο

250 1626 303 1689 ἀλλ’
331 1628 390 1690 α’πό
413 1632 463 1690 τοῦ
487 1626 583 1696 είόους
605 1631 655 1689 τοῦ
677 1625 826 1708 γεγονότος
854 1624 883 1686 ἐν
907 1629 945 1706 τῇ
969 1630 1036 1708 ποιᾷ
1060 1624 1193 1687 συνθέσει
1215 1648 1246 1687 τε
1268 1625 1316 1686 καὶ
1340 1624 1413 1706 μίξει
1435 1629 1493 1686 τῶν

250 1729 442 1812 ὑποκειμένων
465 1730 544 1814 αὐτῷ
564 1734 718 1809 σωμάτων.
753 1727 862 1811 οὐγὰρ
886 1727 949 1790 ἐπεὶ
972 1733 1027 1810 πῦρ
1050 1728 1097 1789 καὶ
1114 1728 1181 1810 ἀήρ,
1205 1727 1282 1809 ύῦωρ
1306 1729 1353 1791 καὶ
1375 1733 1411 1810 γῆ
1437 1728 1490 1810 ύλη

248 1833 339 1914 σαρκί,
368 1856 387 1915 η
412 1833 482 1916 σὰρξ
505 1832 563 1894 ἀπὸ
587 1832 696 1894 τούτων
727 1830 797 1912 σὰρξ
820 1831 950 1892 καλεῖταί
969 1853 1000 1892 τε
1022 1832 1069 1893 καὶ
1093 1828 1181 1902 ἔστιν,
1211 1828 1269 1891 ἀλλ’
1298 1832 1355 1893 ἀπὸ
1378 1834 1429 1893 τοῦ
1451 1853 1494 1912 γε·
1511 1846 1535 1887 ιυ

140 1934 225 1993 15
245 1936 352 2015 γονότος
369 1935 399 1996 ἐν
415 1934 510 2003 αὐτοῖς
527 1933 632 2005 εἴδους,
656 1932 726 1995 καθ’
748 1934 812 1998 ὃτό
836 1931 911 1995 εἷναί
931 1932 991 1995 ἐστι
1014 1939 1050 2016 τη
1075 1933 1104 2001 ἐξ
1127 1933 1223 1995 αὐτῶν
1245 1933 1375 2016 γεγονυίᾳ
1399 1933 1492 2016 σαρκί.

245 2036 308 2099 oriri
335 2038 389 2119 γὰρ
416 2039 467 2120 τἠν
496 2039 591 2122 ἀρχὴν
619 2036 716 2099 ἐκεῖνα
743 2036 773 2097 ἐν
801 2039 839 2117 τῇ
867 2036 951 2118 σαρκὶ
978 2033 1019 2096 ἔτι
1048 2038 1181 2107 σώζεται.
1232 2035 1290 2098 ἀλλ’
1320 2038 1418 2118 ὥσπερ
1445 2035 1493 2097 ἐπὶ

246 2145 293 2223 τῆς
315 2146 372 2201 τῶν
396 2142 496 2203 ἁπλῶν
519 2139 659 2222 γενέσεως
682 2139 828 2222 σωμάτων
852 2163 870 2220 η
894 2137 1071 2222 ὑποκειμένη
1095 2139 1149 2222 ύλη
1173 2138 1280 2211 αὐτοῖς,
1307 2139 1380 2221 αὕτη
1404 2136 1429 2199 δ’
1458 2136 1493 2220 ἦν

244 2244 261 2324 η
284 2247 400 2326 πρώτη,
428 2243 480 2306 οῦκ
504 2242 539 2326 ἦν
563 2244 615 2325 μὲν
638 2241 710 2324 αὐτὴ
739 2240 807 2303 καθ’
834 2242 924 2323 αύτὴν
951 2240 1017 2303 τόδε
1039 2264 1080 2315 τι,
1110 2240 1144 2324 ᾖν
1168 2241 1264 2321 μέντοι
1286 2241 1316 2303 ἐν
1340 2243 1534 2305 ύποστάσειιο

245 2343 289 2406 ἐπ’
317 2346 408 2408 ἄλλου
431 2346 505 2413 τινῦς
527 2343 622 2413 εἴῦους
644 2343 733 2418 ούσοι,
760 2346 809 2407 καὶ
832 2340 895 2407 κατ’
924 2344 1017 2406 ἐκεῖνο
1040 2346 1106 2407 τόδε
1128 2368 1153 2406 τι
1177 2342 1250 2406 οὖσα
1276 2344 1399 2427 (τὸγὰρ
1421 2342 1493 2425 γινό-

169 2457 229 2513 20
246 2472 328 2531 μενον
353 2452 409 2530 πῦρ
432 2448 504 2510 κατὰ
534 2447 695 2531 μεταβολὴν
722 2453 774 2531 τῆς
798 2448 868 2528 ύλης
893 2448 996 2528 γίνεται
1023 2448 1246 2531 ἀποβαλλούσης
1274 2448 1326 2529 μὲν
1352 2448 1384 2509 τῦ
1408 2448 1492 2528 πρού-

245 2553 355 2636 πάρχον
378 2550 454 2617 εἶδος
476 2550 506 2612 ἐν
529 2549 620 2632 αὐτῇ,
649 2549 886 2632 μεταβαλλούσης
912 2551 944 2612 δὲ
967 2551 1006 2617 εἰς
1034 2553 1066 2612 τὸ
1095 2555 1145 2612 τοῦ
1168 2549 1273 2632 πυρός,
1301 2553 1349 2613 καὶ
1372 2549 1428 2634 οὐχ
1451 2548 1536 2611 ὅτιυυ

243 2654 271 2720 ἐξ
292 2655 387 2736 ἀέρος,
410 2653 445 2716 ἂν
461 2655 537 2716 οὕτω
560 2653 646 2736 τύχη,
669 2653 853 2735 ημεταβολη
877 2652 960 2736 αῦτη,
983 2655 1015 2715 τῦ
1037 2658 1093 2737 πῦρ
1116 2654 1189 2715 κατὰ
1213 2657 1260 2715 τὸν
1277 2654 1348 2737 ἀέρα
1372 2653 1404 2716 τὸ
1420 2652 1492 2714 εἶναι

244 2753 313 2841 ἔχει,
338 2758 379 2824 ὥς
401 2778 433 2837 γε
456 2754 518 2819 οὐδ’
539 2756 610 2839 ύλης
632 2755 672 2823 εἰς
694 2755 726 2816 τὸ
750 2759 806 2837 πῦρ
829 2756 1002 2838 μεταβολή),
1025 2757 1118 2824 οὕτως
1140 2756 1208 2818 οῦῦὲ
1230 2756 1265 2818 τὰ
1289 2757 1413 2819 σύνθετα
1437 2758 1491 2817 σιύ-

242 2883 332 2941 ματα,
362 2859 404 2928 οἷς
427 2857 485 2942 ἤδη
514 2859 662 2942 προσεχὴς
690 2857 744 2940 ύλη
773 2858 838 2919 τόδε
861 2858 890 2919 τί
915 2859 1005 2930 ἐστιν,
1036 2858 1101 2921 τόδε
1124 2882 1150 2920 τι
1176 2858 1248 2920 εἶναι
1277 2855 1339 2942 ἔχει
1362 2859 1420 2921 ἀπό
1443 2874 1533 2922 τουτο

189 2977 227 3028 25
244 2967 299 3023 τῶν
324 2959 523 3043 ὑποκειμένων
547 2960 644 3027 αὐτοῖς
664 2961 808 3043 σωμοίτων
832 2959 936 3034 είῦους,
960 2960 1020 3022 ἀλλ’
1045 2963 1103 3023 ἀπὸ
1126 2965 1176 3024 τοῦ
1200 2961 1230 3029 ἐξ
1253 2962 1369 3024 ἐκείνων
1393 2984 1424 3023 τε
1445 2963 1494 3023 καὶ

245 3064 294 3126 ἀπ’
322 3065 440 3127 ἐκείνων
468 3062 632 3144 γενομένου.
679 3063 721 3124 διὸ
745 3063 818 3124 κατὰ
846 3065 951 3131 παντὸς
979 3063 1030 3145 μὲν
1058 3064 1168 3145 ἀληθές
1192 3062 1195 3147 i
1221 3066 1296 3128 ἐστιν
1324 3066 1356 3127 τὸ
1379 3070 1475 3127 πᾶσαν
1499 3071 1546 3128 143

241 3165 456 3250 συναμφότερον
480 3165 578 3228 οὐσίαν
601 3165 659 3227 ἀπὸ
687 3169 737 3227 τοῦ
761 3165 857 3233 εἴδους
880 3164 958 3251 ἔχειν
987 3167 1019 3228 τὸ
1043 3165 1115 3228 εἶναι
1141 3172 1226 3230 τοῦτο
1248 3167 1265 3230 ό
1288 3168 1362 3242 ἐστι,
1390 3167 1492 3229 τούτου

241 3266 265 3329 δ’
293 3269 386 3336 οὕτως
412 3265 531 3352 ἔχοντος
557 3268 667 3350 ἀληλλὲς
695 3270 741 3329 καὶ
775 3267 790 3329 ὃ
814 3267 882 3330 καθ’
911 3269 1035 3351 ἑκοίστην
1058 3275 1115 3330 τῶν
1139 3270 1362 3354 συναμφοτέρων
1386 3267 1492 3331 οὐσιῶν

241 3369 272 3433 τό
295 3394 325 3433 τε
347 3371 420 3434 εἶναι
443 3372 491 3434 καὶ
514 3371 546 3433 τό
568 3370 708 3452 λέγεσ3αί
728 3371 798 3444 ἐστι,
827 3369 905 3432 τοῦτ’
933 3371 1029 3433 αύτιῦν
1052 3371 1128 3439 εἶῦος
1151 3373 1233 3447 εἶναι,
1262 3370 1331 3436 ὥστ’
1362 3373 1423 3434 ἐπεὶ
1447 3372 1494 3433 καὶ
1520 3386 1535 3428 ο

195 3490 224 3539 3ο
239 3475 270 3535 τό
302 3479 378 3559 ζῷον
406 3471 621 3557 συναμφότερος
649 3473 731 3535 ούσίοι
762 3475 808 3535 καὶ
838 3478 880 3557 τῷ
914 3475 983 3557 ζιριρ
1011 3474 1091 3558 αὐτῷ
1123 3474 1198 3538 εἷναί
1221 3499 1253 3537 τε
1283 3478 1329 3538 καὶ
1358 3477 1493 3556 λέγεσθαι

240 3578 316 3658 παρὰ
338 3582 391 3659 τῆς
413 3581 512 3661 ψυχῆς
534 3598 565 3637 τε
587 3576 635 3637 καὶ
658 3576 732 3638 κατὰ
753 3577 805 3659 τὴν
828 3578 926 3660 ψυχήν
951 3576 1038 3647 ἐστιν,
1061 3576 1137 3644 εἶδος
1160 3576 1193 3638 ἄν
1217 3576 1261 3658 τίη
1285 3602 1304 3660 η
1328 3580 1410 3663 ψυχὴ
1435 3585 1492 3640 τῶν

241 3678 334 3763 (qimi,
358 3681 449 3747 ούτως
473 3680 505 3740 δὲ
526 3678 574 3740 καὶ
598 3683 654 3740 τῶν
677 3678 773 3741 ἄλλων
789 3685 846 3740 τῶν
863 3679 940 3762 παρὰ
964 3679 999 3740 τὰ
1023 3683 1085 3762 ζῷα
1108 3680 1259 3764 ἐμψύχων.
1298 3679 1342 3742 ότι
1365 3683 1396 3743 iri
1419 3681 1492 3751 εἷῦος
1508 3699 1534 3740 ιιι

240 3783 257 3864 η
280 3783 372 3867 ψυχή,
395 3780 500 3851 ἔδειξεν
528 3782 589 3866 riq]
618 3783 801 3866 χρησάμενος
824 3783 952 3864 τοιαύτη.
998 3782 1060 3843 ἐπεὶ
1089 3787 1139 3864 τῆς
1168 3782 1266 3850 ούσίας
1293 3807 1310 3865 η
1341 3783 1392 3866 μέν
1415 3785 1491 3847 ἐστιν

240 3885 308 3968 ύλη,
337 3888 357 3969 ίη
381 3886 413 3948 δὲ
435 3884 525 3958 εἶδος,
554 3885 573 3966 ἡ
601 3883 632 3945 δὲ
656 3884 884 3969 συναμφότερος,
914 3886 961 3947 καὶ
989 3883 1065 3946 ἔστιν
1093 3909 1110 3967 η
1141 3886 1191 3967 μὲν
1220 3886 1436 3970 συναμφότερος
1463 3889 1492 3956 ἐξ

193 4003 221 4054 ³5
238 3988 307 4072 ύλης
322 4012 354 4051 τε
376 3989 424 4051 καὶ
447 3987 543 4056 εἴδους
566 3984 677 4070 ἔχουσα
699 3987 731 4049 τὸ
754 3987 821 4049 τύόε
837 3986 889 4071 (τι)
904 3988 938 4049 οὐ
961 3987 1040 4070 παρὰ
1062 3992 1114 4070 της
1137 3987 1217 4070 ύλης,
1241 3988 1316 4050 ἀλλὰ
1339 3992 1416 4074 παρὰ
1439 3997 1490 4054 τοῦ

193 4144 323 4152 ————-
330 4144 550 4151 ———.-—-.
559 4145 586 4149 ..-

195 4231 202 4279 l
222 4231 319 4301 μορφὴν
338 4228 384 4298 sp.
404 4245 435 4280 ex
457 4230 548 4280 Arist:
577 4230 661 4299 μορφὴ
686 4230 745 4282 libri
854 4229 868 4281 2
892 4249 916 4281 rr
934 4231 977 4282 καὶ
1002 4241 1027 4282 et
1046 4231 1073 4282 ἐκ
1098 4231 1195 4284 τούτων
1219 4235 1306 4302 suppl.
1329 4236 1394 4285 Viri.
1416 4253 1446 4287 ex
1468 4238 1546 4288 Arist.

192 4317 240 4382 (sed
260 4319 301 4370 hir:
320 4317 350 4370 τὸ
370 4317 410 4383 ἐκ)
494 4316 510 4368 3
534 4317 566 4380 (τί
585 4318 612 4386 ἡ)
636 4315 683 4388 ὕλη
707 4320 811 4387 scripsi:
841 4320 856 4388 η
881 4317 928 4390 ὕλη
950 4321 1029 4371 Vici:
1058 4320 1106 4390 ἤδη
1132 4323 1190 4372 libri
1298 4322 1344 4374 οῦκ
1368 4339 1417 4374 om.
1441 4343 1456 4373 ιι

191 4404 264 4475 καθὰ]
283 4408 351 4458 κατὰ
371 4407 436 4457 vict.
525 4406 541 4455 4
561 4404 590 4455 ἂν
610 4404 710 4474 δέξηταί
729 4408 833 4474 scripsi:
854 4408 895 4459 ἐὰν
916 4406 1014 4476 δέξηται
1033 4408 1092 4474 Sp:
1112 4407 1247 4478 ἐνδείξηται
1266 4411 1324 4461 iibri
1418 4416 1466 4482 σχῖη
1489 4416 1510 4460 V

190 4495 239 4547 τόδε
251 4498 296 4558 (τι)
310 4495 377 4546 coni.
391 4492 434 4560 Sp.
506 4493 531 4543 4.
551 4493 567 4544 5
586 4493 685 4562 ἑκάστῳ
699 4493 755 4560 Sp:
776 4495 882 4546 ἑκάστου
900 4496 958 4546 libri
1049 4496 1152 4547 8ἐπὶιι
1226 4498 1271 4547 -ll
1294 4497 1469 4554 saravi-ta
1490 4499 1545 4550 τόδε

190 4580 242 4634 libri
340 4583 371 4633 14
399 4581 506 4633 alterum
527 4579 586 4647 σὰρξ
605 4596 654 4632 orn.
675 4599 690 4632 a
710 4581 753 4647 Sp.
847 4583 876 4634 15
907 4590 1019 4651 γεγονυῖα
1041 4587 1061 4631 V
1164 4584 1192 4634 17
1221 4585 1251 4654 ην
1274 4588 1331 4637 Si'a
1351 4586 1408 4653 Sp:
1438 4586 1468 4655 ἢν
1490 4593 1510 4635 V

192 4669 217 4721 19
244 4669 325 4726 είῦοντ
347 4671 405 4722 sia
426 4669 483 4737 Sp:
512 4668 615 4725 eiiocV
722 4670 755 4720 *23
775 4669 810 4725 ὥς
829 4688 855 4738 γε
876 4671 955 4722 Vir-r:
976 4670 1002 4727 ός
1020 4690 1047 4740 γε
1067 4671 1123 4723 libri
1233 4676 1264 4723 :²1
1289 4675 1338 4725 ἀπό
1357 4674 1413 4742 του]
1433 4675 1482 4726 ἀπὸ
1502 4681 1546 4727 τοῦ

188 4755 259 4825 aSp.
369 4757 402 4808 25
431 4756 603 4823 ύποκειμένων
628 4757 685 4823 Sp:
714 4758 878 4825 ὑποκειμένου
902 4760 960 4810 libri
1070 4763 1103 4810 23
1132 4760 1144 4811 ό
1169 4763 1272 4828 scripsi:
1301 4762 1330 4813 τό
1354 4763 1410 4814 iibri

189 4843 292 4913 ἑκάστην
312 4844 380 4897 Bs²a
401 4844 457 4912 Sp:
477 4845 640 4914 έκάσι·ηλ’8ι
739 4846 772 4896 33
791 4846 893 4917 τοιαύτη
914 4852 936 4898 V
961 4850 1034 4914 (corr.
1056 4866 1078 4899 ν.
1099 4848 1132 4913 r.)
1225 4850 1265 4900 ἐπὶ
1289 4869 1304 4900 a
1393 4852 1427 4901 33
1446 4869 1469 4901 τι
1488 4853 1545 4903 adri.

188 4929 266 4985 B'S's
285 4931 330 4999 Sp.
