3540 5610
207 338 269 402 222
356 337 492 422 συνέχεια

207 509 348 579 συνέχεια
361 505 492 578 έμψίιξεως
502 508 580 571 9217
603 512 655 560 τῶν
665 506 752 559 αίτίων
768 505 860 570 17213

259 596 408 669 εἱμαρμένης
438 595 539 658 18220
572 600 625 654 τῶν
650 594 676 646 έν
699 592 766 653 τάξει
785 593 860 662 γίγνε-

259 682 315 738 σθαι
338 682 483 736 δοκοῦντων
511 682 608 748 18229
644 683 711 734 κατὰ
734 681 860 749 συνέχειαν

258 772 336 836 4214

206 859 336 928 συνεχής
356 858 431 922 1825
450 858 510 924 826
529 858 607 924 8525
629 857 721 921 12218
742 856 817 920 1229

207 947 326 1019 συνέγω
345 945 423 1010 2218
441 946 502 1011 425
523 946 660 1013 1142432

205 1035 376 1105 συνήγορος
396 1033 490 1096 18230

205 1120 363 1192 συνήθεια.
407 1121 448 1174 διὰ
470 1118 601 1192 συνηθείας
625 1118 691 1179 τινὸς
713 1119 770 1190 όψις
794 1121 859 1173 ἀντι-

257 1209 409 1278 λαμβάνεται
427 1209 605 1278 ἀποστήματος
626 1208 718 1274 14235

205 1294 341 1367 συνήθης
358 1297 436 1363 8122
459 1296 547 1361 18211

206 1381 347 1442 σιἰνθεσις
371 1384 412 1448 22
424 1384 465 1438 25.
477 1384 511 1436 29
535 1383 638 1448 2226
662 1382 704 1445 70,
715 1381 749 1434 23
772 1381 858 1446 8213

259 1472 320 1524 dist.
339 1478 425 1543 κρᾶσις
443 1472 506 1533 621
545 1470 628 1539 μελῶν
647 1470 735 1521 τεκαὶ
754 1466 857 1540 ῥυθμῶν

258 1559 317 1626 226
345 1566 412 1612 πᾶσα
425 1557 484 1618 δόξα
497 1559 522 1610 έν
534 1555 646 1610 συνθέσει
659 1555 732 1621 6721
763 1554 858 1623 ὁμοίων

259 1664 281 1699 σ.
300 1647 371 1717 ἔργον
389 1651 433 1699 νοῦ
451 1646 529 1709 8212

205 1733 351 1792 σὺνθετος
374 1735 479 1802 2222.
504 1732 586 1797 3210
609 1732 773 1790 8222324
794 1730 857 1795 922

260 1821 353 1884 1218
375 1820 467 1885 114,ιὸ
489 1819 581 1883 ιῡνςαο

205 1908 345 1979 συνθήκη
367 1907 509 1971 1522235
531 1906 675 1970 1582230

204 1997 375 2067 συνίστημι.
411 1993 518 2063 θρεπικὴ
538 1994 608 2063 ψυχὴ
635 2009 657 2045 σ,
676 1991 737 2063 ὕλην
756 1992 816 2063 πρός
834 2012 857 2044 τι

257 2085 339 2149 3224
366 2082 444 2146 1829
485 2079 644 2133 συνίστασθαι
669 2080 751 2145 3225
775 2080 856 2144 3218

256 2173 319 2234 321
352 2170 450 2233 14218
476 2168 571 2232 17217
615 2169 764 2238 συνέστηκεν
792 2166 857 2227 923

258 2258 317 2311 ὄντα
336 2260 379 2311 καὶ
397 2263 539 2309 συνεστῶτα
558 2257 618 2322 213
638 2256 715 2321 3214
748 2255 797 2326 ἀήρ
816 2271 856 2307 συ-

257 2348 315 2404 στάς
336 2344 428 2408 13216
456 2344 580 2402 συνεστώς
595 2343 686 2407 13212
715 2342 743 2396 τὸ
758 2381 782 2395 ..
796 2342 857 2394 εἶναι

317 2433 413 2489 ἱκανῶς
434 2433 450 2502 ή
470 2433 542 2501 κοινή
561 2438 613 2484 τῶν
632 2429 775 2500 ἀνθρώπων
794 2430 857 2482 συνί-

256 2536 340 2590 στησιν
350 2519 473 2591 πρόληψις
484 2519 575 2585 17927
589 2519 661 2582 1821
677 2518 768 2582 18227
782 2517 858 2580 1828

203 2606 360 2660 συνοδεῦω
379 2606 456 2670 2214
475 2607 550 2672 8211
573 2607 647 2669 8211
673 2604 765 2670 17212

181 2694 333 2753 ’σῦνοδος
352 2693 426 2759 2121

203 2782 336 2836 σιἰνοιδα.
355 2781 439 2839 αὺτοῖς
448 2782 580 2835 συνειδέναι
593 2780 670 2850 μηδὲν
680 2779 748 2842 ἄξιον
764 2778 856 2843 18217

105 2896 109 2904 ·
203 2870 331 2928 σῦνολος
352 2870 428 2934 1328

203 2959 342 3030 συνοράω
361 2956 438 3021 8219

203 3045 352 3100 συντείνω
376 3043 409 3103 είς
432 3062 455 3095 τι
485 3042 583 3107 16220
618 3043 679 3113 πρός
703 3060 727 3094 τι
757 3041 854 3103 15213

258 3133 349 3197 16326
371 3130 529 3195 1621822

202 3221 353 3275 συντελέω
367 3219 400 3278 είς
412 3237 435 3270 τι
448 3217 509 3282 218
525 3216 582 3281 124
598 3217 654 3282 127
671 3216 745 3279 1822
762 3215 855 3279 10523

254 3309 315 3382 πρός
333 3327 357 3360 τι
375 3308 435 3371 724
455 3306 512 3370 211
537 3304 609 3367 1421
633 3303 707 3368 1216
727 3303 787 3367 223
806 3307 855 3356 etc.

202 3394 370 3465 συντίθημι
380 3393 437 3459 211
450 3392 510 3457 723
524 3389 721 3455 1321415234
735 3390 854 3458 1523εη,

202 3486 385 3553 συντιτράω.
423 3481 448 3532 αἱ
466 3482 531 3551 τρεῖς
549 3476 697 3546 (αἰσθήσεις)
717 3477 737 3528 εί
756 3479 799 3529 καὶ
818 3478 853 3547 μή

253 3570 278 3631 ἐξ
298 3568 395 3627 είνθείας
413 3568 475 3641 πρὸς
492 3568 539 3637 τήν
558 3564 661 3637 καρδίαν
680 3566 854 3635 συντέτρηνται

254 3657 331 3722 9629

202 3745 364 3812 σῦντομος.
401 3743 530 3811 συντόμως
549 3740 668 3795 ἐκθέσθαι
686 3741 763 3804 9214

202 3833 330 3891 σῦσκιος
350 3832 443 3896 13218

202 3920 346 3979 σὺστασις
364 3918 446 3986 3219
484 3915 573 3989 πρώτη
593 3917 667 3987 ζῴων
690 3915 775 3979 7218
812 3917 855 3968 καλ

253 4010 356 4080 τήρησις
368 4008 442 4078 ήμῶν
456 4006 541 4059 αὐτῶν
563 4004 655 4068 15232
683 4003 776 4074 φυσική
798 4002 855 4065 184,

175 4139 176 4144 ,
256 4095 408 4160 1418219
445 4093 493 4147 ὑπο·
512 4091 667 4162 θερμότητος
690 4091 771 4153 5215
808 4109 854 4141 πα-

253 4182 333 4254 χῦτης
350 4183 393 4235 καί
412 4199 434 4235 σ.
453 4182 513 4246 429
547 4184 593 4232 τοῦ
611 4179 686 4249 ὑγροῦ
704 4179 765 4244 219
794 4179 854 4229 ποιά

253 4268 319 4339 μῖξις
338 4271 381 4322 καὶ
400 4285 421 4321 σ.
443 4268 517 4335 1219

118 4382 122 4391 ·
202 4356 360 4411 συστέλλω
380 4357 471 4423 7724
493 4357 585 4420 12214
606 4353 698 4417 14217

201 4443 335 4514 συστολή
354 4444 472 4513 σώματος
489 4444 515 4497 έν
531 4450 583 4501 τοῖς
601 4442 688 4512 φόβοις
709 4434 781 4505 1297
811 4441 854 4492 καλ

254 4533 354 4590 έκτασις
365 4531 482 4601 σώματος
500 4533 555 4604 περὶ
573 4529 601 4583 τὸ
615 4529 744 4600 σῦμφυτον
757 4534 853 4597 πνεῦμα

253 4621 382 4691 γινόμενον
405 4620 472 4685 725
508 4620 537 4678 ἃς
554 4624 658 4670 ποιεῖται
677 4620 709 4670 τὰ
728 4618 793 4669 κατὰ
812 4636 854 4687 γα-

254 4708 329 4778 στράς
347 4706 406 4760 όνπα
424 4706 498 4770 7421

202 4804 315 4868 σφαῖρα
332 4794 411 4860 4218

202 4883 317 4955 σφόδρα
335 4880 413 4948 8212
434 4880 526 4945 18222

1393 331 1405 385 1
1439 329 1564 384 INDEX

913 504 1053 575 σφοδρός.
1095 503 1189 573 σφοδρὰ
1213 502 1296 573 πληγή
1319 503 1404 566 5223
1442 503 1564 572 φαντασία

964 592 1073 656 72214
1102 592 1215 664 σφοδρῶς
1231 596 1295 644 κινεῖ
1310 590 1342 641 τὰ
1359 591 1431 659 ἐγγὺς
1448 590 1563 658 δρώμενα

967 681 1042 743 1472

912 767 1043 839 σφραγίς
1061 767 1122 832 728

913 855 1022 926 σχεδόν
1046 855 1112 920 524
1136 855 1215 919 7211
1240 855 1323 919 7219
1348 853 1445 918 10322
1467 852 1563 918 15227

966 942 1042 1009 1592
1064 942 1139 1004 1824

911 1035 1016 1101 σχῆμα
1041 1031 1112 1094 1121
1137 1028 1208 1094 1821
1231 1027 1308 1094 2022
1328 1028 1389 1091 325
1407 1028 1467 1091 829
1503 1043 1564 1096 opp.

964 1125 1037 1186 σῶμα
1056 1118 1116 1180 925
1145 1125 1199 1176 πῶς
1211 1118 1341 1188 σχήματος
1356 1115 1565 1186 ἀντιλαμβάνεται

964 1206 1021 1276 όψις
1041 1207 1161 1275 14212.

911 1293 1094 1368 σχηματίζω
1114 1294 1153 1358 21
1178 1292 1253 1359 1925
1275 1292 1367 1355 13215
1390 1291 1483 1354 13420

910 1382 1008 1455 σχίζω
1027 1382 1087 1445 925
1109 1380 1202 1446 12227

910 1470 1007 1540 σχολή
1027 1470 1104 1534 3023

910 1557 1001 1618 σώζω
1032 1557 1113 1621 1215
1144 1557 1275 1617 121316
1305 1555 1366 1619 126
1394 1554 1475 1619 1223
1502 1555 1564 1617 128

963 1644 1039 1709 2219
1051 1645 1128 1708 9823
1139 1648 1187 1697 etc.
1209 1642 1332 1705 σώζεσθαι
1344 1643 1395 1696 ἀπό
1407 1660 1474 1700 τινος
1489 1642 1564 1699 1724

909 1737 1005 1800 σῶμα.
1041 1738 1130 1803 πρῶτα
1154 1733 1260 1801 σώματα
1284 1733 1350 1797 224
1387 1729 1455 1783 ἁπλᾶ
1479 1729 1563 1794 2222

964 1820 1063 1883 10233
1092 1849 1124 1856 -
1150 1824 1235 1873 κοινοῦ
1259 1822 1302 1873 καλ
1320 1824 1428 1890 φυσικοῦ
1450 1834 1473 1871 σ.
1492 1816 1564 1886 λόγος

961 1905 989 1960 τὸ
1001 1912 1076 1979 τριχῇ
1087 1906 1218 1960 διαστατόν
1232 1908 1294 1974 μετὰ
1307 1906 1451 1964 ἀντιτυπίας
1471 1904 1563 1969 12215

961 1997 1050 2064 τὰμὲν
1064 1996 1165 2064 φυσικά,
1180 1997 1212 2048 τὰ
1230 1994 1256 2047 δὲ
1268 1996 1372 2068 τεχνικοί
1393 1992 1487 2059 10324
1514 1997 1563 2044 πᾶν

961 2089 1035 2152 σῶμα
1058 2081 1163 2153 φυσικὸν
1185 2082 1255 2135 οὐσία
1281 2082 1379 2146 12217
1417 2097 1439 2134 σ.
1457 2078 1564 2151 φυσικὸν

961 2169 988 2224 τὸ
1009 2172 1090 2245 ἀρχήν
1109 2170 1168 2240 έχον
1186 2171 1309 2240 κινήσεως
1327 2171 1353 2222 ίν
1370 2168 1439 2238 αῦτῷ
1465 2167 1563 2231 10230

962 2275 983 2311 σ.
1010 2257 1194 2329 συναμφότερον
1219 2259 1263 2310 καλ
1285 2256 1391 2326 ὕφεστὸς
1413 2253 1476 2308 καθ’
1500 2254 1563 2307 αὑτό

965 2347 1044 2412 1211
1083 2345 1168 2398 κοινόν
1191 2345 1273 2410 9226
1297 2375 1330 2383 -
1354 2343 1499 2412 κατασκευὴ
1517 2345 1563 2395 τοῦ

962 2433 1079 2502 σώματος
1106 2439 1150 2485 τοῦ
1177 2433 1224 2503 τὴν
1251 2432 1336 2506 ψυχὴν
1364 2431 1466 2506 ἔχοντος
1493 2429 1564 2496 220

960 2520 1092 2592 ὀργανικὸν
1104 2527 1178 2588 σῶμα
1194 2521 1313 2589 12103η.
1341 2519 1407 2571 αίτία
1419 2523 1466 2588 τῆς
1478 2516 1564 2590 ψυχῆς

960 2613 1005 2679 της
1017 2609 1137 2677 γενέσεως
1155 2609 1247 2672 10228
1274 2606 1402 2676 ἀποβαλὸν
1415 2607 1462 2676 τὴν
1476 2605 1562 2674 ψυχὴν

961 2695 1045 2748 οόκέτι
1076 2695 1207 2765 όργανικόν
1243 2696 1345 2760 12215
1396 2694 1443 2746 οίικ
1475 2692 1563 2744 α’ποιον

963 2783 1060 2843 11233
1096 2783 1203 2855 ἐνεργείᾳ
1222 2781 1250 2834 ὃν
1268 2785 1311 2835 καὶ
1330 2782 1503 2850 πεποιωμένον
1527 2781 1562 2832 11).

960 2876 1045 2925 κινοῦν
1064 2877 1175 2929 τοπικῶς
1193 2872 1237 2923 καί
1250 2876 1405 2939 σωματικῶς
1421 2874 1486 2921 κινεῖ
1504 2867 1561 2931 122,

960 2960 993 3012 32
1021 2959 1138 3027 σώματος
1155 2959 1218 3030 μέρη
1236 2958 1436 3029 συμπληρωτικὰ
1454 2959 1499 3009 τοῦ
1512 2955 1562 3007 σῶ·

960 3065 1038 3115 ματος
1074 3046 1158 3110 1228
1204 3048 1268 3118 μέρη
1299 3046 1417 3115 σώματος
1448 3045 1561 3115 προτιγῆ

962 3135 1063 3200 16214
1103 3133 1173 3204 τρίτα
1198 3135 1241 3185 καὶ
1264 3134 1431 3204 ἀνομοιομερῆ
1461 3129 1562 3195 16213

960 3251 992 3259 -
1015 3222 1141 3288 σωμάτων
1166 3217 1182 3291 ή
1207 3221 1313 3288 σώματα
1335 3217 1452 3289 διαφοραί
1475 3217 1519 3284 52
1528 3216 1561 3268 26

960 3308 996 3366 οίς
1013 3307 1123 3379 διαφέρει
1142 3308 1260 3375 σώματα,
1283 3307 1312 3360 οὐ
1332 3307 1439 3375 σώματα
1464 3303 1561 3367 11224

960 3413 981 3449 σ.
998 3395 1120 3466 ἀδιάφορα
1138 3394 1203 3447 καθὸ
1225 3394 1330 3463 σώματα
1352 3393 1444 3458 11222
1472 3408 1494 3445 σ.
1514 3391 1561 3462 οὐχ

960 3482 1048 3540 ἀπλῶς
1069 3483 1098 3534 έκ
1126 3482 1256 3551 σώματος,
1283 3481 1346 3535 ἀλλὰ
1372 3483 1402 3535 ἐκ
1424 3485 1470 3534 τοῦ
1497 3496 1562 3536 τινος

960 3571 1077 3638 σώματος
1098 3570 1178 3635 1222
1214 3569 1320 3638 σώματα
1339 3567 1490 3639 μεταβάλλει
1508 3584 1561 3619 κοι-

959 3661 1002 3726 νῆς
1030 3655 1091 3726 ὕλης
1118 3657 1284 3728 ὑποκειμένης
1311 3657 1408 3720 αὐτοῖς,
1439 3656 1482 3708 καὶ
1510 3655 1561 3708 έστι

958 3746 1024 3797 κατὰ
1041 3743 1070 3797 τό
1089 3745 1151 3804 είδος
1169 3746 1312 3798 ἐναντίωσιν
1330 3745 1421 3815 έχοντα
1438 3741 1500 3813 πρὸς
1518 3741 1561 3794 ἅλ-

958 3832 1023 3903 ληλα
1048 3832 1145 3898 12528
1165 3863 1197 3870 -
1217 3833 1306 3903 καρδία
1325 3831 1477 3902 δμοιομερής
1495 3830 1561 3882 κατὰ

957 3918 986 3972 τό
1012 3925 1100 3988 σῶμα,
1128 3920 1309 3992 ἀνομοιομερής
1332 3921 1399 3973 κατὰ
1421 3916 1449 3971 τὸ
1474 3922 1561 3988 σχῆμα

959 4006 1023 4071 925
1048 4037 1080 4044 -
1106 4023 1127 4060 σ.
1147 4009 1186 4060 διὰ
1204 4008 1322 4077 σώματος
1342 4007 1371 4060 οῦ
1391 4012 1473 4080 χωρεῖ
1497 4003 1560 4069 128

963 4093 1055 4160 11236
1091 4094 1181 4162 μεστὸν
1200 4095 1277 4148 αὺτοῦ
1296 4096 1356 4161 228
1390 4096 1415 4147 έν
1434 4099 1471 4164 τῷ
1491 4092 1559 4162 αῦτῷ

959 4181 989 4234 αἰ
1007 4180 1088 4234 πολλὰ
1101 4182 1207 4250 σώματα
1228 4183 1321 4245 12213
1349 4198 1371 4235 σ.
1391 4181 1431 4234 διὰ
1443 4181 1560 4249 σώματος

959 4267 1080 4322 ἀδῦνατον
1103 4269 1198 4339 διήκειν
1225 4269 1461 4334 13230-14128
1486 4298 1518 4306 -
1538 4283 1558 4318 σ.

958 4355 986 4410 τδ
1006 4360 1053 4427 τῆς
1070 4356 1154 4427 όψεως
1175 4357 1316 4422 1222232

906 4445 1092 4513 σωματικός.
1129 4461 1151 4496 σ.
1170 4444 1302 4514 άντέρεισις
1324 4443 1406 4507 2215
1443 4458 1464 4495 σ.
1484 4447 1558 4494 κινεῖν

959 4533 1043 4597 2227
1089 4538 1201 4589 τοπικῶς
1231 4532 1275 4584 καὶ
1302 4536 1457 4600 σωματικῶς
1483 4534 1557 4582 κινεῖν

958 4621 1071 4672 τουτέστι
1090 4620 1228 4687 ἀπτόμενον
1250 4619 1322 4685 1221

906 4707 1005 4778 σωρός
1022 4707 1100 4771 4722
1121 4706 1214 4772 11235

907 4795 1060 4852 σωστικός
1079 4794 1138 4857 926
1160 4794 1250 4857 15721

907 4881 1044 4952 σωτηρία
1062 4881 1139 4944 3214
1158 4881 1233 4946 7231
1256 4881 1316 4944 924
1334 4881 1412 4949 9215
