3540 5610
682 316 885 373 λυοκλυυυι
908 320 953 373 υτ
977 318 1087 375 Αυωλ
1526 323 1563 387 15

259 492 313 573 μὲν
336 492 391 576 γὰρ
413 493 531 578 ἡψυχὴ
554 495 603 555 καὶ
625 498 683 557 τῶν
699 493 834 557 ἐναντίων
850 493 1030 576 ἐπιδεκτική·
1054 492 1137 556 οὐδὲν
1161 491 1193 554 δὲ
1209 495 1394 580 συμβεβηκὸς
1409 493 1507 559 οὐσία·

259 592 302 656 ἔτι
326 619 357 658 τε
383 596 415 657 τὸ
444 596 496 678 μὲν
522 596 552 657 ἐν
575 595 756 680 ὑποκειμένῳ
784 597 836 658 τινὶ
860 594 913 658 οὐκ
940 592 1002 657 ἔστι
1028 599 1071 679 τῷ
1101 594 1282 679 ὑποκειμένῳ
1310 597 1390 683 αὐτῷ
1420 597 1510 661 αἰτιον
1537 616 1550 655 ο

258 701 311 759 τοῦ
333 696 428 779 εἶναι’,
453 698 570 761 δύναται
591 699 646 782 γὰρ
667 698 715 761 καὶ
738 700 829 782 χωρὶς
851 698 953 761 τούτου
976 695 1048 759 εἰναι
1070 697 1103 758 τὸ
1127 696 1312 778 ὑποκείμενον
1334 700 1430 786 αὐτῷ·
1466 708 1508 786 τῷ

257 800 291 861 δὲ
313 799 457 885 λρηανικῷ
481 803 609 884 σώματι,
636 801 666 863 ἐν
694 797 719 884 ᾧ
744 801 818 864 ἐστιν
847 803 865 884 ἡ
893 801 994 885 ψυχή,
1024 800 1056 861 τὸ
1086 798 1157 861 εἶναι
1185 800 1328 886 λργανικῷ
1357 803 1434 888 παρὰ
1456 809 1509 886 τῆς

156 890 161 895 ’
227 907 367 986 οψυχὴς.
402 900 462 965 ἀλλ’
490 902 558 966 οὐδὲ
581 907 622 970 ὡς
641 904 671 966 ἐν
695 907 738 988 τῷ
760 903 928 987 κεκραμένῳ
951 903 987 965 τὰ
1010 901 1040 971 ἐξ
1063 902 1103 963 ὧν
1123 901 1260 984 κέκραται
1282 905 1312 966 ἐν
1336 911 1378 990 τῷ
1396 909 1510 989 σώματι

257 1006 277 1087 ἡ
301 1008 394 1090 ψυχή.
429 1005 589 1090 οὐδὲνγὰρ
612 1012 669 1069 τῶν
691 1006 784 1074 οὕτως
808 1004 896 1068 ὄντων
919 1003 949 1067 ἔν
972 1026 1024 1066 τινι
1046 1000 1089 1065 ἔτι
1112 1005 1200 1075 σώζει
1223 1005 1274 1086 τὴν
1297 1007 1387 1071 αὑτοῦ
1409 1008 1507 1093 φύσιν·

259 1106 403 1193 οὔτεγὰρ
427 1111 442 1172 ὁ
465 1107 540 1178 οἰνος
566 1107 634 1171 οὔτε
656 1109 688 1170 τὸ
711 1107 776 1190 μέλι
802 1109 832 1170 ἐν
855 1113 897 1191 τῷ
921 1105 1073 1186 οἰνομέλιτι
1097 1109 1237 1181 σώ,εται,
1260 1110 1279 1190 ἡ
1302 1111 1335 1173 δὲ
1357 1112 1437 1196 ψυχὴ
1461 1113 1509 1174 καλ

259 1210 292 1271 τὸ
316 1216 404 1292 σῶμα
425 1209 577 1293 ἀμφότερα
604 1211 699 1295 ἐντῷ
730 1208 800 1294 ζῴῳ
825 1209 916 1292 μένει·
951 1207 993 1271 ἔτι
1015 1212 1095 1270 πᾶσα
1122 1214 1220 1292 κρᾶσις
1243 1214 1402 1292 σωμάτων,
1433 1215 1508 1276 ὥστε

257 1310 304 1396 εἰη
330 1312 363 1374 ἂν
387 1314 434 1375 καλ
457 1314 575 1398 ἡψυχὴ
600 1314 688 1396 σῶμά
702 1336 737 1375 τι.
772 1311 831 1375 ἀλλ’
852 1312 920 1376 οὐδὲ
943 1315 983 1379 ὡς
1006 1311 1213 1395 ὁκυβερνήτης
1235 1313 1264 1376 ἐν
1288 1320 1324 1397 τῇ
1348 1315 1394 1399 νηῒ
1416 1316 1549 1384 οὗτωςιυ
1593 1351 1597 1357 ·

214 1429 242 1472 ιο
257 1412 365 1477 οἷόντε
387 1414 459 1479 εἶναι
481 1417 534 1499 τὴν
556 1417 653 1501 ψυχὴν
676 1417 706 1478 ἐν
730 1421 770 1499 τῷ
787 1418 911 1497 σώματι.
949 1414 975 1476 εἰ
996 1415 1047 1496 μὲν
1070 1414 1124 1497 γὰρ
1147 1416 1196 1475 τὸν
1218 1415 1393 1500 κυβερνήτην
1416 1420 1509 1488 οὕτως

257 1518 400 1602 λαμβάνοι
423 1542 463 1587 τις
486 1522 527 1586 ιὐς
541 1520 593 1601 τὴν
616 1519 720 1602 τέχνην
743 1519 795 1601 τὴν
811 1517 1027 1601 κυβερνητικήν,
1050 1514 1096 1600 εἰη
1118 1514 1209 1583 αἰνῶς
1232 1517 1289 1586 ἕξις
1311 1543 1352 1588 τις
1367 1522 1414 1583 κοιλ
1431 1521 1508 1591 εἰόος

257 1621 286 1682 ἐν
311 1620 368 1703 ὕλη
391 1623 513 1706 ἡψυχὴ
537 1623 567 1685 ἐν
589 1645 632 1706 τῳ
656 1623 769 1703 σώματι
790 1620 898 1702 (οὕτως
919 1618 972 1702 λολρ
995 1620 1025 1681 αἱ
1046 1618 1117 1686 ἔξεις
1141 1618 1212 1681 εἰσὶν
1235 1619 1265 1680 ἐν
1288 1626 1348 1690 τοῖς
1371 1622 1411 1684 ὧν
1435 1624 1506 1687 εἰσιν

257 1723 342 1793 ἔξεις·
378 1725 531 1806 ἀσώματοί
554 1748 586 1787 τε
607 1726 662 1808 γάρ
688 1724 743 1787 εἰσι
770 1725 818 1785 κοιλ
845 1722 1004 1806 ἀχώριστοι
1032 1726 1089 1783 τῶν
1117 1721 1146 1781 ἐν
1170 1721 1213 1788 οἷς
1234 1723 1336 1806 εἰσιν),
1363 1726 1390 1786 εἰ
1412 1723 1437 1789 δ’
1466 1730 1507 1795 ὡς

257 1826 346 1889 αὐτὸν
368 1827 417 1889 τὸν
439 1828 616 1911 κυβερνήτην
643 1827 692 1889 τὸν
715 1822 822 1910 ἔχοντα
848 1825 899 1906 τὴν
923 1824 993 1896 ἕξιν,
1024 1825 1113 1907 σῶμα
1135 1837 1165 1885 τε
1188 1822 1268 1888 ἔσται
1291 1828 1310 1910 ὴ
1333 1830 1414 1913 ψυχή
1443 1829 1507 1910 (καλ

214 1946 240 1989 ιο
256 1931 312 2013 γὰρ
340 1932 356 1993 ὁ
379 1931 555 2015 κυβερνήτης
582 1929 655 2012 μετὰ
678 1927 842 2011 σώματος),
869 1928 916 1989 καὶ
943 1924 1023 1989 ἔσται
1050 1924 1081 1989 ἔν
1108 1950 1161 1988 τινι
1184 1926 1265 2010 μέρει
1292 1935 1342 1992 τοῦ
1371 1934 1507 2012 σώματος

255 2031 476 2117 ἀποκεκριμένην
504 2035 545 2100 ὡς
567 2032 597 2094 ἐν
619 2031 712 2116 τόπῳ,
736 2030 789 2092 υύκ
811 2027 891 2092 ἔσται
913 2053 945 2091 τε
968 2034 1024 2091 πᾶν
1050 2031 1083 2091 τὸ
1112 2035 1198 2113 σῶμα
1226 2032 1324 2116 ψυχὴν
1347 2031 1416 2118 ἕχον
1439 2033 1548 2099 οὐὸὲιο

255 2136 409 2218 συμπαθὲς
431 2136 528 2218 ἑαυτῷ
557 2133 625 2197 οὐδὲ
647 2130 716 2218 ἕχον
740 2131 944 2215 συναίσθησιν·
979 2130 1021 2194 ἔτι
1044 2155 1074 2194 τε
1098 2133 1146 2217 βία
1174 2131 1209 2195 ἂν
1231 2131 1324 2218 κινιβη
1352 2138 1384 2198 τὸ
1408 2143 1506 2221 σῶμα,

255 2236 371 2302 ὀύναιτό
393 2261 425 2300 τε
447 2236 481 2300 ἂν
504 2234 577 2300 οὖσα
599 2236 717 2320 ἡψυχὴ
741 2234 857 2318 τοιαύτη
882 2235 929 2297 καλ
951 2234 1135 2320 χωριζομένη
1158 2239 1208 2298 τοῦ
1231 2238 1367 2319 σώματος
1389 2240 1507 2305 εἰσιέναι

256 2345 342 2404 ταλιν
365 2342 405 2409 εἰς
427 2339 513 2414 αὐτό,
540 2343 581 2408 ὡς
603 2340 636 2401 τὸ
658 2337 729 2401 αὐτὸ
757 2342 844 2420 σῶμα
871 2337 941 2399 ποτὲ
964 2339 1015 2418 μὲν
1038 2334 1170 2422 ἔμψυχον
1192 2337 1279 2414 εἰναι,
1308 2340 1378 2402 ποτὲ
1400 2344 1432 2405 δὲ
1455 2346 1506 2429 μή.

212 2461 243 2505 20
256 2446 298 2514 τίς
320 2466 351 2506 τε
374 2445 394 2526 ἡ
417 2444 504 2515 αἰτία,
528 2439 563 2505 δι’
592 2442 626 2524 ἡν
648 2438 777 2503 τοιοῦτόν
800 2463 826 2502 τι
846 2437 918 2504 οὖσα
941 2441 960 2523 ἡ
980 2439 1061 2524 ψυχὴ
1084 2438 1200 2504 εἴσεισιν
1222 2442 1264 2511 εἰς
1286 2444 1318 2505 τὸ
1340 2449 1436 2526 σῶμα,
1459 2449 1507 2510 καί

255 2550 297 2617 τίς
319 2553 371 2629 τὴς
395 2544 510 2609 εἰσόδου
534 2542 652 2627 τρόπος
686 2544 734 2607 καλ
756 2543 785 2604 τί
806 2547 856 2605 τοι]
884 2542 1036 2625 συμμένειν
1059 2541 1164 2617 αἴτιον,
1195 2546 1242 2607 καὶ
1270 2546 1343 2608 πολὺ
1366 2547 1505 2632 πρότερον

256 2650 299 2713 ἔτι
321 2651 363 2717 τίς
385 2651 403 2732 ἡ
427 2648 511 2710 οὐσία
533 2646 623 2729 αὐτῆς
645 2647 693 2708 καὶ
716 2648 735 2728 ἡ
758 2644 857 2728 φύσις;
880 2644 953 2707 εἰτέ
975 2645 1051 2708 ἐστιν
1074 2646 1193 2730 ἡψυχὴ
1218 2649 1258 2715 ὡς
1280 2649 1296 2711 ὁ
1319 2650 1506 2735 κυβερνήτης,

255 2753 315 2838 οὐχ
337 2756 378 2821 ὡς
400 2749 636 2835 ἡκυβερνητικὴ,
659 2747 706 2831 εἰη
729 2747 763 2811 ἂν
786 2750 834 2810 καλ
854 2747 928 2830 αὐτὴ
952 2747 981 2816 ἐξ
1004 2749 1073 2830 ὕλης
1095 2750 1142 2811 καὶ
1165 2747 1259 2819 εἴδους
1280 2749 1365 2827 τινός,
1389 2753 1404 2815 ὃ
1428 2753 1504 2823 εἰόος
1518 2773 1547 2814 υυ

255 2854 303 2940 εἴη
327 2855 361 2918 ἂν
384 2854 512 2937 ἡψυχὴ,
534 2850 607 2933 εἴγε
629 2847 695 2933 παρ’
724 2849 758 2913 οὗ
781 2851 813 2913 τὸ
829 2849 900 2912 εἶναι
924 2851 1086 2935 κυβερνὴτη
1109 2850 1202 2934 αὐτὴ,
1229 2852 1307 2935 παρὰ
1329 2854 1433 2918 τούτου
1456 2861 1504 2922 καί

214 2961 289 3021 αττὸ
313 2958 385 3021 εἶναι
407 2960 505 3042 ψυχῇ·
540 2955 614 3016 κατὰ
635 2952 688 3035 γὰρ
714 2954 747 3015 τὸ
770 2951 846 3022 εἶδος
874 2954 988 3036 ἑκάστῳ
1017 2954 1049 3014 τὸ
1073 2952 1144 3016 εἶναι
1172 2959 1256 3017 τοῦτο
1281 2955 1298 3017 ὅ
1320 2957 1393 3021 ἐστι·
1428 2963 1506 3044 παρὰ

256 3064 291 3126 οὲ
310 3065 361 3125 τοῦ
385 3059 491 3130 εἴδους,
514 3057 547 3120 οὐ
563 3056 641 3139 παρὰ
663 3060 714 3138 τῆς
736 3056 807 3138 ὅλης
830 3061 871 3139 τῷ
887 3057 1051 3141 ουβερνήτη
1075 3057 1108 3119 τὸ
1123 3057 1285 3141 κυβερνήτῃ
1307 3058 1390 3124 εἰναι.
1424 3063 1451 3125 εἰ
1473 3065 1506 3126 δὲ

256 3165 330 3229 κατὰ
347 3163 457 3248 μηδένα
480 3168 536 3224 τῶν
552 3157 767 3244 προειρημένων
790 3155 904 3240 τρὸιιων
928 3157 1035 3221 οἷόντε
1056 3157 1127 3221 εἰναι
1149 3159 1201 3242 τὴν
1217 3162 1315 3245 ψυχὴν
1338 3163 1426 3249 ἐντῷ
1450 3168 1505 3229 σώ-

256 3291 335 3350 ματι,
358 3265 476 3330 λείποιτ’
497 3264 531 3328 ἂν
546 3265 579 3327 τὸ
602 3261 675 3325 εἶναι
694 3261 785 3343 αὐτὴν
808 3261 837 3323 ἐν
853 3261 933 3346 αὐτῷ
952 3264 992 3329 ὡς
1006 3259 1093 3336 εἶδος,
1108 3261 1139 3325 εἰ
1150 3285 1183 3344 γε
1204 3262 1281 3332 εἶδος
1304 3265 1355 3348 μὲν
1371 3267 1504 3341 ἑκάστου,

255 3366 324 3432 καθ’
354 3367 371 3430 λ’
393 3369 560 3455 ἐστιτοῦτο
583 3364 601 3428 ὅ
623 3366 697 3439 ἐστι,
720 3363 794 3427 κατὰ
815 3364 848 3426 δὲ
869 3363 921 3446 τὴν
944 3365 1043 3447 ψυχὴν
1065 3365 1098 3427 τὸ
1123 3368 1200 3450 ζῷον
1225 3367 1302 3450 ζῷόν
1325 3368 1395 3432 ἐστι.
1441 3370 1505 3433 ἐπεὶ

202 3629 218 3677 λὶ
234 3626 283 3695 τὴν
301 3624 379 3677 αυτοῦ
398 3622 481 3694 φυσιν]
501 3625 572 3676 seine
590 3622 680 3685 Natur,
699 3622 749 3673 die
768 3637 800 3674 es
819 3620 1003 3686 specificirt
1101 3622 1116 3671 7
1135 3621 1148 3673 λ
1167 3622 1243 3692 οἶνοι]
1265 3625 1370 3679 λλλυευω
1468 3630 1483 3680 9
1503 3628 1554 3681 ἀλλ’

201 3712 269 3780 α’νλί]
288 3712 373 3764 addit:
392 3727 466 3763 wenn
486 3728 513 3763 es
531 3711 586 3763 sich
605 3724 633 3761 so
653 3704 774 3761 νυιλνίυλίο
883 3708 984 3759 λῖν-16
1013 3711 1055 3760 καλ
1074 3709 1269 3780 ἔσται-τόπῳ]
1289 3715 1327 3765 sie
1346 3719 1412 3766 κῖιτυ
1432 3716 1558 3784 begriffen

202 3801 228 3852 in
246 3801 332 3853 einem
353 3800 398 3851 der
416 3797 520 3851 λλλίειλοι
538 3797 584 3849 des
604 3796 703 3859 Ιιαίλιω,
722 3798 749 3848 in
768 3797 819 3848 ihm
839 3796 1047 3863 alvgeschlossml,
1067 3798 1114 3850 wie
1132 3799 1175 3849 ein
1196 3798 1265 3867 Ding
1283 3802 1311 3852 in
1329 3804 1411 3853 einem
1434 3802 1496 3855 Orto
1513 3805 1557 3857 ab·

202 3888 368 3947 tesehlossen
387 3888 422 3938 ist
531 3885 558 3936 17
579 3884 615 3935 ἔτι
632 3882 724 3935 τε-τὸ
743 3889 816 3950 σῶμα
836 3899 887 3936 om.
994 3882 1028 3936 '20
1048 3885 1085 3940 τίς
1102 3902 1130 3936 τε
1148 3885 1164 3954 ὴ
1183 3885 1314 3939 αἰτία-τὸ
1334 3888 1419 3957 σῶμα]
1440 3891 1558 3944 Welches

202 3980 265 4027 τῖιιυ
284 3975 327 4027 die
345 3973 457 4026 Ursache
476 3972 517 4024 ῑιίι
535 3973 576 4023 die
595 3971 680 4035 Seelu,
699 3971 758 4023 dass
777 3972 818 4022 ihr
837 3971 953 4023 Znstand
973 3985 1000 4022 so
1021 3969 1275 4040 [werde],11asssie
1294 3977 1321 4026 in
1341 3977 1391 4029 (len
1411 3978 1474 4031 Leib
1492 3983 1558 4031 trete

202 4062 230 4113 21
260 4066 306 4113 τοῦ
326 4059 469 4129 συμμένειν]
493 4061 561 4112 ihtes
582 4059 760 4111 Aufenthaltes
779 4060 806 4110 iu
825 4060 876 4110 ihm
896 4059 950 4110 und
970 4058 1091 4110 Bleibens
1110 4060 1138 4110 in
1156 4059 1208 4111 ihm
1316 4064 1349 4115 22
1377 4064 1401 4116 εἴ
1416 4064 1455 4133 τε]
1474 4065 1559 4118 semer

202 4166 274 4203 ιιυιιιι
383 4148 416 4199 22
436 4148 471 4205 ὡς
489 4163 539 4199 om.
646 4145 749 4198 24-‘25
768 4145 792 4198 εἴ
808 4144 961 4218 γε-ψυχὴ]
981 4146 1079 4197 dadas
1098 4145 1168 4213 Ding
1185 4149 1304 4201 wodurch
1323 4150 1368 4203 der
1386 4152 1558 4206 Steuermann

201 4238 279 4290 selbst
298 4239 347 4301 ist,
370 4251 423 4287 κατ
442 4252 468 4288 er
488 4238 534 4300 ist,
557 4235 674 4287 dasselbe
697 4235 745 4299 ist,
769 4234 887 4285 wodurch
912 4234 953 4285 die
972 4232 1045 4285 βουλε
1068 4234 1103 4285 ist
1152 4246 1160 4263 “
1208 4234 1241 4287 25
1270 4237 1381 4308 ἑκάστῳ]
1402 4239 1475 4308 jeder
1498 4256 1557 4292 von

203 4324 319 4386 Beislen
432 4323 465 4374 26
484 4322 510 4375 λλ
529 4322 607 4391 (τοῡ)]
627 4322 739 4374 ιιῖιυιλίυλι

264 4465 494 4473 --.-.-.-.-..---.-
506 4466 541 4471 -.-
559 4466 569 4470 ..
595 4465 602 4470 .

201 4554 216 4597 3
232 4552 279 4621 γὰρ
298 4566 351 4603 om.
371 4550 395 4602 K
502 4551 517 4599 6
537 4548 614 4600 αυτοῦ
633 4549 737 4616 scripsi:
757 4547 834 4600 αὐτοῦ
855 4550 917 4601 λ’Κιι
1024 4549 1038 4600 7
1057 4549 1086 4602 τὸ
1105 4549 1161 4618 μέλι
1179 4551 1215 4601 V:
1234 4550 1263 4603 τὸ
1283 4553 1328 4619 μὲν
1345 4551 1402 4621 μέλι
1420 4553 1460 4606 Ka

201 4637 322 4710 ὃκράσις
342 4637 407 4690 λ’Κα
469 4637 496 4688 ll
519 4636 714 4708 κυβερνητικὴν]
733 4636 782 4705 τήν
800 4637 828 4689 in
848 4636 886 4689 lit.
901 4638 919 4687 V
982 4637 1012 4688 1ss
1031 4637 1141 4690 fortasse
1159 4638 1345 4713 ἀποκεκριμένη
1407 4640 1437 4692 17
1456 4641 1497 4711 βία
1517 4644 1557 4696 Ka

201 4727 277 4795 κινῳη
298 4726 336 4777 V:
357 4723 439 4792 κινώη
459 4723 499 4775 Ka
572 4722 603 4775 18
622 4722 722 4775 ὃίιναιτό
740 4723 779 4793 τε]
800 4723 832 4776 cf.
851 4722 888 4775 ἔτι
899 4742 926 4776 τε
946 4741 970 4792 ρ.
984 4726 1059 4789 λλ,14
1078 4725 1150 4778 υὺλέν
1162 4745 1189 4778 τε
1211 4728 1318 4781 1³28r20
1337 4729 1363 4780 ἐν
1376 4730 1556 4801 ἀσφαλεστάτῳ

201 4829 226 4863 τι
243 4811 298 4864 κτλ
320 4809 429 4864 141τῖ8
501 4809 536 4864 20
553 4804 649 4863 εἴσεισιν
669 4811 721 4863 Ka:
740 4811 824 4864 τίσισιν
844 4813 864 4864 V
937 4812 967 4863 21
988 4818 1034 4864 του
1052 4829 1094 4865 ex.
1111 4815 1195 4866 Victa
1214 4814 1243 4866 τὸ
1264 4816 1326 4867 λ’λία
1397 4818 1430 4869 23
1450 4817 1514 4888 αὐτη
1535 4820 1554 4871 λ’

202 4898 232 4949 24
250 4898 313 4971 αὒτή
333 4914 361 4951 a:
382 4916 445 4967 αυτη
469 4899 488 4949 V
596 4898 629 4953 25
648 4900 720 4971 ψυχή
738 4902 844 4968 scripsi:
864 4900 934 4970 ψυχή
954 4900 991 4950 Va
1098 4903 1130 4952 ’2λὶ
1151 4902 1292 4980 κυβερνήτη
1312 4903 1373 4956 εἶναι
1391 4922 1407 4957 α
1425 4906 1464 4971 (ut
1483 4907 1528 4973 ⁴24)
