3540 5610
680 305 759 362 HEP!
779 304 1014 362 ΕΙΜΑΡΜΕΝΗΣ
1037 310 1101 362 1-·2
1511 313 1571 376 165

264 481 372 558 αργών.
405 475 467 538 ἐπεὶ
490 476 522 538 δὲ
544 477 628 538 ἐνίων
643 479 795 558 δογμάτιυν
810 477 856 561 (ἡ)
872 482 1036 562 κατασκευὴ
1054 480 1099 543 διὰ
1115 483 1167 564 τὴν
1183 483 1253 566 πρός
1270 482 1335 549 τοὺς
1351 484 1390 564 μὴ
1409 482 1517 563 δμοίως

265 577 400 658 λέγοντας
416 579 576 660 ἀντιλογίαν
591 581 698 661 γίνεται
713 581 900 664 φανερωτέρα
911 582 967 661 (ὧν
983 583 1014 643 ἐν
1029 588 1088 649 τοῖς
1105 586 1229 665 μάλιστα
1245 583 1308 646 κατ’
1326 583 1413 645 αὐτοῦ
1430 598 1483 640 ιι*
1498 599 1517 640 ιε
1531 600 1558 640 ισ

266 704 297 742 τε
317 679 375 743 εἱεν
397 681 526 763 μείζωὴ
548 681 621 743 κατὰ
642 683 694 764 τὴν
711 681 928 766 Ἀριστοτέλους
943 683 1026 751 δόξαν
1047 686 1161 766 εἰπεῖν),
1185 687 1343 768 ποιήσομαι
1362 687 1410 748 τόν
1431 684 1515 766 λόγον

266 783 337 864 πρὸς
359 783 426 850 τοὺς
449 781 507 866 οὐχ
530 783 638 864 ὁμοίως
660 784 762 868 ἐκείνῳ
785 787 849 867 περὶ
872 785 981 847 τούτων
1004 786 1166 869 εἰρηκότας.
1191 787 1270 856 ὅπως
1293 788 1323 849 ἐν
1347 793 1383 870 τῇ
1400 793 1456 849 τῶν
1472 792 1516 850 λε·

227 905 242 952 5
261 885 392 966 γομένων
415 885 574 968 παραθέσει
590 889 789 970 φανερώτερον
806 888 872 966 ὑμῖν
887 888 1015 970 τάληθὲς
1029 889 1153 970 γένηται.
1187 888 1247 952 ἔστι
1264 891 1295 952 δὲ
1310 892 1329 972 η
1347 896 1403 951 τῶν
1420 890 1514 972 λόγων
1529 907 1555 949 ιε

262 992 320 1049 τῶν
341 985 490 1069 ἡμετέρων
507 987 672 1071 προαίρεσις
686 986 721 1049 οὐ
737 989 808 1071 πρδς
823 988 956 1057 ἐπίδειξιν
972 997 1131 1060 νενευκυῖα,
1156 991 1230 1053 ἀλλὰ
1246 993 1317 1074 πρὸς
1333 991 1459 1060 ἐξέτασίν
1483 1017 1514 1055 τε

264 1090 312 1152 καὶ
340 1089 523 1151 διδασκαλίαν
551 1095 610 1151 τῶν
637 1089 833 1173 προκειμένων
863 1091 1077 1174 ἀκριβεστέραν,
1111 1094 1145 1175 ἣν
1180 1095 1227 1154 καὶ
1255 1094 1330 1176 ὑμᾶς
1353 1097 1437 1155 πᾶσιν
1472 1095 1516 1163 οἷς

263 1192 407 1276 πράσσετε
422 1193 491 1276 ὁρᾶν
510 1190 618 1255 ἔνεστιν
634 1192 827 1276 ἐζηλωκότας.
863 1193 997 1276 οὐδεμίαν
1020 1199 1087 1273 γοῦν
1104 1195 1203 1277 πρᾶξιν
1219 1195 1302 1275 ὑμῶν
1318 1192 1393 1256 ἔστιν
1409 1196 1514 1279 εὑρεῖν,

264 1295 282 1376 ἢ
306 1294 357 1376 τὴν
381 1293 539 1376 φαντασίαν
563 1294 618 1377 πρδ
641 1299 694 1376 τῆς
715 1295 855 1376 ἀληθείας
878 1295 986 1358 σκοπδν
1009 1298 1171 1380 πεποίηται.
1216 1297 1242 1359 εί
1265 1297 1296 1358 δέ
1317 1320 1342 1359 τι
1358 1297 1431 1360 κατὰ
1447 1319 1515 1382 σχο·
1529 1317 1557 1358 ευ

213 1418 244 1463 ιο
262 1398 316 1477 λην
343 1397 565 1480 ἐντυγχάνουσιν
594 1397 661 1479 ὑμῖν
688 1401 730 1480 τῷ
758 1397 860 1480 βιβλίῳ
888 1398 1000 1459 δεῖσθαι
1027 1397 1102 1467 δόξει
1134 1399 1259 1481 ῥηθῆναι
1286 1402 1514 1482 γνωριμώτερον,

266 1500 336 1568 ἀξιῶ
358 1499 517 1581 τιμηθῆναι
540 1499 588 1560 καὶ
610 1499 701 1582 ταότη
724 1504 761 1580 τῇ
787 1504 855 1582 τιμῇ
879 1501 952 1583 πρός
975 1500 1056 1580 ὑμῶν
1079 1502 1126 1562 καὶ
1148 1501 1297 1584 γραφῆναί
1314 1524 1362 1580 μοι
1377 1503 1441 1584 περὶ
1457 1508 1514 1564 τῶν

264 1601 461 1684 ζητουμένων·
484 1599 554 1664 οὐδὲ
569 1601 623 1685 γὰρ
640 1600 737 1685 ροζιδιον
760 1602 853 1665 πάντα
876 1606 1005 1684 γνώριμα
1029 1608 1149 1684 ποιῆσαι
1173 1604 1207 1664 δι’
1236 1603 1300 1671 ἑνός
1316 1603 1426 1687 βιβλίου
1441 1604 1555 1667 αὐτάιε

262 1729 293 1768 τε
315 1707 351 1768 τὰ
373 1704 547 1787 προκείμενα
568 1705 617 1767 καὶ
640 1704 682 1773 οἱς
705 1727 747 1772 τις
768 1709 876 1788 χρῆται
901 1705 973 1788 πρὸς
995 1706 1047 1788 τὴν
1072 1705 1190 1786 μήνυσιν
1214 1704 1321 1767 αὐτῶν.

346 2109 388 2174 Tb
416 2112 466 2194 μὲν
494 2108 545 2173 οὖν
571 2108 645 2172 εἶναί
670 2133 697 2172 τι
723 2111 774 2193 τὴν
801 2109 978 2192 εἱμαρμένην
1005 2111 1053 2171 καλ
1080 2108 1173 2171 αἰτίαν
1201 2109 1273 2172 εἶναι
1300 2113 1351 2172 τοῦ
1378 2111 1513 2191 γίνεσθαί
1530 2120 1552 2171 ΙΙ

260 2318 344 2380 κενδν
366 2314 429 2378 οὐδ’
457 2314 584 2398 ἄστοχον
607 2313 754 2395 τάληθοῦς
777 2317 796 2394 ἡ
819 2314 900 2395 κοινη
923 2317 981 2374 τῶν
1004 2314 1169 2396 ἀνθρώπων
1185 2314 1278 2397 φόσις,
1299 2313 1368 2376 καθ’
1396 2316 1431 2397 ἣν
1448 2319 1514 2399 περί

261 2442 348 2481 τινων
370 2418 558 2500 δμοδοὶοῦσιν
580 2417 727 2499 ἀλλήλοις,
751 2414 813 2477 όσοι
836 2438 869 2496 γε
890 2414 985 2478 αὐτῶν
1010 2417 1049 2497 μὴ
1073 2417 1121 2478 διά
1143 2439 1219 2483 τινας
1241 2417 1513 2501 προκαταβεβλημέ-

260 2544 310 2590 νας
333 2520 416 2590 δόξας
438 2517 486 2604 ὑφ’
518 2519 521 2602 γ
547 2519 643 2581 αὐτῶν
666 2517 713 2581 διὰ
735 2519 767 2581 τδ
791 2520 896 2588 σώζειν
921 2518 1078 2602 βούλεσθαι
1108 2519 1159 2600 τὴν
1183 2519 1253 2601 πρὸς
1277 2517 1366 2586 αὐτὰς
1393 2520 1547 2584 ἀκολου-6

261 2624 326 2686 θίαν
349 2622 445 2692 άλλως
469 2623 679 2703 ἀναγκάζονται
702 2620 808 2702 λέγειν·
836 2617 873 2683 δι’
905 2620 941 2701 ἢν
968 2621 1060 2682 αἰτίαν
1083 2621 1151 2683 οὐδὲ
1176 2618 1370 2701 Ἀναξαγόρας
1398 2620 1414 2681 δ
1438 2620 1514 2686 Κλα-

205 2746 240 2793 20
260 2725 401 2806 ζομένιος,
424 2725 517 2787 καίτοι
540 2721 632 2786 τᾶλλα
654 2723 694 2784 ιδν
718 2721 748 2783 ἐν
771 2725 831 2790 τοῖς
853 2723 904 2803 τὴν
931 2723 1053 2804 φυσικὴν
1081 2723 1252 2806 φιλοσοφίαν
1280 2723 1512 2806 φιλοσοφήσασιν
1538 2745 1553 2787 ε

260 2828 314 2891 οόκ
337 2826 559 2911 άπερριμμένος,
582 2826 636 2887 οὐκ
659 2823 822 2893 ἀξιόπιστος
844 2826 1062 2907 ἀντιμαρτυρῶν
1089 2828 1126 2905 τῇ
1154 2829 1236 2906 κοινῇ
1261 2828 1319 2886 τών
1343 2825 1509 2908 ἀνθρώπων

259 2930 351 2993 πίστει
373 2931 438 3013 περὶ
461 2927 652 3011 εἱμαρμένης·
675 2926 751 3007 λέγει
773 2925 828 3008 γὰρ
851 2924 934 2994 οὗτός
956 2949 989 3007 γε
1012 2927 1101 3008 μηδὲν
1125 2933 1182 2987 τῶν
1205 2927 1361 3008 γινομένων
1384 2929 1513 3009 γίνεσθαι

257 3030 324 3096 καθ’
352 3030 541 3116 εἱμαρμένην,
562 3026 627 3091 ἀλλ’
655 3027 727 3090 εἶναι
750 3029 831 3090 κενδν
854 3031 939 3090 τοῦτο
961 3025 1112 3110 τοῦνομα),
1136 3029 1164 3090 τί
1184 3029 1216 3092 δέ
1239 3028 1302 3091 ποτ’
1329 3030 1406 3092 ἐστὶν
1429 3033 1447 3113 ί,
1476 3035 1512 3095 εἱ-

258 3136 390 3220 μαρμένη
412 3135 459 3197 καὶ
484 3133 514 3194 ἐν
537 3133 620 3212 τίσιν,
642 3129 742 3194 οὐκέθ’
775 3128 822 3213 [οὐ
846 3131 901 3213 γὰρ
927 3129 1013 3211 μόνον
1041 3130 1094 3193 οδκ
1121 3132 1257 3214 ἀλληλοις
1280 3131 1414 3205 ἅπαντες,
1442 3132 1507 3195 ἀλλ’
1528 3152 1555 3194 ιο

205 3259 239 3308 25
256 3237 338 3322 οὐδὲ]
361 3239 381 3320 η
403 3242 461 3298 τῶν
485 3236 650 3319 ἀνθρώπων
673 3233 754 3316 κοινὴ
783 3234 926 3317 πρόληψις
953 3232 1036 3314 ἱκανὴ
1068 3238 1152 3296 τοῦτο
1180 3238 1315 3317 μηνῦσαι.
1365 3233 1432 3296 οὔτε
1459 3235 1512 3316 γὰρ

256 3341 395 3423 ἀλλήλοις
416 3338 551 3415 ἅπαντες,
580 3332 644 3400 ἀλλ’
673 3334 741 3397 οὐδὲ
767 3335 854 3404 αὐτὸς
881 3335 962 3419 αὑτῷ
990 3358 1031 3403 τις
1058 3335 1124 3419 περὶ
1151 3335 1241 3418 αὐτῆς
1263 3336 1319 3398 αἱελ
1344 3334 1453 3420 [αὐτῷ]
1477 3336 1513 3399 τὰ

253 3441 328 3505 αὐτὰ
350 3441 472 3512 δοξάζει.
517 3440 589 3520 πρὸς
611 3436 664 3520 γὰρ
687 3437 753 3506 τοὺς
777 3437 892 3520 καιρούς
915 3460 946 3500 τε
970 3439 1016 3500 καὶ
1046 3437 1097 3505 τὰς
1123 3440 1320 3520 περιεστώσας
1349 3439 1441 3521 τόχας
1463 3440 1510 3500 καὶ

207 3741 333 3810 Ῑὴιιιίιλ
354 3738 424 3791 Diels
531 3736 566 3806 μὴ
587 3733 674 3787 V²a¹⁹x
699 3751 748 3788 om.
769 3737 817 3784 V¹:
837 3735 865 3784 in
883 3734 962 3786 lit.B
1075 3733 1235 3802 θάντιλογια
1254 3736 1292 3787 sic
1312 3736 1345 3785 V¹
1366 3738 1440 3798 (corr.
1461 3733 1519 3797 V²):
1539 3735 1564 3786 ἐν

204 3843 344 3912 ἀντιλογίαν
362 3845 384 3894 Β
487 3837 605 3907 μάλιστα]
628 3854 666 3904 pr.
686 3856 702 3888 ιι
720 3839 748 3890 in
767 3838 805 3889 lit.
825 3841 848 3887 V
956 3837 1075 3888 lacunam
1094 3838 1210 3890 indicavi
1311 3840 1327 3891 3
1346 3839 1384 3907 τε]
1404 3827 1444 3891 τεί
1460 3815 1508 3891 είεν
1526 3841 1564 3903 (in

205 3947 255 4000 mg.
273 3947 298 3982 τι
315 3934 346 3981 ut
363 3929 465 3981 videtur
483 3943 507 3978 ν.
521 3929 554 3989 ο.)
567 3930 599 3976 V:
623 3942 660 3977 τει
678 3943 726 3977 ειεν
746 3926 783 3976 εἰσ
796 3928 831 3976 B:
851 3924 875 3975 τί
893 3923 941 3975 εἱεν
954 3924 1040 3977 HSa‘2:
1065 3924 1112 3977 εἷεν
1135 3927 1172 3988 (in
1192 3942 1242 3994 mg.
1261 3926 1398 3996 εἰρηκότες)
1412 3931 1447 3978 E:
1466 3928 1489 3978 τί
1507 3926 1564 3995 εἴηὶ

204 4022 241 4070 K:
261 4017 287 4070 τί
304 4017 342 4086 εἴη
361 4015 392 4068 ἂν
410 4017 469 4070 Cas.
483 4018 518 4068 0:
538 4011 610 4065 οὐδὲν
628 4013 697 4079 οἶμαι
714 4013 739 4063 a'
759 4011 841 4063 Lond.
949 4012 1032 4078 μεῖζον
1052 4015 1110 4064 Cas.
1217 4013 1233 4081 ἦ
1254 4013 1304 4064 8¹²:
1324 4032 1345 4065 ει
1364 4015 1424 4080 (sic)
1443 4018 1493 4066 VH

204 4103 293 4172 τι-ἠ
314 4119 364 4155 om.
383 4103 403 4156 G
421 4115 504 4154 vacuo
522 4100 611 4152 relicto
635 4099 665 4151 10
684 4099 734 4151 litt.
845 4098 892 4167 τὴν
911 4113 960 4148 om.
980 4101 1003 4151 0
1110 4100 1126 4150 4
1146 4099 1288 4168 εἰρηκότας]
1314 4118 1343 4157 ας
1364 4102 1392 4152 in
1411 4101 1450 4152 lit.
1470 4104 1493 4150 V

204 4193 219 4245 5
247 4193 308 4261 ἡμῖν
335 4189 377 4242 2¹²
516 4188 532 4240 6
560 4192 706 4240 νευνευκυῖα
730 4189 753 4235 V
865 4184 881 4235 8
904 4185 1037 4256 πράσσεται
1065 4187 1093 4236 a²
1200 4186 1270 4255 γοῦν]
1299 4185 1342 4238 οὖν
1361 4187 1394 4239 E:
1422 4189 1510 4256 γδρΟ

203 4279 268 4331 ἐστιν
288 4282 312 4328 V
431 4276 447 4327 9
470 4275 486 4344 ἢ
506 4274 615 4338 V(infrn
640 4275 800 4331 versum)a¹:
828 4273 854 4324 ἐν
876 4269 893 4341 ᾖ
918 4272 973 4325 a²0
1131 4272 1269 4343 πεποίησθε
1294 4274 1352 4326 Cas.
1376 4278 1398 4327 0
1540 4292 1563 4325 τι

203 4381 255 4418 om.
272 4364 302 4416 α’
444 4362 477 4414 10
503 4361 564 4430 ἡμῖν
588 4360 615 4412 ³²
768 4357 864 4411 δεῖσθαι
886 4373 936 4409 οιυ.
959 4358 987 4409 ³¹¹
1129 4359 1193 4419 δόξει
1211 4360 1303 4411 V²a¹²¹z
1331 4358 1400 4418 δόξαι
1424 4362 1471 4410 V¹:
1499 4359 1563 4420 δόξει

201 4451 280 4516 (τινὰ)
307 4450 375 4504 coni.
401 4452 423 4502 O
531 4446 639 4518 ῥηθῆναι
659 4446 707 4500 δεῖν
727 4445 784 4498 Cas.
906 4447 934 4496 11
965 4445 1025 4514 πρὸς
1044 4447 1109 4497 Va¹:
1138 4442 1199 4515 παρ’
1219 4447 1247 4498 α2
1356 4447 1386 4497 12
1415 4446 1507 4518 ράδιων
1528 4447 1562 4496 V¹

202 4542 280 4603 (corr.
302 4536 347 4599 vr)
439 4537 470 4587 14
489 4536 521 4587 ad
541 4537 677 4602 sequentia
695 4533 727 4586 cf.
743 4534 817 4586 Alex.
832 4534 867 4584 De
880 4534 967 4584 anima
981 4534 1012 4596 ll,
1029 4532 1124 4597 171125
1135 4549 1173 4599 sq.
1265 4535 1300 4597 τι]
1323 4550 1350 4584 τε
1370 4534 1437 4584 coni.
1457 4536 1479 4585 Ο

202 4624 237 4677 ‘20
256 4623 335 4676 τᾶλλα
354 4621 391 4674 ὢν
410 4623 436 4675 δν
454 4630 508 4679 τοῖς
527 4621 635 4675 V³a¹⁹0:
656 4620 719 4673 ἄλλα
738 4639 774 4671 ων
794 4626 878 4677 αυτοῖς
897 4621 940 4670 V¹:
965 4619 1028 4670 ἄλλα
1047 4618 1082 4669 ὢν
1101 4618 1186 4676 αυτοῖς
1204 4619 1260 4672 138²
1278 4620 1332 4683 (sed
1351 4619 1430 4671 τᾶλλα
1449 4618 1491 4683 8²)

202 4712 233 4765 21
255 4711 424 4783 ἀπεριμμίνος
443 4711 503 4761 Va¹z
522 4709 683 4778 ἀπερριμένος
702 4708 730 4760 ε’*
817 4707 876 4771 οὐκ]
896 4703 954 4758 ἀλλ’
971 4711 1007 4757 H:
1027 4707 1076 4757 del.
1096 4705 1171 4773 θυεμ.
1187 4710 1209 4759 0
1299 4705 1332 4755 ⁴22
1352 4711 1403 4756 τῶν
1422 4703 1561 4772 γινομένων

201 4798 281 4870 μηδεν
301 4798 329 4852 ⁸²
436 4797 470 4850 23
489 4796 518 4867 θη
539 4795 601 4849 ποτ’
619 4796 663 4848 οὖν
682 4796 710 4848 ιι2
816 4796 848 4845 ’24
868 4793 955 4846 οόκίθ
975 4798 1005 4844 V:
1026 4793 1055 4845 οὺ
1074 4792 1188 4845 καθόλου
1207 4794 1261 4846 ES:
1281 4792 1365 4844 οόνιέτι
1383 4793 1446 4844 ³¹²0

201 4885 232 4938 σθ
250 4884 391 4956 γάρ-σίνδλ
409 4883 464 4950 (25)
482 4883 565 4936 delevi
673 4882 706 4934 25
725 4880 833 4952 μηνόσαι
854 4885 874 4932 V
984 4881 1017 4933 26
1036 4880 1107 4949 αὐτῷ
1126 4896 1174 4931 om.
1194 4878 1246 4932 a⁹0
