3540 5610
306 298 369 365 190
743 268 1216 354 ιιεειιιινοιιονοιιειιοι

358 467 405 550 ἐφ’
433 469 473 530 ών
496 467 550 551 γὰρ
572 466 653 530 αὐτοὶ
675 469 727 551 τὴν
750 468 878 538 ἐξουσίαν
911 474 963 553 τῆς
996 470 1135 553 αἱρέσεως
1157 467 1284 555 ἔχοντες,
1318 470 1523 539 καταλιπόντες
1555 471 1604 532 τὸν
1617 487 1647 530 εν

359 570 466 632 σκοπὸν
499 573 557 632 τῶν
580 569 782 653 πραττομένων
817 570 865 655 ὑφ’
892 572 988 634 αύτῶν
1017 571 1163 635 ποιεῖσθαι
1186 571 1219 635 τό
1241 595 1272 635 τε
1294 572 1382 636 καλὸν
1417 573 1465 636 καί
1487 573 1535 636 τόν
1558 571 1601 635 νό-

359 695 422 752 μον,
445 672 565 756 κέρδους
587 673 712 756 χάρινῆ
739 674 847 756 ἡδονῆς
874 697 956 751 τινος,
991 673 1188 757 ὑπερορῶντες
1220 674 1349 748 ἐκείνων,
1382 676 1542 759 πράττουσι
1568 675 1603 737 τὰ

357 777 463 857 φαῦλοι,
496 774 612 843 τούτους
635 771 639 860 ί
664 775 757 844 ἀξίους
779 777 914 859 ἡγοῦνται
936 778 1083 845 κολάσεως
1105 777 1209 845 πάντες
1235 775 1394 861 ἄνθρωποι,
1428 782 1601 862 συγγνώμην
1621 785 1657 841 δύ

323 877 482 946 5διδόντες
516 883 576 947 τοῖς
608 879 665 964 οὐχ
697 880 790 947 οὕτως
822 880 1042 963 ἁμαρτάνουσιν.
1087 878 1142 964 όρα
1175 880 1211 963 δὴ
1239 885 1326 943 πᾶσιν
1353 885 1412 949 τοῖς
1443 886 1544 949 κακοῖς
1570 884 1604 944 τὸ

356 981 525 1062 θαυμαστόν
558 982 651 1064 δόγμα
685 985 768 1044 τοῦτο
791 981 869 1064 παρὰ
885 993 888 999 ’
902 986 960 1044 τῶν
986 981 1153 1066 φιλοσόφων
1182 982 1323 1065 μαθοῦσιν
1357 984 1502 1047 διδάσκειν
1535 983 1603 1053 τοὺς

357 1086 550 1155 διδάσκοντας,
575 1084 617 1147 δτι
633 1083 689 1146 εἰσὶ
712 1084 760 1146 καὶ
782 1083 863 1146 αὐτοὶ
886 1085 1057 1167 συγγνώμης
1078 1081 1187 1168 (clim),
1210 1083 1293 1147 οδδέν
1308 1082 1428 1148 ἔλαττον
1442 1090 1500 1148 τῖον
1517 1087 1603 1149 ἀκου-
1629 1105 1644 1146 υ

356 1187 425 1255 σίως
459 1185 689 1269 ἁμαρτανόντων.
734 1184 768 1248 ού
801 1184 856 1269 γὰρ
890 1183 946 1249 όπό
968 1207 1043 1253 τινος
1064 1183 1172 1254 ἔξωθεν
1206 1189 1469 1269 καταναγκάζοντος
1495 1189 1603 1257 αὐτούς

356 1293 486 1352 ποιοῦσιν
509 1289 527 1353 ἃ
550 1293 689 1363 ποιοῦσιν,
713 1289 754 1351 ών
778 1286 848 1357 ἴσως
870 1287 938 1372 ἐνῆν
959 1288 1058 1358 αὐτοῖς
1081 1289 1128 1351 καὶ
1150 1288 1344 1371 φυλάξασθαι,
1381 1289 1440 1352 ἁλλ’
1468 1291 1525 1353 ύπδ
1549 1295 1601 1373 τῆς

305 1415 336 1461 ιο
356 1393 472 1475 φύσεως
494 1397 546 1476 τῆς
572 1393 602 1454 ἐν
631 1392 728 1460 αὐτοῖς
756 1392 840 1454 οὐδὲν
868 1391 929 1455 οἷόν
954 1390 981 1455 τ’
1010 1392 1085 1455 ἐστὶν
1108 1392 1251 1460 λαθόντας
1272 1398 1392 1477 ποιῆσαι
1413 1394 1461 1457 καὶ
1484 1394 1527 1461 τίς
1549 1392 1602 1455 ούκ
1617 1411 1644 1453 ιο

355 1496 389 1559 ἂν
411 1497 434 1578 †
454 1495 550 1563 αὐτοῖς
569 1500 629 1563 τοῖς
651 1494 895 1578 ἁμαρτανομένοις
919 1493 1019 1557 αἴτιον.
1064 1495 1090 1557 εἰ
1112 1493 1138 1558 δ’
1166 1493 1227 1558 οὔτ’
1248 1494 1335 1564 άλλος
1356 1519 1399 1565 τις
1420 1493 1481 1559 οὔτ’
1502 1497 1530 1557 οἱ
1552 1500 1603 1558 τοῦ

355 1598 497 1682 δόγματος
530 1598 631 1661 τούτου
654 1598 746 1681 κύριοι
769 1599 940 1681 συγγνώμην
963 1598 1039 1661 δοῖέν
1062 1621 1114 1660 τινι
1136 1599 1241 1681 ταύτην
1264 1603 1321 1661 τῶν
1356 1597 1601 1682 ἁμαρτανομένων

354 1703 469 1786 φέροντι
484 1702 535 1784 τὴν
551 1700 641 1762 αἰτίαν
658 1703 698 1767 ὡς
713 1699 818 1783 ψεῦδός
839 1724 865 1764 τι
888 1699 949 1784 [καὶ
972 1700 1085 1784 ψευδεῖ]
1108 1701 1230 1783 λέγοντι,
1253 1702 1340 1783 δῆλον
1363 1704 1405 1769 ὡς
1421 1701 1477 1764 ὑπὸ
1493 1701 1602 1763 τούτων

354 1807 402 1867 καὶ
436 1805 491 1866 ὑπὸ
515 1807 572 1865 τῶν
594 1801 690 1865 άλλων
715 1804 849 1865 ἁπάντων
884 1803 992 1885 όμοῖως
1025 1803 1210 1866 πεπίστευται
1242 1803 1275 1864 τδ
1306 1802 1433 1866 εἶναιτὸ
1456 1802 1503 1888 ἐφ’
1531 1805 1602 1887 ημῖν
1617 1822 1643 1863 ιε

304 1929 334 1976 15
353 1908 410 1994 ούχ
433 1908 493 1970 οἷον
516 1908 572 1970 ύπδ
596 1907 704 1969 τούτων
727 1909 896 1981 πλάσσεται,
920 1905 988 1970 όταν
1010 1908 1051 1976 είς
1073 1909 1106 1970 τὸ
1129 1904 1286 1991 πρόβλημα
1310 1909 1488 1990 μελετῶντες
1508 1906 1597 1989 λέγω·

352 2033 405 2088 σιν,
428 2009 487 2073 ἀλλ’
516 2010 569 2093 οίιμ
591 2009 664 2073 εἶναι
687 2008 768 2093 αύτῷ
792 2007 864 2092 [δεῖ]
888 2009 935 2071 διὰ
958 2013 1016 2073 τῶν
1038 2007 1130 2093 ἔργων
1153 2008 1238 2072 οὔτοί
1264 2031 1296 2072 τε
1318 2009 1399 2073 αὐτοὶ
1421 2011 1471 2074 καὶ
1493 2011 1599 2079 πάντες

351 2114 500 2197 ἄνθρωποι
533 2116 734 2196 μαρτυροῦσιν.
779 2112 805 2173 εἰ
826 2111 880 2194 γάρ
903 2111 977 2196 ἦσαν
1000 2112 1092 2180 οὕτως
1114 2109 1193 2196 ἔχειν
1226 2110 1456 2186 πεπιστευκότες,
1491 2113 1597 2194 συνεγί-
1612 2128 1641 2171 ευ

350 2237 478 2299 γνωσκον
502 2213 535 2277 ἁν
558 2219 644 2277 πᾶσιν
667 2218 725 2282 τοῖς
748 2214 958 2296 ἁμαρτάνουσιν
982 2216 1022 2282 όνς
1044 2213 1097 2276 οόκ
1119 2211 1238 2298 ἔχουσιν
1260 2217 1312 2276 τοῦ
1335 2215 1376 2297 μὴ
1398 2216 1491 2277 πάντα
1509 2215 1597 2299 πράτ·

351 2343 408 2383 τειν
431 2319 570 2387 ἐξουσίαν.
616 2316 679 2379 ἀλλ’
707 2315 751 2379 ότι
784 2317 836 2398 μὲν
859 2319 906 2379 καί
929 2314 991 2379 ἔστι
1017 2339 1043 2379 τι
1071 2315 1117 2399 ἐφ’
1145 2318 1215 2399 ἡμῖν
1238 2317 1389 2399 ὀνομάσαι,
1423 2318 1471 2380 καὶ
1493 2317 1527 2379 ού
1550 2315 1600 2379 διὰ
1618 2325 1672 2378 XX

299 2442 332 2489 20
351 2424 403 2505 τὴν
426 2421 553 2490 ἐξουσίαν
576 2420 682 2504 ταύτην
704 2419 839 2488 ἀναιτίως
859 2444 885 2481 τι
908 2421 1021 2502 γίνεται,
1054 2424 1096 2504 τῷ
1120 2425 1177 2482 τῶν
1201 2420 1294 2489 οότως
1325 2419 1482 2504 γινομένων
1505 2419 1598 2484 αἴτιον

350 2528 399 2588 τὸν
421 2524 575 2608 άνθρωπον
599 2522 680 2597 εἶναι,
714 2522 810 2606 ἀρχὴν
832 2521 917 2585 αὐτὸν
941 2520 1088 2585 ὄντατῶν
1121 2521 1277 2605 γινομένων
1300 2522 1351 2607 ὑφ’
1379 2525 1477 2602 αὑτοῦ,
1513 2525 1641 2587 ἱκανάιο

351 2630 402 2711 μὲν
435 2626 523 2696 δεῖξαι
556 2627 603 2689 καὶ
625 2624 661 2688 τὰ
683 2623 831 2708 εἰρημένα.
866 2626 974 2692 ἱκανῶς
995 2623 1021 2687 δ’
1049 2622 1083 2686 ἀν
1106 2624 1284 2708 ἐπείσθησαν
1315 2627 1364 2688 καὶ
1391 2628 1418 2689 οἱ
1442 2627 1599 2709 ἀντιλέγειν

350 2732 422 2814 πρὸς
444 2729 514 2793 αύτδ
536 2731 720 2812 πειρώμενοι,
743 2727 769 2788 εί
791 2725 845 2789 κᾶν
869 2727 940 2809 πρὸς
962 2725 1057 2808 όλίγον
1080 2729 1172 2791 πάντα
1200 2727 1220 2790 ἁ
1241 2729 1415 2813 πράττουσιν
1442 2729 1599 2812 ὑπέμειναν

350 2834 454 2917 πρᾶξαι
477 2835 517 2900 ὡς
539 2830 730 2914 ἀληθεύοντες
753 2830 818 2914 περὶ
842 2830 882 2891 ών
905 2828 1048 2911 λέγουσιν,
1071 2830 1275 2900 πιστεύσαντες
1297 2836 1339 2916 τῷ
1364 2830 1453 2914 μηδὲν
1475 2836 1534 2894 τῶν
1556 2856 1597 2913 γι-
1611 2849 1641 2891 ευ

297 2956 330 3004 25
349 2935 476 3019 νομένων
500 2933 556 2997 ὑπό
578 2957 653 3002 τινος
676 2933 768 3000 οότως
789 2932 927 3013 γίνεσθαι,
950 2935 992 3000 όις
1013 2934 1060 2995 καὶ
1083 2937 1134 2995 τοῦ
1157 2934 1197 3016 μὴ
1214 2926 1346 3018 πράττειν
1362 2933 1433 2997 αύτδ
1448 2935 1500 3018 τὴν
1518 2934 1597 3003 ἐέου-

350 3039 411 3102 σίαν
436 3035 554 3122 ἔχοντος
576 3035 649 3098 τότε.
694 3042 737 3119 τῷ
760 3035 814 3118 γὰρ
837 3040 921 3098 τοῦτο
942 3034 1142 3099 πεπιστευκότι
1175 3035 1229 3099 ούκ
1256 3036 1424 3120 ἐπιτιμῆσαί
1445 3061 1509 3114 τινι,
1544 3039 1599 3102 οὐκ

350 3140 500 3204 ἐπαινέσαι
522 3163 593 3207 τινα,
616 3138 650 3201 ού
673 3138 891 3222 συμβουλεῦσαί
910 3160 971 3211 τινι,
994 3137 1028 3200 ού
1043 3138 1273 3223 προτρέίψασθαί
1293 3164 1365 3215 τινα,
1387 3140 1440 3203 ούκ
1455 3139 1596 3210 εὔξασθαι
1614 3149 1653 3204 68

350 3244 440 3313 θεοῖς,
462 3244 496 3306 ού
518 3246 604 3328 χάριν
627 3242 725 3310 αύτοῖς
745 3247 850 3324 γνῶναι
873 3240 943 3325 περί
963 3265 1056 3311 τινων,
1078 3242 1131 3305 ούκ
1153 3242 1224 3306 ἄλλο
1247 3267 1273 3305 τι
1295 3248 1386 3306 ποιεῖν
1408 3242 1468 3305 οίόν
1485 3266 1516 3305 τε
1539 3249 1598 3306 τῶν

349 3347 546 3431 ὀφειλομένων
583 3344 711 3428 εὐλόγως
746 3344 876 3428 γίνεσθαι
913 3345 969 3407 ύπδ
1006 3350 1064 3407 τῶν
1098 3346 1146 3408 καὶ
1183 3350 1233 3408 τοῦ
1270 3350 1361 3409 ποιεῖν
1397 3345 1518 3409 ἕκαστον
1555 3347 1597 3408 ών

298 3649 309 3699 l
334 3646 526 3703 καταλειπόντες
551 3646 642 3712 (supra
664 3664 684 3697 ιι
703 3647 751 3696 m¹:
776 3645 794 3712 ι)
813 3649 836 3696 V
970 3645 985 3696 θ
1008 3643 1093 3697 αὑτῶν
1115 3645 1142 3696 ιι2
1165 3645 1222 3697 Cas.
1242 3649 1278 3700 0:
1306 3645 1384 3698 αύτοό
1408 3648 1458 3699 V⁸¹
1486 3643 1542 3711 (ύπ’
1566 3646 1653 3699 αύτῶν

294 3736 387 3798 Lond.)
493 3736 516 3786 2.
536 3733 551 3785 3
574 3733 603 3784 τὸ
625 3732 730 3801 νόμιμον
753 3734 861 3785 coni.0
962 3733 978 3785 3
1001 3730 1088 3802 κέρδος
1105 3734 1134 3784 ε’)
1239 3734 1255 3786 5
1279 3733 1375 3805 ώραΕ
1398 3733 1457 3786 Cas.
1475 3734 1552 3803 θυεμ.
1572 3735 1614 3788 Οι.

294 3824 309 3875 7
338 3820 401 3882 ἄξιοι
424 3823 483 3874 add.
503 3821 530 3873 8²
664 3820 681 3872 8
704 3818 768 3880 ἄξιοι
786 3820 845 3872 add.
864 3818 898 3872 13²
916 3824 977 3872 ante
1002 3820 1031 3872 ού
1156 3822 1388 3890 καταναγκάζοντος
1416 3821 1443 3874 ιιι
1473 3823 1543 3875 (ἴασι
1572 3842 1652 3875 κατα·

293 3911 461 3979 ναγκάζοντας
480 3910 539 3960 Va¹=
568 3908 799 3977 καταναγκάζοντες
817 3908 898 3960 Lond.
1022 3910 1038 3959 9
1063 3908 1079 3959 ἀ
1101 3913 1213 3962 ποιοῦσιν
1238 3925 1287 3961 om.
1313 3912 1339 3961 εί
1484 3911 1516 3962 10
1541 3911 1653 3964 fortasse

293 3998 346 4068 <θγν>
364 3997 435 4050 οὐδὲν
569 3994 702 4060 λαθόντας]
726 3995 809 4052 ἄλλοις
833 3997 901 4047 conl.
920 3999 951 4048 0:
981 3996 1084 4053 ἑκόντας
1106 3995 1181 4064 Casp.
1201 4000 1233 4050 0:
1261 3996 1387 4071 λαχόντας
1409 3997 1508 4051 (ἀετολε

296 4086 335 4136 10.
358 4087 384 4136 ll
415 4082 553 4152 καὶ-ἂν]
576 4084 631 4153 ἥτις
654 4083 697 4135 ούν
716 4083 798 4136 Lond.
819 4087 850 4136 0:
878 4083 932 4153 ἥτις
954 4082 998 4136 οὖν
1017 4084 1043 4135 ἐν
1063 4083 1161 4137 Gercke
1306 4086 1333 4137 ll
1363 4092 1415 4138 τῶν
1435 4085 1650 4155 ἁμαρτανομένων

293 4174 403 4225 eoni.0
510 4172 586 4228 αἴτιος
605 4172 631 4222 ³²
738 4172 781 4223 ιιΙι.
805 4168 860 4223 οὔτ’
882 4172 986 4240 scripsi:
1010 4168 1066 4224 οὔδ’
1091 4171 1150 4224 libri
1275 4173 1298 4224 οί
1321 4177 1367 4225 τοῦ
1390 4175 1418 4226 in
1441 4174 1480 4226 lit.
1503 4173 1551 4227 13¹:
1580 4174 1652 4229 οὗτοι

293 4261 383 4326 (supra
396 4278 430 4311 οιι
453 4278 479 4316 ος
498 4265 526 4311 ut
539 4260 701 4324 videturm¹)
715 4260 780 4311 Va¹²
880 4259 910 4310 1⁶2
928 4260 1023 4331 ταύτην
1036 4277 1059 4310 ν.
1073 4276 1096 4311 υ.
1109 4259 1142 4323 (δ)
1156 4262 1211 4312 VO:
1230 4261 1310 4330 ταύτῃ
1325 4260 1401 4313 V¹a¹²
1508 4262 1540 4315 13
1559 4264 1653 4333 ψεῦδός

292 4366 326 4428 τι]
352 4364 441 4432 ψεῦδος
464 4382 490 4415 τε
508 4363 553 4415 Βέι
576 4363 692 4433 ψιύδοντι
715 4364 771 4415 sive
795 4361 875 4431 ψῖιθός
898 4382 922 4415 τι
942 4364 1017 4430 Casp.
1038 4367 1060 4418 0
1197 4367 1240 4416 καί
1264 4353 1350 4435 ψευδεῖ
1373 4367 1411 4418 sic
1430 4369 1462 4416 V:
1486 4367 1583 4419 delevi:
1608 4372 1651 4421 καὶ

292 4451 371 4520 ψευδῆ
391 4453 429 4503 a¹‘·'
538 4454 568 4503 1ss
596 4452 647 4503 οίον
672 4453 732 4503 εἶναι
756 4450 817 4502 αύτό
836 4452 874 4503 ³²:
903 4451 954 4502 οἶον
978 4452 1038 4504 εἶναι
1062 4450 1133 4521 αὐτῷ
1152 4457 1173 4503 Ε
1281 4452 1329 4518 δεῖ]
1348 4453 1398 4506 δεῖν
1417 4453 1510 4506 Lond.:
1531 4455 1615 4509 delevi

296 4537 542 4604 19pr.mlom.a¹‘·’
607 4557 629 4589 τι
643 4540 703 4590 ³²0:
717 4557 752 4595 τις
761 4541 810 4589 Va'
878 4537 1007 4606 ὀνομάσαι]
1022 4539 1119 4598 ἐξουσία
1130 4540 1212 4592 Lond.
1279 4540 1313 4593 20
1326 4541 1453 4604 ἀναιτίως]
1464 4541 1584 4601 ἐναντίως
1597 4547 1622 4596 ιιΙ

292 4641 375 4693 ούτωσ
394 4643 431 4693 sic
452 4647 474 4692 V
563 4642 592 4694 21
615 4642 692 4695 αὐτοῦ
710 4644 749 4694 a¹²
842 4643 875 4694 22
894 4640 1114 4712 ἀνεπείσθησανλί
1212 4642 1246 4695 ⁴23
1265 4644 1287 4696 τί
1305 4644 1353 4696 κᾶν
1371 4645 1411 4697 a’:
1438 4634 1460 4698 εί
1484 4646 1534 4699 κᾶν
1559 4649 1597 4699 sic
1617 4653 1648 4697 V:

293 4729 332 4781 τίκ
352 4730 381 4781 ἂν
400 4733 433 4782 B:
459 4729 496 4799 είη
516 4730 545 4781 ἀν
564 4733 603 4782 a':
631 4729 715 4800 ὴκᾶν
735 4736 766 4783 E:
794 4732 818 4783 οί
836 4732 872 4800 μὴ
892 4731 921 4782 ἀν
940 4731 1022 4783 Lond.
1128 4733 1209 4783 πάντα
1227 4731 1288 4800 πρὸς
1307 4731 1390 4802 ὀλίγον
1409 4734 1435 4784 ιι1
1456 4733 1540 4786 Lond.

291 4818 419 4886 ύπέμεινιν
446 4818 484 4869 8²:
512 4817 561 4869 ύπὰ
585 4818 666 4886 μένειν
688 4822 710 4870 Ε
817 4819 850 4871 24
878 4818 907 4870 ἂν
932 4818 1021 4889 πρᾶξαι
1044 4819 1071 4869 ³¹²
1177 4818 1211 4871 25
1234 4820 1282 4872 ύιτο
1301 4823 1325 4870 V
1431 4838 1500 4879 τινος
1517 4824 1555 4873 0:
1574 4841 1648 4875 τινων

289 4904 347 4957 libri
436 4905 469 4958 26
488 4906 587 4978 ἔχοντες
605 4905 633 4958 ⁸²
720 4907 893 4959 πεπιστευκότι
913 4906 1052 4959 Schwartz:
1073 4907 1260 4976 πεπιστευμένῳ
1279 4907 1338 4960 libri
1427 4908 1461 4961 28
1482 4905 1582 4964 ούδὈ
