3548 5604
608 326 687 384 ΠΕΡΙ
708 326 941 384 ΕΙΜΑΡΜΒΝΗΣ
960 331 1061 384 14-ἰὸ
1447 331 1508 396 185

215 501 262 564 ἐπὶ
295 507 336 585 τῷ
372 503 520 587 ἀνθρώπῳ
552 503 625 566 εἶναι
657 508 700 589 τῷ
732 505 774 587 μὴ
800 505 939 568 δύνασθαι
966 505 1063 573 ἄλλως
1089 504 1172 568 τιδι’
1201 506 1289 569 αὐτοῦ
1316 504 1454 587 γίνεσθαι.
1468 520 1496 562 ευ

216 603 302 682 ὥστ’,
327 606 353 667 εἰ
375 605 484 687 τὰμὲν
509 607 741 689 βουλευσάμενοι,
764 606 852 670 τὰδὲ
875 609 916 690 μὴ
940 603 1165 692 βουλευσάμενοι
1181 612 1328 687 ποιοῦμεν,
1351 604 1449 670 οὐκέθ’

216 707 308 774 οὕτως
329 708 365 770 τά
387 707 423 771 δι’
451 711 536 791 ἡμῶν
557 707 691 792 γινόμενα
714 709 813 777 ἁπλῶς
835 710 950 789 γίνεται,
973 714 1014 780 ώς
1035 713 1071 775 τὰ
1091 713 1225 794 γινόμενα
1248 711 1296 773 διὰ
1317 715 1374 773 τῶν
1398 706 1453 793 ζώ-

213 833 253 871 ων
276 810 295 892 ἢ
318 810 365 873 διὰ
387 814 438 873 τοῦ
460 813 550 894 πυρὸς
573 812 592 895 ἢ
615 810 663 874 διὰ
684 814 741 874 τῶν
764 810 876 896 βαρέων
899 813 950 875 ὁὸυ
972 818 1125 896 σωμάτων.
1171 816 1197 876 εἰ
1223 812 1249 876 θ’
1276 810 1384 896 ἔχομεν
1407 812 1454 874 καὶ

178 915 263 979 θεοῦ
297 913 522 996 βουλευσάμενοί
543 936 569 976 τι
592 918 683 977 ποιεῖν
706 912 784 998 παρὰ
806 919 858 997 τῆς
888 915 1004 997 φὸσεως
1036 918 1088 1000 τὴν
1122 916 1260 989 ἐξουσίαν,
1282 917 1382 998 ,δῆλον
1415 918 1495 981 ώςεε

212 1014 330 1100 ἔχοιμεν
345 1013 406 1098 (ἂν)
421 1015 549 1084 ἐξουσίαν
565 1017 612 1078 καὶ
627 1020 678 1078 τοῦ
700 1015 747 1078 διὰ
769 1019 818 1078 τοῦ
842 1017 1055 1099 βουλεύσασθαι
1070 1019 1141 1084 ἄλλο
1161 1044 1186 1081 τι
1203 1018 1317 1102 πρᾶξαι,
1340 1018 1388 1080 καί
1411 1016 1452 1099 μὴ

211 1120 325 1186 πάντως
346 1122 430 1180 τοῦτο
451 1117 466 1180 ὃ
489 1119 535 1181 καὶ
559 1119 781 1202 βουλευσάμενοι
795 1117 818 1200 †
833 1117 868 1202 ἧν
891 1118 926 1182 ἂν
949 1122 1168 1204 βουλευοίμεθα.
1193 1122 1196 1202 ἰ
1221 1123 1254 1184 τὸ
1277 1121 1302 1184 δ’
1329 1122 1451 1205 ἐποχου-
1470 1123 1505 1181 ὁ4
1527 1122 1576 1176 XV

213 1221 318 1304 μένους
340 1226 381 1305 τῷ
409 1218 452 1283 (εἰ
473 1220 509 1302 δὴ
536 1224 594 1282 τῶν
616 1219 712 1283 αὐτῶν
733 1225 933 1304 περιεστώτων
965 1225 1014 1287 ὁτὲ
1043 1225 1094 1308 μὲν
1121 1226 1213 1293 οὕτως
1235 1226 1284 1287 ὁτὲ
1306 1225 1339 1287 δὲ
1359 1222 1457 1291 άλλως

212 1322 360 1406 ἐνεργήσει
393 1345 443 1402 τις,
475 1323 598 1386 ἀναίτιον
631 1323 739 1406 κίνησιν
772 1323 949 1405 εἰσάγεσθαι’
988 1327 1034 1389 διὰ
1068 1332 1151 1390 τοῦτο
1178 1327 1269 1409 λέγειν
1304 1328 1344 1410 μὴ
1375 1325 1456 1388 δὸνα-

162 1445 193 1492 10
212 1426 281 1488 σθαι
314 1425 348 1488 οὸ
371 1426 470 1508 πράξει
504 1447 544 1492 τις
571 1423 675 1508 πρᾶξαι
696 1426 729 1488 τὸ
752 1425 953 1508 ἀνακείμενον,
987 1431 1099 1512 μήποτε
1128 1431 1176 1492 καί
1197 1429 1268 1492 αὐτὸ
1300 1433 1357 1492 τῶν
1380 1429 1456 1510 ὁμοί·
1482 1444 1497 1485 υ

213 1553 254 1597 ως
276 1534 335 1597 τοῖς
357 1527 575 1612 προειρημένοις
597 1528 821 1612 παρορωμένων.
859 1530 893 1593 οὐ
915 1531 968 1615 γὰρ
991 1534 1105 1602 πάντως
1121 1533 1167 1594 άεί
1181 1533 1217 1595 τὰ
1233 1533 1368 1615 γινόμενα
1383 1531 1456 1594 κατὰ

211 1632 302 1694 αἰτίαν
325 1630 434 1701 ἔξωθεν
457 1628 521 1715 ἔχει
543 1635 593 1693 τοῦ
615 1632 743 1712 γίνεσθαι
764 1633 817 1715 τὴν
840 1633 940 1695 αἰτίαν.
987 1634 1034 1697 διὰ
1055 1635 1109 1718 γὰρ
1138 1636 1191 1718 τὴν
1224 1635 1357 1716 τοιαύτην
1379 1634 1456 1703 ἐξαυ-

211 1735 273 1797 σίαν
296 1735 358 1797 ἐστί
379 1758 405 1797 τι
428 1733 474 1817 ἐφ’
502 1734 582 1816 ἡμῖν,
605 1732 649 1796 ὁτι
671 1738 730 1796 τῶν
752 1734 845 1802 οὕτως
866 1736 1024 1817 γινομένων
1047 1737 1133 1819 ἡμεῖς
1157 1737 1244 1817 ἐσμεν
1267 1736 1368 1821 κὸριοι,
1390 1735 1449 1799 ἀλλ’

210 1836 263 1900 οὐκ
286 1835 394 1907 ἔξωθέν
418 1859 458 1904 τις
480 1835 565 1898 αἰτία.
610 1837 654 1899 διὸ
676 1834 755 1920 (οὐκ)
777 1837 910 1906 ἀναιτίως
932 1838 967 1900 τὰ
990 1839 1066 1901 οὕτω
1088 1839 1222 1921 γινόμενα
1243 1840 1359 1920 γίνεται,
1383 1837 1450 1923 παρ’
1472 1857 1497 1899 ιυ

168 1961 197 2007 15
216 1942 301 2022 ἡμῶν
324 1941 375 2023 τὴν
398 1940 490 2001 αἰτίαν
512 1935 627 2023 ἔχοντα.
666 1938 758 2021 ὁγὰρ
780 1937 935 2022 ἄνθρωπος
958 1941 1036 2025 ἀρχὴ
1059 1943 1107 2004 καί
1129 1942 1206 2005 αἰτία
1226 1946 1284 2005 τῶν
1307 1941 1343 2004 δι’
1367 1940 1456 2003 αὐτοῦ

209 2043 365 2125 γινομένων
381 2041 522 2125 πράξεων,
545 2043 593 2105 καί
608 2041 692 2104 τοῦτὸ
710 2041 770 2105 ἐστι
786 2043 818 2104 τὸ
834 2041 907 2105 εἰναι
921 2043 1071 2127 ἀνθρώπω
1087 2045 1119 2107 τὸ
1136 2049 1185 2107 τοῦ
1207 2045 1340 2129 πράττειν
1363 2045 1455 2112 οὕτως

211 2147 263 2228 τὴν
279 2146 373 2229 ἀρχὴν
386 2143 466 2229 ἔχειν
478 2144 509 2206 ἐν
520 2144 613 2228 αὸτιρ,
629 2147 670 2213 ώς
691 2166 712 2204 κ
734 2166 754 2205 κ
776 2167 796 2207 κ
811 2149 849 2228 τῇ
863 2146 969 2230 σφαίρᾳ
985 2148 1018 2210 τὸ
1034 2147 1108 2210 κατὰ
1121 2151 1172 2211 τοῦ
1187 2153 1312 2232 πρανοῦς
1327 2147 1458 2229 κυλιομέ-
1473 2164 1498 2206 ιε

211 2271 247 2331 νη
262 2249 412 2332 φέρεσθαι.
457 2249 502 2310 διὸ
525 2251 582 2309 τῶν
605 2247 657 2328 μὲν
679 2246 776 2310 ἄλλων
798 2248 919 2312 ἕκαστον
941 2248 1040 2312 ἕπεται
1063 2253 1125 2319 ταῖς
1146 2247 1253 2319 ἔξωθεν
1276 2249 1358 2335 αὐτῷ
1382 2273 1457 2333 περι-

211 2354 351 2419 εστώσαις
385 2351 497 2425 αἰτίαις,
532 2348 597 2412 ὁδ’
625 2349 779 2434 ἅνθρωπος
801 2349 867 2436 οὸχ,
901 2350 945 2415 ὅτι
978 2351 1054 2414 ἐστὶν
1088 2351 1168 2437 αὐτῷ
1202 2353 1234 2414 τὸ
1260 2352 1332 2416 εἰναι
1361 2353 1456 2436 ἐντῷ

159 2475 192 2520 ‘20
211 2452 289 2539 ἔχειν
300 2456 401 2539 ,ἀρχήν
416 2477 447 2516 τε
463 2455 510 2516 καὶ
525 2452 617 2516 αἰτίαν
632 2453 663 2515 ἐν
681 2452 772 2537 αὐτῷ,
786 2453 854 2537 (ὣς)
870 2455 910 2538 μὴ
927 2456 1043 2524 πάντως
1056 2454 1179 2518 ἕπεσθαι
1195 2459 1254 2524 τοῖς
1269 2459 1456 2538 περιεστῶσιν

211 2556 322 2628 ἔξωθεν
343 2557 434 2640 αὐτῷ.
480 2558 528 2619 καί
560 2556 613 2639 γὰρ
636 2555 688 2640 <εἰ>
711 2555 745 2640 ἦν
768 2559 839 2641 ἡμῖν
861 2559 880 2641 ἡ
903 2559 968 2641 περί
996 2564 1054 2621 τῶν
1082 2558 1232 2641 πρακτέων
1266 2559 1355 2643 κρίσις
1387 2557 1498 2640 πρὸςευ

213 2661 265 2724 ένα
286 2660 421 2743 γινομένη
444 2661 562 2734 σκοπόν,
597 2657 667 2728 ἴσως
688 2657 749 2744 <άν>
771 2659 836 2746 εἶχέ
858 2684 919 2724 τινα
941 2660 1024 2743 λὸγον
1059 2663 1091 2724 τὸ
1115 2662 1159 2723 αἰεὶ
1183 2662 1328 2745 περὶτῶν
1360 2659 1457 2723 αὐτῶν

210 2766 312 2846 ὁμοίας
344 2766 413 2847 ἡμῖν
447 2762 577 2844 γίνεσθαι
609 2762 659 2832 τὰς
686 2763 803 2847 κρίσεις.
847 2766 912 2827 ἐπεὶ
934 2763 960 2827 δ’
988 2765 1044 2849 οὐχ
1071 2765 1164 2833 οὕτως
1190 2762 1253 2849 ἔχει
1280 2763 1457 2847 (αίρυὸμεθα

210 2868 274 2950 γάρ,
297 2867 316 2930 ἃ
339 2867 511 2950 αἱρούμεθα,
541 2867 612 2929 ποτὲ
635 2865 686 2948 μὲν
710 2867 812 2930 διὰτὸ
836 2866 922 2930 καλὸν
944 2889 981 2943 τι,
1017 2868 1087 2929 ποτὲ
1109 2869 1141 2931 δὲ
1163 2867 1210 2930 διὰ
1232 2867 1264 2929 τὸ
1287 2867 1353 2950 ἡδί,
1387 2866 1457 2928 ποτὲ

160 2991 193 3039 25
212 2972 245 3034 δὲ
267 2971 315 3034 διὰ
337 2971 370 3033 τὸ
393 2969 551 3052 σύμφορον,
586 2971 633 3032 καὶ
656 2969 690 3032 οἰν
712 2969 803 3033 ταύτὰ
825 2970 933 3033 τούτων
954 2971 1117 3053 ποιητικά),
1152 2970 1300 3054 ἐνδέχεται
1333 2973 1382 3031 νῦν
1404 2968 1456 3051 μὲν
1471 2987 1498 3028 ευ

210 3076 257 3138 ἐπί
270 3077 302 3137 τὸ
317 3075 404 3136 καλὸν
417 3072 584 3157 κινηθέντας
596 3075 673 3156 ἡμᾶς
684 3094 705 3134 ε
727 3094 747 3134 ιε
769 3094 790 3134 ιι
813 3073 881 3135 τάδε
892 3078 949 3135 τῶν
962 3077 1161 3156 περιεστώτων
1177 3074 1359 3156 προκείμενα,
1374 3071 1459 3140 αὖθις

211 3180 243 3241 δὲ
266 3177 350 3253 ἄλλα,
384 3179 456 3262 πρὸς
478 3177 510 3239 τὸ
533 3177 588 3258 ἡδὸ
613 3177 631 3258 ἢ·
654 3177 687 3238 τὸ
710 3175 857 3260 συμφέρον
891 3176 943 3259 τὴν
968 3177 1115 3260 ἀναφορὰν
1145 3183 1196 3259 τῆς
1220 3177 1340 3258 κρίσεως
1361 3199 1457 3238 ποιου-

211 3282 322 3364 μένους.
361 3285 400 3350 ώς
422 3281 476 3364 γάρ
492 3280 526 3342 οὐ
545 3283 687 3363 ζητοῦμεν
705 3278 796 3362 ἄλλην
818 3277 880 3340 τινὰ
901 3279 1002 3355 αἰτίαν,
1026 3278 1062 3341 δι’
1090 3278 1126 3360 ἢν
1149 3277 1222 3340 κατὰ
1237 3278 1384 3362 βαρύτητα
1405 3279 1457 3360 τὴν
1470 3296 1498 3337 ευ

212 3386 242 3447 ἐν
264 3383 339 3466 αὐτῇ
364 3386 383 3465 ίη
405 3388 443 3465 γῆ
466 3382 583 3466 φέρεται
605 3385 694 3457 κάτω,
718 3381 737 3462 ἢ
760 3379 798 3444 δι’
825 3381 861 3463 ἢν
876 3381 978 3453 αἰτίαν,
1002 3381 1158 3462 ἃπράσσει
1174 3382 1206 3443 τὸ
1223 3383 1311 3464 ζῷον,
1335 3381 1457 3463 πράσσει

159 3509 192 3554 30
211 3486 282 3550 καθ’
313 3488 417 3570 ὁρμήν,
451 3490 492 3567 τῷ
516 3483 622 3566 ταύτην
646 3483 767 3547 ἕκαστον
789 3483 884 3546 αὐτῶν
907 3484 959 3566 τὴν
981 3484 1073 3545 αἰτίαν
1107 3483 1136 3550 ἐξ
1158 3482 1246 3545 αὐτοῦ
1269 3483 1341 3566 πρὸς
1362 3482 1398 3544 τά
1420 3506 1457 3563 γι·

209 3591 316 3671 νὸμενα
342 3591 495 3662 συντελεῖν,
529 3589 656 3649 τοιοῦτον
681 3583 684 3668 ἰ
714 3584 746 3649 ὁν
772 3585 824 3669 τὴν
851 3585 946 3670 φύσιν,
979 3585 1071 3654 οὕτως
1097 3583 1160 3647 οὐδ’
1194 3584 1239 3646 ἐπὶ
1267 3590 1324 3647 τῶν
1352 3583 1450 3647 ἄλλοτ’
1475 3591 1510 3648 ὁὸ

162 3873 170 3922 l
192 3870 262 3934 <οὸκ>
274 3871 314 3922 ἰπλ
327 3870 476 3923 Schulthess
570 3871 609 3939 τῷ
626 3867 754 3940 ἀνθρώπῳ
767 3867 848 3921 Lond.
862 3871 893 3921 0:
911 3867 1120 3938 τῶνάνθρώπων
1134 3867 1209 3921 Van:
1228 3876 1280 3926 τοῖς
1292 3867 1433 3936 ἀνθρώποις
1442 3869 1476 3922 B²

157 3957 269 4026 γινεσθαι
288 3963 311 4009 V
394 3957 465 4015 3ώς
483 3953 545 4009 ὁὈ
634 3956 692 4010 ὁτι
709 3957 764 4020 (καί
777 3961 821 4008 τοῦ
834 3958 869 4026 μὴ
884 3955 1088 4025 βουλευσάμενοι)
1100 3956 1227 4009 Schwartz
1310 3956 1375 4009 ὁᾶν
1388 3958 1474 4011 addidi

157 4047 215 4116 (μὴ)
235 4044 415 4114 βουλεὸσασθαι
433 4044 582 4096 Schultbess
671 4044 686 4094 ’ἰ
706 4044 911 4112 βουλευσαμένων
925 4044 1018 4097 Cas.0
1107 4044 1138 4112 ἠν
1157 4043 1186 4095 ἂν
1200 4044 1250 4095 0¹²:
1270 4063 1300 4112 ην
1319 4063 1349 4096 αν
1362 4046 1419 4108 (sic)
1430 4050 1462 4097 V:
1480 4064 1511 4114 ην

158 4133 187 4185 ἂν
201 4136 238 4186 sic
248 4137 278 4185 B:
298 4132 329 4202 ἡν
343 4133 372 4184 ἂν
386 4137 409 4184 Κ
509 4129 689 4200 βουλευώμεθα
708 4130 736 4183 κ’
835 4132 878 4183 καλ
896 4132 955 4201 (μη)
974 4130 1170 4200 βουλευσάμενοι
1187 4130 1228 4193 (ἂν
1247 4129 1399 4203 ἐπράξαμεν·
1418 4135 1510 4202 μάτ>ην

157 4222 225 4291 (γὰρ)
244 4220 273 4271 ἂν
293 4221 315 4289 β.
336 4221 465 4272 Schwartz
546 4219 600 4271 ’λθ
618 4219 803 4288 ἰπογουμίναυς
817 4221 918 4286 scripsi,
937 4219 969 4271 εἰ.
986 4219 1091 4282 196,15;
1111 4219 1287 4290 ἐποχουμίνων
1299 4219 1358 4272 libri
1439 4222 1456 4273 8
1474 4222 1510 4288 τῷ

157 4308 178 4359 εἰ
196 4307 226 4378 δὴ
241 4308 381 4359 Schwartz:
401 4306 506 4360 τωιειὸει
520 4311 552 4357 V:
570 4309 608 4374 τῷ
626 4305 684 4357 είὸτι
697 4305 747 4356 εἰίτ
767 4309 804 4375 τῷ
823 4307 845 4358 εἰ
864 4307 977 4373 Casp.0
1058 4304 1098 4358 ὁτι
1112 4347 1118 4358 .
1130 4345 1137 4356 .
1150 4304 1191 4358 ὅτε
1210 4306 1328 4359 Lond.0
1409 4306 1424 4358 9
1443 4309 1511 4374 νομί-

157 4397 205 4455 ζειν
224 4397 318 4464 κίνησιν
332 4395 366 4447 13²
436 4395 501 4458 (καί)
519 4394 558 4446 διὰ
571 4393 605 4445 1³²
617 4394 674 4445 Cas.
688 4392 788 4446 Gercke
862 4394 892 4445 12
912 4394 975 4465 ἔχει]
995 4412 1033 4464 χει
1046 4395 1073 4445 in
1088 4394 1164 4445 lit.v
1238 4394 1268 4445 13
1287 4393 1350 4462 ἐστί]
1369 4394 1476 4447 lucas.

160 4484 190 4534 14
210 4483 254 4535 alt.
274 4480 321 4535 οἰνιι
334 4481 393 4533 add.
407 4481 575 4533 SchultessO
665 4480 782 4539 ἀναιτίως
801 4484 864 4544 (τών
882 4477 987 4542 ῖξωθτν)
1006 4480 1064 4532 Cas.
1156 4480 1187 4532 15
1205 4481 1251 4550 τὴν
1272 4496 1350 4548 supra
1368 4498 1433 4533 νοτε.
1447 4486 1470 4530 V

157 4569 234 4622 αὐτου
245 4574 268 4620 V
345 4569 373 4620 17
393 4568 510 4621 lacunam
526 4566 641 4620 indicavi
713 4567 747 4620 20
759 4567 816 4632 (ώς)
829 4568 864 4637 μὴ
879 4569 984 4635 scripsi:
1005 4568 1040 4636 μὴ
1052 4567 1128 4618 Va¹²:
1146 4566 1175 4618 τὸ
1189 4568 1224 4636 μὴ
1236 4572 1268 4619 H:
1287 4570 1324 4634 τῷ
1344 4569 1378 4637 μη
1393 4571 1448 4621 SO:
1467 4573 1511 4619 τοῦ

157 4658 234 4727 μηΕ
306 4655 336 4707 ’ἐί
358 4654 413 4724 καὶ]
433 4656 495 4708 εἰΟ
576 4655 598 4708 εἰ
617 4655 705 4707 addidi
776 4656 807 4726 ἠν
827 4671 876 4707 om.
896 4654 935 4705 a¹²
1016 4655 1048 4706 22
1068 4655 1097 4706 ἂν
1116 4655 1204 4707 addidi
1280 4656 1331 4728 τίγί
1350 4657 1472 4707 Lond.O:
1491 4656 1512 4706 εἰ

156 4743 183 4795 ὁέ
195 4743 257 4795 Va¹²
331 4750 383 4795 τῶν
396 4758 446 4795 om.
460 4746 508 4794 ΗΟ
580 4742 614 4794 23
632 4741 726 4810 ὁμοίως
738 4742 778 4795 ⁸¹²
849 4742 882 4794 25
901 4742 1029 4811 σύμφορον
1042 4745 1104 4794 Βείι
1124 4758 1250 4812 συμφαρον
1262 4747 1292 4794 V:
1313 4745 1436 4811 συμφέρον
1450 4745 1477 4793 α’·1

157 4831 190 4883 26
205 4831 322 4883 lacunam
337 4830 450 4882 indicavi
523 4830 555 4881 27
574 4828 638 4882 ἄλλα
651 4827 969 4899 (αἱρεῖσθαθὸσίιυίἰεεεῡ
1041 4829 1074 4882 28
1092 4832 1158 4882 κατὰ
1170 4832 1215 4899 τὴν
1226 4833 1259 4882 B²
1331 4831 1363 4882 θθ
1376 4829 1474 4897 αὺτηλί

156 4920 271 4988 πράσσει]
295 4932 345 4970 σσει
368 4919 396 4970 in
415 4917 453 4969 lit.
473 4922 496 4967 V
592 4916 626 4970 30
644 4917 761 4989 ὁρμηνθ
850 4917 959 4970 fortasse
977 4919 1014 4986 τηῖ
1032 4916 1093 4982 (διὰ)
1111 4917 1204 4987 ταὸτην
