3540 5610
681 326 884 380 Annxnnnnl
908 327 952 380 DE
976 284 1095 381 hnlnh
1522 328 1564 392 45

262 500 316 583 γὰρ
331 505 394 584 φῶς
410 500 519 585 χρῶμά
534 523 596 567 πως
610 499 716 581 γίνεται
730 503 781 563 τοῦ
801 501 894 568 οὕτως
908 502 1072 585 διαφανοῦς,
1097 502 1137 568 ὡς
1151 500 1327 585 προείρηται,
1350 499 1366 562 δ
1382 500 1412 563 έν
1428 500 1509 584 αὐτῷ

262 602 367 684 γίνεται
390 603 532 687 παρουσίᾳ
553 606 604 665 τοῦ
624 603 757 685 φωτίζειν
780 601 851 664 αῦτδ
874 601 1048 686 πεφυκότος,
1070 606 1196 666 τοιοῦτον
1220 604 1252 667 δὲ
1271 602 1303 666 τό
1325 627 1358 666 τε
1383 607 1439 687 πῦρ
1462 603 1509 665 καλ

263 706 294 768 τδ
317 706 397 769 δεῐον
425 710 520 788 σῶμα.
565 705 638 768 κατὰ
663 704 716 788 γὰρ
744 705 797 789 τὴν
819 705 928 767 τούτων
954 705 1039 768 ποιὰν
1067 704 1166 791 σχέσιν
1194 706 1264 789 πρὸς
1291 704 1364 767 αὐτὰ
1392 706 1423 767 τδ
1447 710 1511 788 φιῦς
1576 744 1578 748 -

264 808 379 889 γίνεται.Ι
412 809 456 872 διδ
471 793 528 872 ’καὶ
542 808 692 892 παρόντων
716 808 767 891 μέν
789 805 884 870 αὐτῶν
903 811 1091 892 πεφώτισται,
1114 805 1301 871 ἀπελθόντων
1324 809 1357 870 δὲ
1372 805 1510 889 συναπέρ-

232 927 344 994 5χεται
367 913 416 974 καὶ
437 912 469 974 τδ
490 917 564 996 φῶς.
603 911 622 993 ἡ
645 911 677 973 δὲ
699 909 729 972 ἐν
752 914 811 978 τοῖς
832 916 959 993 στερεοῖς
980 911 1130 994 διαφάνεια
1157 910 1237 978 ἐντδς
1263 910 1318 988 καὶ,
1338 910 1511 994 μεμιγμένον
1525 925 1552 966 ιτ

263 1014 312 1075 καὶ
334 1014 421 1077 συνδν
443 1011 506 1097 ἔχει
527 1014 560 1075 τδ
583 1019 700 1098 χρῶμα.
745 1012 788 1074 διδ
810 1011 844 1074 οῦ
872 1014 944 1076 ποτὲ
965 1013 1016 1097 μὲν
1039 1013 1176 1096 πάρεστιν
1198 1012 1291 1095 αὐτῆ,
1319 1014 1389 1075 ποτὲ
1411 1012 1437 1075 δ’
1465 1011 1510 1086 οῦ,

262 1117 304 1182 ὡς
330 1119 389 1182 τοῖς
416 1115 558 1199 ἀορίστοις
584 1113 750 1199 ῦιαφανέσιν
777 1115 810 1177 τδ
839 1122 912 1198 φῶς.
956 1114 1071 1179 ἔστιδὲ
1097 1119 1155 1177 τῶν
1182 1115 1273 1184 οῦτως
1300 1101 1447 1199 διαφανῦιν
1476 1115 1511 1177 τὰ

262 1217 315 1298 μὲν
338 1221 464 1299 μᾶλλον,
491 1218 526 1280 τὰ
549 1217 574 1281 δ’
602 1218 688 1301 ῆττον
716 1219 856 1301 διαφανῆ,
884 1217 900 1280 δ
921 1220 1025 1300 γίνεται
1053 1221 1132 1299 ποσῆ
1156 1216 1228 1298 μίξει
1254 1222 1305 1281 τοῦ
1328 1219 1431 1302 ῆκιστα
1453 1219 1510 1280 δια-

259 1323 368 1401 φανοῦς
390 1322 535 1406 σώματος.
573 1325 700 1383 τοιοῦτον
724 1319 756 1382 δὲ
777 1322 797 1403 ῆ
819 1325 872 1402 γῆ·
896 1321 969 1403 αῦτη
992 1321 1046 1404 γὰρ
1068 1320 1098 1383 ἐν
1122 1321 1164 1389 οίς
1188 1318 1222 1382 ἂν
1245 1320 1340 1404 μιχδῆ
1364 1319 1510 1403 ἐμποδίζει

213 1437 250 1480 νιιι
263 1422 316 1505 τὴν
339 1423 503 1505 διαφάνειαν
525 1422 631 1486 αὐτῶν.
675 1420 743 1505 παρ’
772 1422 807 1505 ῆν
829 1422 920 1485 αἰτίαν
943 1426 991 1487 καὶ
1017 1426 1036 1507 ῆ
1059 1429 1117 1494 τῶν
1140 1423 1305 1508 χρωμάτων
1327 1422 1431 1504 γίνεται
1453 1425 1510 1486 δια·

260 1527 347 1609 φοραί.
380 1526 414 1587 τδ
435 1525 486 1606 μὲν
507 1525 562 1609 γὰρ
585 1530 694 1609 χρῶμα
715 1524 745 1586 ἐν
765 1525 849 1587 παντὶ
871 1527 1006 1610 διαφανεῖ
1023 1526 1128 1609 γίνεται
1142 1528 1247 1588 λευκοῦ
1268 1547 1342 1595 τινος
1356 1525 1509 1610 παρουσίᾳ,

262 1632 389 1690 τοιοῦτον
411 1627 466 1711 γὰρ
488 1629 536 1691 καὶ
558 1629 591 1690 τδ
614 1632 681 1712 πῦρ,
704 1626 780 1690 ἀλλὰ
801 1626 821 1708 ἦ
844 1626 927 1696 ἐκτδς
949 1625 1039 1704 ὄντος,
1061 1628 1081 1711 ῆ
1105 1627 1279 1711 μεμιγμένου
1301 1627 1394 1714 αῦτιρ.
1435 1630 1454 1713 ἡ
1479 1629 1551 1694 δδυυ

259 1731 334 1793 κατὰ
357 1732 390 1793 τδ
407 1729 516 1814 μᾶλλόν
539 1754 570 1793 τε
592 1731 639 1793 καλ
655 1730 741 1814 ῆττον
763 1733 814 1791 τοῦ
830 1731 986 1813 διαφανοῦς
1007 1730 1130 1815 διαφορὰ
1152 1731 1266 1793 καὶτοῦ
1289 1731 1422 1815 φωτίζειν
1439 1731 1510 1795 αὐτὸ

260 1832 422 1916 πεφυκότος
444 1834 575 1902 πλείονος
601 1833 621 1916 ῆ
644 1833 794 1899 ἐλάττονος
817 1831 889 1914 μῖξις
912 1837 990 1895 ποιεῖ
1017 1832 1068 1901 τὰς
1089 1839 1147 1895 τῶν
1170 1836 1335 1918 χρωμάτων
1361 1835 1508 1918 διαφοράς.

219 1952 247 1995 15
260 1937 365 1999 λευκδν
393 1937 446 2019 μὲν
475 1936 529 2018 γὰρ
556 1937 604 1999 καλ
626 1935 797 2020 φωτοειδές,
828 1935 858 1997 ἐν
885 1934 928 2003 οἷς
949 1935 1154 2019 καθαρώτερόν
1181 1960 1212 1999 τε
1239 1937 1272 1998 τὸ
1299 1938 1434 2021 διαφανὲς
1462 1938 1509 2000 καλ

260 2043 361 2102 πλεῖον
384 2040 416 2102 τδ
442 2038 607 2123 χρωννῦον,
633 2035 751 2101 ἔλαττον
774 2038 806 2100 δὲ
832 2038 881 2100 καὶ
903 2037 1071 2121 ὑφειμένον,
1093 2038 1152 2122 ῆδιγ
1174 2039 1207 2101 δὲ
1232 2040 1281 2102 καὶ
1301 2039 1342 2108 είς
1365 2040 1397 2103 τδ
1420 2039 1509 2120 μέλαν

261 2143 427 2218 ἀποκλῖνον,
450 2142 480 2204 ἐν
503 2141 547 2209 οἷς
568 2140 615 2203 ἐπὶ
636 2144 773 2203 τοσοῦτον
796 2141 844 2203 καὶ
866 2140 899 2202 τδ
922 2140 1066 2224 διαφανές.
1109 2140 1139 2203 ἐν
1162 2140 1214 2228 οἷς.
1227 2141 1323 2224 μέντοι
1345 2143 1510 2228 ῦιαφανέσιν

263 2246 297 2306 τδ
319 2244 447 2327 ἐνεργείᾳ
468 2243 543 2307 αὐτὰ
566 2248 665 2306 ποιοῦν
693 2248 821 2306 τοιοῦτον
845 2241 994 2325 μέμικται,
1024 2246 1113 2305 ταῦτα
1137 2244 1222 2306 συνδν
1245 2241 1308 2329 ἔχει
1334 2246 1382 2308 καὶ
1405 2245 1509 2308 οἰκεῖον

258 2348 293 2408 τό
316 2346 484 2432 γρῶμα,·δ
514 2347 562 2408 καί
588 2347 695 2430 κυρίως
719 2343 723 2429 ἱ
747 2348 875 2408 καλεῖται
904 2349 1021 2429 χρῶμα.
1065 2346 1097 2408 τδ
1120 2345 1174 2429 γὰρ
1200 2351 1264 2430 φῶς
1290 2346 1324 2410 οῦ
1351 2353 1490 2412 τοιοῦτον.
1509 2366 1561 2409 ιοιι

216 2466 246 2508 ου
262 2452 310 2512 καὶ
333 2449 393 2513 ἔστι
415 2451 448 2511 τδ
464 2449 553 2532 πέρας
575 2454 633 2510 τῶν
653 2448 822 2531 ὡρισμένων
845 2450 991 2532 διαφανῦνν
1014 2445 1089 2510 καδό
1113 2447 1173 2511 ἐστι
1195 2450 1319 2534 διαφανῆ
1343 2451 1375 2514 τδ
1391 2457 1507 2536 χρῶμα.

260 2554 338 2616 καδδ
361 2553 412 2636 μὲν
432 2551 485 2636 γὰρ
509 2556 605 2633 σῶμα,
628 2550 718 2635 πέρας
739 2551 836 2614 αὐτῶν
855 2551 1016 2633 ἐπιφάνεια,
1038 2551 1114 2613 καδδ
1138 2551 1170 2614 δὲ
1185 2553 1320 2636 διαφανῆ,
1342 2555 1375 2616 τδ
1390 2560 1507 2640 χρῶμα.

259 2657 305 2720 διδ
328 2656 376 2718 καὶ
399 2654 528 2717 σῦνεστιν
550 2657 588 2737 τῆ
611 2653 763 2738 ἐπιφανείᾳ
784 2654 817 2717 τδ
840 2659 957 2738 χρῶμα.
1002 2654 1032 2716 ἐν
1055 2653 1146 2736 ταύτῃ
1169 2654 1221 2739 γὰρ
1244 2657 1263 2738 ἡ
1287 2651 1429 2740 φαντασία
1451 2664 1508 2721 τῶν

258 2759 437 2844 χρωμάτων.
476 2755 562 2838 μόνον
585 2779 615 2819 τε
637 2756 690 2841 γὰρ
714 2761 771 2818 τῶν
794 2758 938 2838 σωμάτων
961 2755 994 2818 τδ
1009 2755 1099 2839 πέρας
1120 2756 1254 2840 φανερόν,
1276 2760 1323 2822 καὶ
1345 2760 1377 2822 τδ
1400 2767 1508 2845 χρῶμα

257 2860 383 2946 φανερόν
404 2883 437 2922 τε
459 2861 507 2922 καλ
529 2857 714 2944 φαινόμενον·
748 2859 824 2922 καδδ
848 2858 975 2943 μὲνγὰρ
999 2858 1090 2942 δρατὰ
1110 2860 1147 2922 τὰ
1170 2862 1303 2942 σώματα,
1328 2863 1403 2926 κατὰ
1424 2869 1508 2928 τοῦτο
1535 2881 1549 2922 ο

214 2981 243 3025 25
257 2966 307 3027 καὶ
329 2951 518 3048 κέχρωσται·’
537 2961 610 3024 κατὰ
632 2963 665 3024 δὲ
686 2963 718 3024 τδ
741 2960 831 3046 πέρας
853 2962 952 3045 ὁρατά.
996 2962 1040 3023 διδ
1063 2958 1190 3044 εὐλόγως
1211 2963 1244 3025 τδ
1266 2968 1374 3049 χρῶμα
1395 2966 1508 3050 λέγεται

150 3174 161 3197 ⁹
204 3118 275 3176 ιὼς
293 3117 438 3188 προείρηται
457 3132 508 3168 om.
605 3116 667 3170 5δὲ
686 3133 736 3170 om.
830 3117 897 3170 5-ss
917 3115 1074 3190 ἐντὸς-ἔχει
1092 3115 1121 3169 τὸ
1138 3117 1243 3189 χρῶμα]
1262 3118 1304 3173 die
1322 3120 1406 3176 Fnrhe
1423 3123 1482 3190 (des
1500 3125 1560 3178 Fer-

201 3204 308 3261 hende?
328 3204 427 3277 15:32)
445 3203 527 3256 findet
545 3205 598 3256 sich
618 3220 668 3257 von
687 3198 819 3272 fnwendig
837 3204 881 3270 (Ρι
901 3204 978 3256 darin
997 3206 1139 3273 vermengt)
1229 3205 1244 3256 δ
1263 3205 1292 3260 οδ
1312 3209 1423 3262 Arahem
1442 3213 1560 3265 omisisse

200 3295 270 3346 vidit
282 3295 332 3345 int.
344 3292 422 3345 Hehr.
492 3290 509 3343 8
527 3290 617 3361 ἥκιστα
630 3291 774 3361 διαφανοῦς]
787 3291 872 3344 addit:
886 3296 962 3344 unter
975 3292 1025 3344 den
1038 3292 1154 3360 Khrpern
1227 3294 1258 3346 12
1277 3293 1293 3364 ῆ
1306 3294 1496 3370 ἐκτὸς-αῦτῷ]
1509 3316 1560 3353 νου
1580 3341 1585 3349 .

200 3397 301 3447 hussen
319 3380 380 3432 oder
399 3393 459 3431 von
477 3380 576 3432 innen
595 3380 656 3432 oder
672 3379 747 3432 datin
760 3386 901 3446 vermengt.
928 3379 1036 3432 alterum
1057 3379 1148 3442 „oder“
1164 3380 1305 3434 absurdum
1324 3398 1379 3436 esse
1391 3389 1466 3437 notat
1483 3386 1560 3440 Hebr.

186 3469 229 3521 δὲ
249 3485 302 3521 om.
375 3467 477 3518 13-14
495 3467 538 3519 καὶ
550 3472 595 3518 τοῦ
607 3466 835 3537 φωτίζειν-μῖξις]
854 3466 908 3519 und
922 3483 996 3533 wenn
1009 3465 1082 3533 (0b?)
1101 3467 1147 3519 das
1161 3467 1292 3537 Gemenge
1306 3485 1356 3522 von
1369 3471 1453 3525 einem
1467 3474 1560 3544 Dioge,

200 3559 297 3609 dessen
312 3555 394 3608 hatur
406 3571 433 3607 es
446 3556 491 3619 iet,
509 3554 568 3607 dass
586 3570 614 3606 es
627 3555 745 3608 desselbe
764 3553 908 3613 helenchte‚
925 3554 979 3605 und
993 3553 1086 3605 dessen
1100 3555 1156 3619 hrt,
1174 3554 1235 3608 dass
1253 3572 1281 3608 es
1294 3556 1413 3612 dasselhe
1426 3561 1560 3615 belenchhe

200 3647 230 3697 in
251 3643 394 3712 grhseerem
413 3644 474 3695 oder
493 3644 653 3710 geringerem
672 3642 771 3693 Maasse
874 3640 975 3698 λῖν-19
995 3640 1150 3693 λευκὸν-οῦ
1168 3643 1294 3713 τοιοῦτον]
1313 3645 1347 3697 Es
1366 3647 1427 3699 wird
1447 3648 1558 3702 nhmhch

200 3732 245 3782 die
264 3729 348 3782 Farbe
366 3731 410 3782 des
424 3731 521 3797 [finges
540 3730 615 3782 weiss
635 3726 699 3796 [νοτ.
718 3729 776 3782 lect.
796 3730 840 3782 des
855 3726 994 3796 Weissen],
1012 3728 1158 3795 leuchtend,
1176 3745 1250 3783 wenn
1270 3731 1317 3783 das
1330 3733 1513 3802 Sapphirische
1531 3737 1560 3788 in

201 3818 255 3869 ihm
276 3817 360 3870 nutet
378 3818 431 3870 und
449 3817 506 3870 rein
525 3819 559 3869 ist
576 3816 632 3868 und
650 3832 678 3869 es
696 3816 768 3868 mehr
785 3801 934 3870 Fhrbendes
952 3815 987 3882 (ί)
1006 3817 1059 3881 hat,
1078 3818 1139 3870 aber
1156 3819 1276 3886 geringer
1293 3835 1333 3872 en
1352 3822 1476 3875 Weisse
1495 3823 1559 3875 und

200 3904 369 3969 Lichtist,
387 3904 451 3956 nnd
464 3903 719 3957 sehwhchervon
733 3903 910 3973 (in?)jenen
923 3903 1040 3957 beiden
1054 3902 1319 3973 Gegensthnden,
1337 3925 1395 3960 zum
1409 3909 1559 3964 Schwarzen

201 3991 326 4060 neigend.
362 3991 421 4044 Wie
439 3992 475 4059 (P)
494 3993 541 4044 des
559 3990 742 4058 Sepphirische
761 3991 898 4056 ebenfalls,
919 4007 995 4044 wenn
1013 3991 1068 4056 den,
1087 4007 1138 4044 ναι
1156 3992 1273 4046 dasselhe
1291 3996 1320 4047 in
1338 4001 1398 4047 ectu
1417 3999 1444 4049 in
1463 3998 1558 4051 diesem

199 4080 302 4131 δίωκε
321 4079 408 4131 maeht
425 4070 503 4145 (und)
521 4079 606 4133 dieser
619 4078 796 4148 Gegenstend,
814 4078 859 4130 der
872 4084 1006 4146 vermengt
1025 4079 1059 4130 ist
1077 4080 1105 4131 in
1119 4080 1181 4145 ihm,
1200 4080 1263 4133 wird
1277 4081 1424 4136 demselhen
1444 4086 1502 4138 eine
1515 4088 1558 4139 be·

200 4166 311 4218 sondere
323 4165 415 4219 Farbe.
450 4166 509 4220 Und
521 4167 568 4219 das
581 4166 616 4219 ist
628 4166 674 4219 das
687 4166 767 4235 Ding,
786 4165 893 4218 welches
912 4165 939 4216 in
953 4166 1091 4218 Wahrheit
1103 4167 1186 4220 Farhe
1204 4174 1320 4236 genennt
1338 4171 1409 4236 wird‚
1428 4173 1498 4225 denn
1511 4173 1558 4226 das

202 4253 277 4307 Licht
295 4255 331 4306 ist
350 4253 422 4306 nicht
441 4268 470 4305 so
550 4253 585 4306 ‘20
602 4253 721 4323 διαφανῆ]
741 4254 887 4322 begrenzte,
906 4254 1084 4322 sapphirische
1160 4254 1263 4308 23-24
1282 4257 1357 4325 μόνον
1375 4277 1402 4310 τε
1420 4260 1559 4331 γὰρ-φαι-

200 4340 317 4410 νόμενον]
343 4339 386 4394 die
404 4340 500 4393 Fliche
517 4342 554 4394 ist
571 4341 684 4394 nhmlieh
703 4341 782 4393 allein
801 4341 847 4392 des
867 4340 938 4392 Ende
958 4340 1003 4393 der
1022 4341 1120 4410 Khrper
1138 4343 1191 4394 und
1211 4344 1247 4395 ist
1263 4346 1329 4398 auch
1349 4346 1395 4399 das
1414 4346 1560 4413 Offenbere,

201 4444 252 4481 was
272 4444 324 4481 von
343 4429 424 4481 ihnen
442 4429 555 4497 genehen
572 4429 634 4482 wird
742 4427 847 4481 24-25
865 4425 1057 4500 κὰδδ-δραταΊ
1078 4445 1127 4482 om.

201 4549 427 4605 afomsseehzh
534 4552 689 4622 ὀστεράιοις
707 4550 810 4618 (sic)V
918 4549 1018 4620 δαῦτῄ
1037 4549 1083 4615 m',
1102 4548 1165 4621 αῦτη
1185 4553 1220 4602 m¹
1241 4553 1276 4605 V:
1293 4552 1393 4625 αῦτῇα
1499 4556 1559 4611 δέτι

201 4637 218 4689 8
235 4637 339 4708 ἥκιστα]
359 4637 375 4707 ἥ
395 4655 473 4708 supra
491 4640 571 4692 lin.V
643 4640 659 4691 9
678 4636 788 4712 μιχδῆιι
862 4637 962 4690 15-17
981 4636 1233 4709 λευκὸν-διαφανίς]
1254 4642 1337 4695 Arabs
1350 4643 1444 4711 legisse
1458 4645 1558 4698 videtur

202 4723 304 4777 ἔλαττον
322 4726 401 4788 (κατὰ
413 4725 554 4796 λευκότητα
572 4746 599 4780 τι
617 4727 660 4778 καὶ
673 4729 739 4797 φῶς)
757 4727 800 4778 καὶ
818 4725 959 4794 ὑφειμένον.
988 4725 1033 4778 sed
1049 4731 1079 4778 nt
1098 4726 1146 4778 int.
1165 4727 1235 4779 hebr.
1248 4729 1286 4780 ita
1298 4732 1375 4782 verba
1390 4748 1482 4798 graeca
1500 4750 1558 4802 gra·

202 4814 258 4863 vius
278 4816 547 4881 commendentur,
566 4815 635 4866 velut
654 4814 801 4881 postuletur
821 4829 843 4864 ι.
861 4814 890 4865 16
910 4813 949 4876 (τό
969 4812 1109 4882 γρωννόον)
1128 4815 1170 4865 καὶ
1189 4814 1218 4867 τὸ
1235 4815 1352 4886 διαφανές
1431 4820 1460 4872 Π
1479 4822 1505 4872 ἐν
1523 4820 1581 4880 οίς’

202 4900 252 4970 ι’πλ]
271 4921 285 4950 ν
304 4900 330 4952 οί
346 4901 375 4953 in
395 4903 434 4954 lit.
446 4904 464 4953 λ’
565 4903 599 4954 ’23
617 4900 692 4969 μόνον
711 4902 818 4969 scripsi:
838 4902 921 4970 μόνων
943 4903 979 4952 λύ
1072 4904 1105 4954 24
1125 4903 1231 4972 σώματα
1250 4907 1355 4973 scripsi:
1374 4907 1498 4977 χρώματα
1519 4910 1556 4962 Vn
