3540 5610
503 332 538 384 lll
576 331 619 384 DE
639 329 818 384 CODlOlBUS
838 329 928 382 LIBRI
948 329 992 381 Dll
1011 327 1100 381 FATO
1401 329 1478 368 xxxv

209 502 254 568 Ut
276 501 404 568 Oaselio
427 502 632 585 Zanettiaua‚
659 502 705 567 ita
727 502 891 567 Auouruo
913 499 1031 565 Aldina
1060 497 1210 565 editionis
1236 497 1478 564 fundamentum

120 621 193 686 fnit.
242 628 412 705 praeterea
437 629 545 687 autem
579 627 611 687 et
637 621 695 685 illa
721 621 750 686 ei
777 628 854 686 nota
886 619 945 683 fuit
973 626 1005 684 et
1032 618 1202 701 Eusebius,
1237 625 1271 682 ut
1296 618 1329 684 in
1356 617 1480 704 praefa-

121 741 212 806 tione
234 740 305 825 ipse
327 739 457 806 fatetur:
480 762 559 825 qaae
579 742 614 802 c'e
637 740 765 802 Aldine'a
786 737 1007 824 recipiamus
1025 737 1152 803 Graecis
1173 749 1317 802 truncate
1338 749 1410 802 suat
1425 749 1480 801 aut

123 861 232 944 prooem
253 860 342 922 modo
362 860 510 922 mutilata
531 882 567 923 ecc
588 859 720 923 Eemebe'o
738 863 859 944 partim
880 882 916 922 ee
930 861 1105 922 coniectura
1119 880 1181 922 oon
1195 881 1278 921 oeae
1293 861 1481 922 restituimus

122 989 151 1041 et
172 981 339 1042 versionem
361 981 559 1064 pauprculam
585 971 684 1065 mepta
710 1001 804 1064 qoam
831 981 1013 1042 concinnam
1039 980 1214 1043 adiecimus.
1263 984 1296 1043 et
1322 977 1482 1063 supplevit

123 1097 254 1181 quidem
277 1117 318 1163 ex
341 1098 480 1163 Eusebio
506 1098 732 1183 lours-29,
764 1100 897 1163 lacunas
919 1104 1027 1164 autern
1049 1118 1129 1181 quas
1151 1119 1192 1164 ex
1214 1097 1319 1163 altera
1341 1097 1481 1162 editione

123 1217 246 1283 sarcire
267 1217 370 1303 potuit
391 1217 518 1283 hiantes
540 1218 678 1302 reliquit.
722 1238 787 1282 non
809 1216 925 1283 desunt
951 1217 1143 1284 emendandi
1171 1217 1340 1284 conamina
1363 1212 1482 1280 Caselii

123 1335 311 1420 audaciora,
334 1338 423 1404 velut
446 1339 629 1422 llatae
654 1337 782 1421 180,16.

212 1455 345 1523 Ouuuun
369 1457 501 1523 editioni
529 1457 667 1523 maxime
689 1456 809 1540 profuit
835 1456 921 1540 quod
943 1457 1137 1523 Hauuiensis
1164 1456 1336 1523 eollatioue
1362 1455 1408 1521 uti
1431 1475 1484 1541 po-

124 1574 199 1658 tuit3
233 1595 338 1659 neque
361 1576 496 1661 Caspari
520 1574 630 1642 Orellii
653 1576 824 1661 symbolis,
846 1576 960 1660 quibus
983 1576 1097 1642 librum
1121 1577 1261 1661 ornavit,
1289 1577 1358 1641 siue
1380 1574 1483 1641 fruotu

124 1700 229 1759 utere.
281 1694 351 1778 ipse
377 1701 485 1761 autem
511 1716 572 1762 neo
598 1695 786 1762 recensendi
810 1717 870 1762 nee
892 1696 1085 1762 emendandi
1112 1697 1234 1764 muneri
1263 1716 1321 1781 par
1343 1696 1376 1759 id
1399 1693 1483 1778 quod

123 1812 257 1896 ingenio
280 1814 427 1897 peccavit
447 1835 489 1880 ue
511 1814 679 1898 diligentia
701 1816 830 1899 quidem
845 1816 1073 1900 compensarit.
1119 1837 1194 1883 nam
1210 1814 1377 1882 adnotatio
1401 1833 1485 1880 erro-

124 1934 216 1999 ribus
238 1941 351 2000 soatet.

213 2055 292 2119 Post
318 2053 492 2137 Bagolinos
521 2054 760 2138 elegantissime
785 2056 899 2122 librum
934 2057 1032 2122 latine
1059 2058 1289 2143 interpretatus
1316 2060 1365 2121 est
1390 2053 1485 2119 Haeo

125 2173 272 2240 Guorrvs
298 2173 331 2237 iu
357 2173 438 2238 libro
465 2174 720 2259 Philosophorum
747 2188 879 2240 aeteram
905 2178 941 2241 de
965 2178 1040 2262 foto
1062 2189 1090 2242 ct
1110 2178 1146 2241 de
1167 2199 1199 2241 eo
1222 2177 1304 2261 qood
1324 2179 1359 2238 e’a
1380 2185 1487 2238 nostra

124 2304 169 2356 eat
192 2303 340 2377 potestate
359 2293 497 2358 collectae
517 2297 689 2379 pertimet
715 2297 751 2360 dc
775 2319 882 2382 praeco
907 2319 1021 2382 uersae,
1053 2295 1185 2363 Parisiis
1208 2295 1306 2379 16243
1339 2293 1488 2376 Lugduni

123 2411 325 2477 Batavorum
349 2411 553 2479 16461679.
585 2416 769 2498 germanice
786 2416 964 2482 Scnvnrnss
987 2416 1018 2481 in
1043 2416 1123 2481 libro
1140 2415 1310 2479 Bibliotbek
1332 2415 1386 2479 der
1405 2416 1487 2499 pric-

124 2529 264 2594 electen
285 2530 488 2618 Pbiloaopben
509 2534 544 2599 T.
568 2534 611 2600 IV
641 2559 670 2620 p.
693 2537 754 2601 150
766 2556 828 2621 sq.,
856 2537 972 2619 gallice
999 2535 1184 2601 Noumssou
1211 2535 1243 2601 in
1271 2534 1352 2601 libro
1380 2534 1430 2598 Dc
1456 2534 1489 2597 la

125 2648 232 2714 liberte
252 2661 280 2714 ct
301 2652 344 2714 da
365 2651 482 2715 brasard
503 2653 596 2720 Paris
620 2656 711 2721 1870.

215 2769 417 2856 Chrysippea
445 2790 486 2838 ex
507 2772 684 2840 Alexandri
712 2775 793 2840 libro
822 2774 952 2857 collegit
986 2781 1018 2840 et
1051 2776 1211 2841 recensuit
1235 2776 1276 2842 A.
1300 2773 1433 2840 Gnaeus
1454 2773 1487 2838 in

125 2889 370 2975 Supplementis
397 2891 560 2958 annalium
591 2892 825 2976 philologorum
854 2893 930 2958 anni
959 2894 1040 2964 1885
1070 2916 1100 2979 p.
1123 2895 1182 2959 691
1202 2915 1270 2977 sqq.
1316 2894 1488 2959 nonnullos

124 3010 216 3075 locos
231 3008 383 3075 traotavit
398 3009 520 3077 Heius
535 3011 569 3077 in
585 3020 822 3096 programmate
837 3011 1033 3091 „Stoicorum
1047 3014 1084 3076 dc
1097 3014 1172 3098 fato
1187 3015 1348 3077 doctrioa“
1371 3014 1489 3079 Naum·

125 3129 219 3213 burgi
246 3131 339 3197 1855.
