3540 5610
592 302 734 361 ΒΙΒΛΙΟΝ
753 302 934 360 AEI'TEPON
953 304 986 357 2⁷
1428 303 1469 366 '19

164 476 194 542 έν
215 504 246 542 τε
267 484 305 563 τῇ
329 480 387 563 ὕλγγ
415 477 445 542 έν
467 503 498 542 τε
520 483 563 563 τῷ
587 479 671 561 γένει.
716 480 746 542 ἐν
770 479 898 562 μὲνγὰρ
927 484 965 561 τῇ
990 478 1046 561 ὕλγγ
1074 483 1130 540 πᾶν
1157 480 1189 541 τὸ
1212 475 1288 544 εἶδος
1309 475 1416 557 γίνεται

164 580 236 666 οὔσῃ
261 584 354 666 χωρὶς
381 581 474 650 εἴδους
501 581 575 645 κατὰ
601 582 650 644 τὸν
678 583 783 665 ἑαυτῆς
805 580 904 663 λόγον,
934 583 962 643 ἐν
991 583 1022 644 δὲ
1045 586 1087 667 τῷ
1115 581 1190 663 γένει
1217 582 1334 665 φθάσαν
1357 577 1414 661 ἤδη
1428 592 1456 634 ευ

157 684 194 746 τὸ
218 683 295 753 εἶδος
323 687 357 748 τὸ
379 684 541 769 κοινότερόν
568 708 599 747 τε
624 685 673 746 καὶ
694 683 724 745 ἐν
747 687 818 746 πᾶσι
844 687 904 753 τοῖς
927 685 983 746 ὑπὸ
1006 686 1038 747 τὸ
1063 685 1145 767 γένος
1171 681 1260 746 εἴδεσι
1287 681 1414 762 συνείλη·

163 809 241 850 πται.
291 789 338 851 διὸ
366 787 434 851 οὐδὲ
457 789 491 850 τὸ
517 786 593 855 εἶδος
620 791 677 849 πᾶν
707 784 749 848 ἔτι
776 786 806 848 έν
834 790 875 870 τῷ
905 786 978 868 γένει
1006 786 1113 869 γίνεται
1140 790 1183 871 τῷ
1212 786 1297 868 μέρος
1325 782 1413 846 αὐτοῦ

108 910 131 959 5
165 890 281 971 φθάσαν
304 892 358 974 τὴν
380 895 432 953 τοῦ
454 889 552 972 γένους
568 892 754 973 συμπληροῦν
777 889 871 973 φύσιν,
894 891 924 951 αἱ
944 891 976 952 δὲ
992 890 1126 973 διαφοραὶ
1149 889 1179 951 αἱ
1199 890 1230 951 τὸ
1248 888 1341 950 κοινὸν
1363 889 1414 948 τοῦ

161 991 259 1061 εἴδους
280 991 444 1077 διαιροῦσαί
463 993 533 1056 εἰσιν
560 993 590 1055 αἱ
613 996 657 1076 τῷ
679 991 754 1074 γένει
781 991 991 1073 συντιθέμενοι.
1035 993 1079 1054 διὸ
1102 993 1135 1055 τὸ
1159 993 1210 1072 μὲν
1232 991 1313 1072 γένος
1335 989 1414 1073 ἀχώ·
1428 1003 1456 1045 25

84 1176 87 1182 Ι
169 1117 260 1177 ριστον
283 1095 393 1158 τούτων
416 1096 457 1157 ὧν
473 1096 535 1158 ἐστι
556 1094 639 1177 γένος
661 1096 709 1157 καὶ
730 1094 979 1179 σομφθειρὸμενον
1002 1095 1110 1169 αὐτοῖς,
1134 1096 1180 1156 καὶ
1203 1092 1256 1156 οὐκ
1280 1091 1284 1175 γ
1309 1093 1395 1154 εἰδῶν
1419 1098 1466 1154 150

167 1197 235 1261 ἀλλὰ
266 1199 372 1282 μέρους
399 1199 483 1261 εἰδῶν
510 1197 655 1273 δεκτικόν,
685 1200 732 1260 καὶ
759 1196 827 1261 οὐδὲ
853 1199 963 1261 τούτων
996 1202 1036 1267 ὡς
1062 1197 1248 1280 ὑποκείμενον
1275 1195 1414 1271 δεκτικόν,

168 1301 236 1364 ἀλλὰ
258 1305 297 1385 τῇ
321 1302 421 1384 νοήσει
444 1298 662 1385 λαμβανόμενόν
689 1324 720 1363 τε
747 1302 795 1364 καὶ
816 1301 1013 1385 χωριζόμενον
1043 1305 1101 1362 τῶν
1129 1300 1179 1362 σὺν
1201 1299 1245 1366 οἷς
1267 1298 1341 1361 ἐστιν
1365 1296 1413 1359 αὐ-

69 1425 124 1470 10
169 1408 204 1486 τῷ
226 1404 260 1467 τὸ
283 1403 367 1479 εἶναι,
389 1408 442 1486 τῆς
465 1402 536 1487 ὕλης
559 1406 676 1487 πρώτης
698 1402 788 1488 οὔσης
810 1405 916 1472 παντὸς
938 1409 988 1467 τοῦ
1012 1403 1113 1466 ἐνύλου
1136 1405 1280 1485 σώματος.
1319 1404 1336 1484 ἡ
1361 1403 1412 1484 μὲν
1440 1418 1454 1459 ο

167 1507 212 1592 γὰρ
234 1506 289 1570 οὐκ
309 1504 384 1569 οὖσά
406 1529 468 1574 ποις
489 1504 563 1569 κατὰ
585 1507 636 1568 τὸν
651 1507 757 1568 οἰκεῖον
779 1505 863 1588 λόγον
887 1506 1015 1590 ἐνεργείᾳ
1037 1504 1177 1588 δεξαμένη
1200 1506 1233 1567 τὸ
1249 1502 1325 1572 εἶδος
1347 1504 1413 1568 τόδε

167 1631 187 1670 τι
206 1610 314 1691 γίνεται
336 1611 473 1692 ἡπρώτη
496 1606 570 1671 οὖσα
591 1609 671 1693 ἀρχὴ
692 1613 743 1671 τοῦ
765 1607 831 1671 τόδε
854 1632 880 1671 τι
902 1610 950 1671 καὶ
969 1608 1196 1693 συναμφοτέρου,
1220 1609 1252 1670 τὸ
1276 1609 1308 1669 δὲ
1330 1608 1412 1689 γένος

164 1710 215 1774 ἀπὸ
230 1711 341 1775 τούτων
356 1717 415 1774 τῶν
430 1711 539 1774 ἐνύλονν
556 1733 586 1773 τε
601 1712 650 1773 καὶ
669 1711 739 1774 καθ’
760 1712 882 1775 ἕκαστον
904 1712 937 1773 τὸ
961 1710 1032 1773 εἶναι
1053 1710 1271 1796 λαμβανομένου
1295 1711 1341 1772 διὰ
1365 1711 1412 1773 τὸν
1427 1728 1454 1769 1ο

158 1816 309 1899 χωρισμὸν
336 1818 394 1877 τῶν
417 1814 469 1897 τὴν
495 1813 634 1897 διαφορὰν
662 1812 750 1876 αὐτοῦ
779 1815 947 1878 δεικνύντων
976 1838 1007 1877 τε
1034 1815 1081 1877 καὶ
1108 1814 1276 1876 ποιούντων.
1321 1816 1369 1876 καὶ
1392 1839 1411 1898 η

77 1929 126 1977 15
154 1917 209 1994 μὲν
233 1918 290 1999 ὕλη
318 1920 389 1980 πᾶσι
412 1920 471 1985 τοῖς
499 1917 530 1979 ἐν
552 1916 661 1998 γενέσει
688 1940 719 1979 τε
745 1919 793 1980 καὶ
816 1918 914 2002 φθορᾷ
937 1919 1013 1980 αἰτία
1043 1922 1093 1979 τοῦ
1121 1915 1197 1979 εἶναι’
1220 1939 1251 1978 τε
1275 1917 1321 1978 καὶ
1345 1918 1411 2001 ὑφε-

149 2022 273 2093 στάναι,
302 2019 339 2082 τὰ
361 2021 393 2082 δὲ
414 2017 483 2101 γένη
511 2019 622 2088 ἐντοῖς
649 2019 696 2082 διὰ
718 2021 770 2103 τὴν
797 2020 867 2104 ὕλην
894 2021 927 2083 τὸ
949 2019 1023 2082 εἶναι’
1047 2044 1078 2082 τε
1101 2021 1148 2082 καὶ
1176 2019 1228 2101 τὴν
1252 2017 1408 2083 ὑπόστασιν

141 2119 278 2209 ἔχουσιν
306 2122 459 2204 ἐπιγίνεται
487 2119 569 2205 ἔργον
597 2122 659 2204 [τὰ]
685 2127 736 2185 τοῦ
765 2123 944 2191 συντιθέντος
974 2123 1047 2186 αὐτὰ
1075 2123 1122 2185 διὰ
1149 2126 1199 2184 τοῦ
1228 2125 1285 2183 τῶν
1313 2122 1409 2184 ἄλλων

141 2233 219 2289 τῶν
243 2224 487 2309 συνυπαρχόντων
510 2223 590 2309 αὐτῷ
615 2229 651 2306 τῇ
675 2225 786 2309 ἐπινοίᾳ
809 2230 971 2311 χωρισμοῦ.
997 2225 999 2308 γ

74 2512 97 2567 Ῑ3
138 2534 218 2579 τῶν
235 2543 287 2580 om.
305 2546 322 2579 ιι
339 2527 386 2595 Sp.
485 2526 630 2580 ιιαθέκυστα
653 2529 722 2580 τουτ’.
741 2528 784 2596 Sp.
886 2529 927 2598 τὸ]
952 2535 996 2582 τοῦ
1016 2530 1060 2599 Sp.
1080 2538 1126 2582 aut
1143 2527 1343 2596 τὸ-λαμβάνον
1365 2530 1429 2580 bene

64 2594 226 2678 λαμβάνει
247 2616 283 2669 B²
392 2614 422 2667 l?
450 2617 481 2668 τὰ
503 2617 553 2669 del.
574 2615 607 2668 13²
625 2616 669 2683 Sp.
780 2616 844 2669 αὐτὰ
866 2616 957 2670 s²ss²a
981 2619 1038 2685 Sp.:
1066 2617 1141 2670 w'srov
1166 2634 1195 2668 ου
1219 2618 1256 2668 sie
1279 2620 1308 2666 V:
1328 2599 1412 2667 αὺτὸν
1435 2614 1464 2667 σὺ

59 2685 218 2755 B¹ffGs¹
311 2704 341 2756 ιο
359 2711 411 2756 τοι
431 2722 453 2756 s.
471 2721 496 2757 ι.
518 2709 539 2756 v
646 2703 716 2774 οοιρ
735 2705 782 2757 ου
801 2708 858 2772 sp.=
878 2705 962 2758 αοεοι
983 2707 1041 2759 libri
