3540 5610
173 286 177 293 ¹
202 319 245 383 38
677 316 881 370 Αυυκκαυιιι
905 316 949 369 ινιτ
974 316 1083 369 Αιιιιιε

257 490 311 573 γὰρ
326 491 433 575 ῥηιδίως
455 496 492 573 τῇ
509 496 561 574 τῆς
583 492 691 572 τροφῆς
710 489 852 574 παρουσίᾳ
875 489 1056 553 συνίστανταί
1074 512 1106 551 τε
1129 490 1176 551 καὶ
1191 486 1323 557 αὔξονται
1344 487 1379 551 οὐ
1395 491 1505 571 πολλῆς
1588 490 1593 500 ’

256 598 310 677 τῆς
337 595 501 676 οἰκονομίας
530 588 695 675 δείμεναι.“
719 590 802 655 οὐδὲν
832 591 864 654 δὲ
890 596 948 653 τῶν
975 589 1061 676 ζῴων
1091 590 1152 654 οἷον
1180 614 1211 654 τε
1237 589 1304 655 οὔτε
1329 592 1421 676 χωρίς
1446 595 1504 654 τῶν

259 696 470 781 ἀφωρισμένων
492 696 564 780 πρὸς
585 695 636 778 τἠν
659 695 767 778 τροφὴν
791 694 920 778 ὀργάνων
941 693 1114 778 τρέφεσθαι,
1136 691 1204 756 οὔτε
1226 693 1274 756 οίά
1294 716 1326 757 τε
1347 699 1437 758 ταῦτα
1458 716 1505 759 συ-

260 804 361 881 στῆναι
385 800 425 883 μὴ
449 802 499 862 τοῦ
522 797 686 882 σπέρματος
707 795 759 866 τὰς
780 797 914 878 δυνάμεις
935 795 1032 859 αὐτῶν
1055 793 1182 881 ἔχοντος.
1227 797 1271 860 διὸ
1293 797 1342 861 καὶ
1363 797 1436 861 κατὰ
1457 819 1505 879 γα·

230 901 343 984 οστρδς
365 899 433 964 ὄντα
459 899 501 964 ἔτι
525 903 565 970 ὡς
593 898 667 982 μέρη
694 903 746 982 τῆς
768 898 914 983 φερούσης
940 897 1014 962 αὐτὰ
1040 899 1091 981 τὴν
1114 899 1223 984 τροφὴν
1252 900 1401 984 λαμβάνει.
1445 898 1504 983 τρέ·

258 1026 343 1088 φεται
372 1004 424 1087 μὲν
449 1003 503 1089 γὰρ
526 1003 601 1067 κατὰ
627 1002 679 1086 τὴν
702 1000 819 1084 δύναμιν
846 1003 898 1086 τἠν
925 1002 955 1065 ἐν
977 1000 1090 1078 αὐτοῖς,
1116 1001 1232 1087 δέχεται
1262 1003 1295 1065 δὲ
1321 1003 1373 1086 τὴν
1395 1001 1504 1087 τροφὴν
1517 1018 1545 1060 ου

259 1108 300 1175 ὡς
323 1105 407 1191 μέρη.
452 1106 496 1168 διδ
519 1102 586 1168 οὔτε
609 1109 686 1190 ζῴον
708 1103 765 1188 ἤδη
788 1103 855 1167 οὔτε
878 1106 979 1173 ἁπλῶς
1001 1108 1053 1187 (ῆν
1075 1104 1123 1167 καὶ
1145 1104 1212 1168 καθ’
1240 1102 1314 1168 αὐτὰ
1335 1104 1447 1187 λέγεται
1468 1104 1505 1167 τὰ

258 1206 299 1271 ἔτι
322 1209 397 1272 κατὰ
417 1209 539 1292 γαστρὸς
562 1205 639 1271 ὄντα.
683 1211 721 1291 (ᾖ
744 1206 841 1290 μέντοι
862 1207 909 1270 καὶ
932 1207 968 1270 τὰ
989 1212 1047 1269 τῶν
1070 1203 1156 1290 ζῴων
1179 1207 1253 1292 μέρη
1276 1208 1414 1276 πολλάκις
1436 1209 1504 1271 διαι-

259 1311 402 1396 ρεθέντων
432 1311 529 1374 αὐτῶν
558 1311 606 1373 ἐπὶ
634 1308 738 1395 χρόνον
767 1310 843 1384 τινά,
872 1308 914 1378 εἰς
941 1307 1009 1373 ὅσον
1037 1309 1084 1372 ἐπὶ
1111 1313 1169 1372 τῶν
1196 1314 1328 1395 ψυχικῶν
1354 1310 1502 1392 δυνάμεων

219 1430 245 1475 ιο
258 1411 336 1500 ἔχειν
359 1413 408 1477 οἷά
422 1437 453 1476 τε
475 1413 511 1477 τὰ
527 1414 601 1498 μέρη
625 1412 877 1496 ἐγκαταλείμματοί
899 1434 960 1474 τινα
975 1417 1033 1473 τῶν
1048 1435 1079 1474 τε
1099 1411 1250 1497 ἐνεργειῶν
1272 1413 1320 1477 καὶ
1343 1418 1400 1476 τῶν
1422 1415 1504 1477 δυναί-

260 1518 338 1601 μέων
361 1517 402 1579 ὧν
424 1515 505 1601 είχον
526 1514 575 1578 ὅτε
597 1513 633 1600 ἦν
654 1515 791 1599 ἡνωμένα
813 1538 844 1577 τε
866 1515 915 1578 καὶ
938 1519 1047 1598 συνεχῆ
1070 1517 1114 1599 τῷ
1137 1513 1208 1599 ὅλῳ.

343 1617 402 1683 Καὶ
424 1620 521 1683 τοιάδε
549 1619 599 1702 μὲν
623 1619 642 1702 ἡ
666 1620 768 1702 πρώτη
795 1622 847 1700 τῆς
874 1622 971 1702 ψυχῆς
994 1617 1126 1700 δύναμις,
1155 1618 1227 1699 μετὰ
1249 1618 1281 1681 δὲ
1305 1617 1358 1702 τὴν
1381 1623 1545 1705 ίωτικήνοε

259 1747 289 1786 τε
311 1724 359 1786 καὶ
382 1723 503 1807 φυτικὴν
526 1723 637 1806 ψυχήν,
664 1722 683 1804 ἣ
706 1720 848 1784 δέδεικται
870 1719 916 1783 διὰ
937 1723 995 1782 τῶν
1018 1721 1082 1804 περὶ
1104 1719 1195 1804 αὐτῆς
1220 1718 1312 1803 λόγων
1334 1720 1410 1791 εἶδος
1431 1721 1504 1787 οὖσα

258 1829 309 1889 τοῦ
325 1824 444 1910 ἔχοντος
465 1823 556 1908 αὐτὴν
572 1825 716 1908 σώματος,
740 1823 776 1907 ἧς
795 1824 931 1905 δυνάμεις
951 1824 981 1885 αἱ
997 1823 1201 1907 προειρημέναι
1215 1824 1236 1907 ἥ
1252 1846 1283 1885 τε
1297 1823 1438 1909 θρεπτικὴ
1454 1827 1502 1890 καὶ

218 1930 277 2011 1υή
300 1927 438 2011 αὐξητικὴ
462 1928 510 1990 καλ
532 1927 552 2011 ἡ
574 1928 735 2009 γεννητική,
763 1925 835 2008 μετὰ
858 1925 893 2007 δὴ
917 1925 965 1987 τὀν
987 1926 1052 2009 περὶ
1075 1926 1186 2011 ἐκείνης
1207 1924 1291 2009 λόγον
1313 1925 1359 2010 εἴη
1383 1925 1416 1990 ἂν
1439 1927 1504 1990 ἑπό-

259 2054 342 2114 μενον
364 2029 454 2111 λέγειν
478 2029 543 2113 περὶ
566 2033 618 2112 τῆς
640 2027 821 2111 αἰσθητικῆς.
867 2026 987 2110 δευτέρα
1009 2028 1062 2112 γὰρ
1085 2029 1138 2112 ἥδε
1162 2025 1225 2111 μετ’
1252 2027 1374 2112 ἐκείνην.
1411 2032 1504 2094 πάντα

256 2133 310 2217 γὰρ
336 2132 373 2196 τὰ
394 2132 485 2216 ἄλλην
515 2130 578 2194 τινὰ
605 2127 723 2213 δύναμιν
749 2128 855 2215 ἔχοντα
885 2131 1012 2215 ψυχικὴν
1040 2131 1209 2212 ἀναγκαῖον,
1239 2131 1338 2216 ὥσπερ
1366 2129 1430 2217 ἔχει
1450 2135 1503 2217 τὴν
1517 2152 1545 2194 ιο

257 2236 424 2321 δρεπτικήν,
446 2234 539 2303 οὕτως
560 2234 593 2297 δὲ
614 2230 692 2318 ἔχειν
715 2233 762 2295 καλ
784 2233 836 2316 τὴν
852 2232 1044 2316 αἰσθητικήν·
1067 2233 1115 2296 καὶ
1139 2231 1215 2296 ἔστιν
1237 2234 1256 2316 ἡ
1281 2233 1398 2317 δύναμις
1419 2237 1504 2320 αὕτη,

258 2335 324 2402 καθ’
353 2338 388 2420 ἢν
412 2337 447 2400 τὰ
468 2340 562 2408 ζῶντα
583 2335 655 2419 πρὸς
676 2340 718 2418 τῷ
742 2339 795 2420 ζῆν
817 2336 865 2398 καὶ
881 2336 947 2419 ζῷά
969 2335 1044 2399 ἐστιν
1066 2334 1135 2419 ἤδη.
1169 2332 1230 2399 ἔστι
1254 2336 1305 2418 μὲν
1329 2333 1378 2400 οὖν
1401 2338 1417 2401 ὁ
1439 2341 1505 2424 περὶ

217 2459 245 2502 no
258 2441 426 2524 αἰσδήοεως
447 2437 532 2521 λόγος
553 2438 659 2502 πλείων
681 2461 712 2501 τε
732 2439 781 2501 καὶ
803 2438 909 2507 οἰκείας
931 2435 1065 2519 δεόμενος
1088 2439 1292 2521 πραγματείας,
1316 2441 1356 2508 ὡς
1378 2439 1411 2503 δὲ
1427 2462 1504 2505 συνε-

259 2546 336 2607 λόντι
358 2542 488 2606 καθόλου
504 2542 569 2625 περὶ
590 2546 644 2625 τῆς
657 2540 830 2624 αἰοδητικῆς
851 2545 950 2626 ψυχῆς
963 2541 1064 2617 εἰπεῖν,
1087 2540 1205 2623 δύναμίς
1226 2540 1287 2604 ἐστι
1302 2547 1410 2626 ψυχῆς,
1433 2542 1500 2608 καθ’

203 2732 361 2788 ειυῐιλιεαιίε
380 2731 452 2784 Seele
472 2731 551 2784 allein
569 2731 616 2794 ist,
634 2730 746 2782 sondern
765 2730 855 2795 [auch]
875 2729 969 2782 andere
988 2729 1088 2794 Seelen,
1106 2729 1201 2783 welche
1220 2731 1293 2782 nieht
1310 2731 1377 2783 nach
1393 2730 1481 2800 jenem
1499 2734 1559 2787 Bei-

203 2821 284 2890 spiele
302 2819 361 2887 (wie
377 2818 449 2888 jene)
470 2819 500 2870 in
518 2817 616 2869 seinem
635 2832 735 2884 ganzen
754 2817 853 2885 Κότμετ
876 2817 980 2886 gestellt
998 2817 1058 2870 sind
1078 2817 1170 2884 (Stand
1189 2818 1298 2883 haben),
1322 2818 1401 2870 daher
1422 2818 1503 2873 findet
1521 2823 1560 2874 sie

203 2909 259 2962 sich
277 2908 351 2960 nicht
368 2906 464 2960 einmal
487 2906 516 2958 in
538 2905 623 2958 eiuem
641 2903 748 2970 Gliede,
772 2904 880 2959 welches
899 2920 948 2957 von
968 2905 1021 2957 ihm
1044 2904 1218 2973 abgesondert
1236 2904 1311 2967 wird3
1337 2904 1407 2957 denn
1426 2906 1468 2959 die
1486 2906 1560 2962 Seele

205 2996 250 3048 des
269 2995 374 3048 Thieres
399 2995 435 3047 ist
457 2994 531 3046 nicht
555 3005 608 3044 vnn
629 2990 816 3058 gleiehertigen
835 2992 939 3058 ΤοίΙειι,
962 2994 1011 3045 wie
1029 2993 1071 3046 die
1090 2991 1161 3044 Seele
1180 2992 1225 3044 der
1243 2990 1362 3058 Pflnnze,
1385 2993 1439 3045 und
1458 2994 1486 3046 in
1505 2994 1558 3047 ihm

205 3083 267 3149 (ihr)
286 3083 321 3134 ist
339 3082 412 3134 nieht
429 3082 471 3133 die
489 3078 563 3133 Kraft
581 3093 613 3129 zu
631 3077 778 3141 Μυιιιλιεω,
798 3095 848 3131 was
866 3080 894 3131 in
910 3079 989 3148 jenen
1008 3080 1054 3141 ist,
1074 3079 1121 3132 wie
1140 3081 1166 3132 in
1186 3080 1236 3131 den
1254 3079 1357 3142 Samen,
1376 3079 1432 3132 weil
1451 3096 1479 3133 es
1497 3081 1559 3149 (sie)

204 3171 349 3236 fiberhenpt
366 3169 488 3221 Menches
512 3167 586 3219 nieht
603 3165 744 3229 annimmt,
771 3181 821 3218 was
841 3166 903 3234 jene
926 3166 1050 3219 beeitzen.
1088 3165 1183 3219 Femer
1202 3167 1268 3219 nach
1288 3166 1398 3231 diesem,
1423 3183 1497 3221 wenn
1516 3168 1560 3223 die

204 3257 309 3311 Glieder
327 3257 369 3308 die
387 3256 513 3322 Nahrung
531 3254 642 3307 nehmen
661 3251 821 3318 (αιύἀοιιί),
844 3269 872 3305 so
891 3257 956 3305 νιῑιια
981 3269 1009 3305 es
1027 3253 1190 3321 unmnglich‚
1214 3254 1274 3305 dass
1297 3255 1340 3307 ein
1359 3253 1561 3323 empfangender

204 3343 261 3397 Teil
273 3344 420 3396 vorkomme
433 3344 478 3409 (?)‚
496 3341 592 3408 [deestz
612 3357 639 3392 es
653 3341 689 3392 sei
703 3340 784 3404 denn]
804 3341 852 3392 mit
864 3340 955 3409 irgend
975 3341 1089 3394 welchen
1102 3343 1267 3395 bestimmten
1280 3342 1410 3409 Orgnnen.
1437 3342 1513 3395 Denn
1531 3359 1560 3397 es

203 3431 240 3483 ist
257 3430 417 3498 unmbglieh,
436 3430 497 3482 dese
512 3429 574 3497 jene
591 3429 620 3480 in
638 3427 726 3495 (ωἰιδ)
746 3427 867 3496 Orgenen
885 3427 1030 3492 entstehen,
1050 3430 1096 3481 wie
1114 3428 1157 3481 die
1169 3429 1293 3481 Wurzeln
1312 3430 1371 3495 [en]
1389 3428 1435 3481 den
1453 3428 1560 3484 Pflnnne

203 3520 350 3582 entetehen,
369 3533 396 3570 es
415 3517 452 3569 sei
471 3516 550 3580 denn,
567 3514 627 3567 dass
646 3516 684 3567 sie
702 3529 759 3567 νοω
779 3515 911 3583 Beisehlnf
928 3515 1001 3567 ihren
1021 3514 1127 3583 Anfang
1144 3517 1264 3568 nehmen.
1371 3516 1437 3568 1-2
1455 3515 1560 3570 οὺ-δε-

203 3605 304 3673 όμεναι]
324 3605 404 3657 dein
423 3605 479 3657 dem
499 3603 624 3671 Regimen
643 3603 712 3655 ihres
731 3602 971 3655 Znstnndeskeine
990 3617 1077 3671 ςιουρε
1099 3604 1189 3656 Arbeit
1206 3604 1240 3655 ist
1365 3602 1434 3655 3-4
1462 3601 1559 3656 οὔτε-

203 3692 317 3762 ίχοντος]
340 3692 411 3745 diese
429 3690 532 3758 Organe
551 3690 654 3743 kennen
674 3691 734 3743 aber
757 3707 807 3742 nur
828 3690 978 3742 vorhenden
1003 3691 1060 3741 sein
1079 3689 1159 3741 durch
1179 3688 1322 3755 Beischlaf,
1345 3689 1378 3742 de
1396 3690 1476 3743 durch
1496 3692 1560 3745 den·

202 3781 290 3833 selben
308 3780 349 3832 ihr
368 3777 483 3831 Bestnnd
501 3778 538 3830 ist
651 3777 720 3830 4—5
748 3776 962 3847 διὸ-λαμβάνει]
981 3776 1060 3829 daher
1078 3792 1107 3829 so
1127 3777 1204 3846 lange
1222 3778 1267 3830 der
1283 3777 1380 3831 Foetus
1399 3779 1434 3830 im
1452 3780 1559 3832 Mutter-

202 3863 270 3920 leibe
292 3864 684 3932 bleibt,nimmterfs1rwahr
707 3864 748 3917 die
767 3865 904 3933 Nahrung,
928 3863 1043 3917 insofern
1065 3881 1093 3916 er
1116 3866 1159 3917 ein
1183 3865 1239 3918 Teil
1263 3865 1308 3917 der
1326 3865 1560 3934 Schwnngeren

201 3953 261 4018 iet,
279 3952 330 4006 die
349 3954 403 4006 ihn
422 3956 511 4021 trngt
617 3951 728 4021 Ἱζῷον]
747 3953 790 4005 ein
808 3952 943 4005 Lebendee
1049 3952 1093 4003 καὶ
1111 3966 1160 4003 om.
1267 3950 1434 4019 ὃπολλάκις]
1453 3954 1520 4007 νίεΙο

103 4097 106 4103 ,
202 4039 271 4093 8-9
300 4038 613 4111 διαιρεθέντων-αὑτῶν]
633 4054 707 4090 wenn
726 4039 764 4091 eie
781 4039 980 4107 abgesehnitten
1000 4038 1100 4091 werden
1218 4041 1234 4093 9
1263 4038 1297 4098 τίς
1315 4037 1559 4109 ὅσον-δυνάμεων]

202 4127 230 4180 in
250 4128 307 4180 dem
326 4128 426 4180 Maaeee
449 4127 487 4179 αλιι
510 4143 537 4179 ευ
558 4126 667 4194 meglich
688 4127 735 4191 ist,
762 4126 821 4178 dass
844 4126 872 4177 in
891 4125 980 4177 diesen
1000 4125 1121 4179 Gliedern
1148 4142 1202 4179 von
1220 4128 1272 4180 den
1290 4127 1400 4180 Krfiften
1425 4129 1470 4181 der
1488 4128 1560 4182 Seele

203 4215 246 4267 ein
264 4215 327 4267 Rest
346 4229 397 4267 νυιι
415 4215 466 4266 den
484 4213 648 4281 Wirkungen
666 4213 719 4265 und
738 4213 844 4265 Kn'eften
863 4211 940 4281 fibrig
957 4212 1042 4265 bleibe
1152 4214 1251 4267 18-111
1270 4217 1314 4268 καὶ
1332 4214 1495 4268 ἔστιν-καθ’
1515 4216 1559 4285 ἢν]

203 4301 273 4354 dieee
291 4300 367 4354 Kreft
385 4302 420 4354 ist
437 4300 488 4364 die,
507 4300 588 4352 durch
606 4301 700 4353 welche
806 4299 909 4352 19-20
926 4298 1118 4366 ἔστι-πλείων]
1138 4301 1179 4354 die
1198 4302 1268 4355 Rede
1287 4303 1350 4355 fiber
1369 4303 1419 4356 den
1439 4303 1506 4356 Sinn
1523 4305 1560 4356 ist

202 4386 298 4456 lange
404 4387 509 4441 '20-21
531 4385 610 4445 ὡςδὲ
629 4386 876 4450 ουνιλόντι-ιλπεῖν]
895 4386 937 4438 die
955 4385 1034 4439 knrze
1053 4389 1237 4442 summarisehe
1255 4390 1325 4443 Rede
1344 4390 1408 4443 fiber
1425 4390 1467 4443 die
1486 4390 1558 4444 sinn·

202 4473 269 4527 liche
287 4474 360 4526 Seele
378 4475 414 4527 iet
432 4473 483 4537 die,
502 4473 562 4526 dnss
581 4491 640 4528 man
660 4490 711 4528 von
728 4476 769 4527 ihr
787 4478 846 4543 negt

139 4628 361 4699 .’5φεροίοης
373 4631 466 4698 scripsi
479 4632 511 4682 cf.
524 4633 572 4683 int.
586 4631 669 4684 hebr.:
688 4629 826 4702 τριφοίισης
845 4630 884 4682 Va
954 4629 1175 4698 ὃτοιευριοίίιι.
1189 4633 1210 4681 V
1282 4632 1368 4698 ἔλέπλ]
1387 4633 1496 4687 fortasse
1508 4633 1558 4687 ἀπὸ

204 4716 236 4768 1⁴2
262 4717 332 4787 „eep't
349 4720 396 4786 τῆς
413 4714 562 4787 αίοδητικῆς
580 4718 690 4787 ψυχῆς“.
721 4719 765 4770 καὶ
783 4716 866 4770 τοιάδε
885 4717 924 4769 Va
943 4716 1047 4783 (τοιᾶδε)
1157 4717 1187 4769 13
1211 4717 1307 4771 οὖσαν
1415 4721 1447 4773 15
1465 4714 1510 4774 τὸν
1529 4738 1558 4774 a:

202 4804 296 4856 τῶνλί
388 4805 418 4856 1ss
437 4802 481 4873 ᾖδε
501 4805 522 4855 V
614 4805 644 4856 17
664 4804 764 4875 ἔχιινυ
850 4806 880 4857 18
899 4801 963 4874 αὕτη
984 4820 1025 4877 en.
1046 4806 1128 4857 Victa
1147 4803 1211 4876 αίντὴ
1231 4807 1271 4858 Vn
1362 4808 1393 4859 19
1412 4809 1455 4860 καὶ
1474 4824 1559 4862 om.a

205 4892 238 4943 20
257 4888 399 4960 αἰσθήσεων
418 4908 434 4942 υ
757 4894 762 4902 ’
