3540 5610
212 308 253 376 68
641 268 645 276 ¹
686 308 890 365 κυυκιιιυιυ
912 309 957 364 υτ
980 309 1090 365 κιυιυι

265 481 347 568 αύτῷ
369 489 428 547 τῶν
450 483 480 554 ἐξ
503 485 543 547 ὧν
567 483 711 566 σύγκειται
733 484 825 553 ούτως
847 482 919 548 εἰναι
942 483 971 553 ἐξ
994 482 1100 547 αὐτῶν.
1145 482 1179 546 οὐ
1203 483 1258 568 γὰρ
1281 481 1384 546 ταίιτθν
1406 483 1426 566 ή
1450 481 1514 546 σύν-

265 585 346 655 θεσις
372 591 409 668 τή
434 588 543 670 κράσει.
586 586 694 668 τὸμὲν
721 586 775 671 γὰρ
802 585 977 670 κεκραμένον
1006 585 1040 649 ἔκ
1062 608 1146 648 τινων
1172 586 1234 650 ἐστὶ
1256 587 1307 669 μὲν
1335 585 1365 656 ἐξ
1387 585 1514 665 ἐκείνων,

264 686 298 750 οἰν
322 689 379 772 μὴν
402 689 513 765 ἐκεῖνα,
540 690 573 752 τὸ
596 689 628 752 δὲ
651 689 835 774 συγκείμενον
863 689 961 752 ἐκεῖνοί
988 689 1049 753 ἑστι
1063 691 1147 771 μετά
1174 711 1248 759 τινος
1270 688 1387 769 θέσεώς
1413 712 1444 752 τε
1465 689 1514 752 καί

264 790 381 860 τάξεως.
425 793 453 854 τί
473 792 566 855 τοίνυν
589 791 666 855 ἐστὶν
686 792 707 874 ή
731 793 884 876 φαντασία,
908 793 966 855 ὧδε
988 790 1023 855 ἂν
1045 792 1247 875 γνωρίσαιμεν·
1286 795 1332 856 δεῖ
1351 795 1425 855 νοεῖν
1445 791 1514 874 γίνε·

235 893 333 956 εσθαι
360 893 390 956 ἐν
412 896 481 978 ἡμῖν
511 894 569 958 ἀπὸ
598 898 656 957 τῶν
679 894 828 978 ἐνεργειῶν
855 898 914 957 τῶν
941 896 1006 978 περὶ
1034 894 1069 957 τὰ
1091 893 1219 977 αἰσθητὰ
1250 895 1310 958 υίον
1337 895 1425 958 τύπον
1451 892 1514 956 τινὰ

263 997 311 1060 καί
333 997 572 1083 ἀναζωγράφημα
594 997 688 1081 ἐν’τῷ
712 1000 820 1082 πρώτῳ
842 997 1023 1082 αἰσθητηρίιμ
1049 997 1148 1079 (τοῦτο
1171 994 1197 1060 δ’
1225 997 1285 1061 ἐστὶ
1307 997 1339 1059 τὸ
1362 1001 1459 1081 σῶμα,
1481 997 1512 1059 ἐν

263 1097 289 1184 ᾦ
312 1101 331 1182 ή
355 1100 510 1184 αἰσθητικὴ
533 1105 586 1184 τῆς
608 1104 708 1185 ψυχῆς
729 1099 846 1183 δύναμίς
869 1099 953 1182 ἐστι),
976 1100 1194 1183 ἐγκαταλειμμοί
1210 1123 1237 1162 τι
1259 1098 1290 1162 ὃν
1313 1104 1366 1183 τῆς
1381 1099 1437 1161 ὑπὸ
1461 1102 1512 1160 τοῦ
1527 1114 1554 1156 ισ

262 1202 405 1286 αἰσθητοῦ
432 1203 583 1287 γινομένης
604 1203 759 1286 κινήσεως,
787 1201 803 1264 θ
826 1203 874 1265 καί
901 1201 1004 1286 μηκέτι
1030 1205 1080 1264 τοῦ
1106 1201 1248 1285 αἰσθητοῦ
1277 1200 1417 1285 παρόντος
1444 1202 1511 1265 ύπο-

264 1306 342 1388 μένει
364 1330 395 1369 τε
416 1307 465 1369 καί
487 1308 623 1382 σώζεται,
646 1304 678 1368 ὂν
701 1306 800 1388 ὥσπερ
823 1305 909 1368 εἰκών
931 1328 973 1373 τις
995 1302 1095 1379 αύτοῦ,
1118 1302 1134 1366 ὃ
1157 1304 1280 1387 καὶτῆς
1303 1304 1419 1389 μνήμης
1441 1305 1512 1388 ἡμῖν
1535 1370 1539 1377 ,

223 1423 249 1467 10
263 1407 427 1489 σωζόμενον
449 1407 540 1475 αἴτιον
555 1408 670 1489 γίνεται.
704 1409 737 1471 τὸ
753 1412 881 1470 τοιοῦτον
896 1407 1111 1490 ἐγκαταλειμμα
1134 1407 1182 1471 καί
1203 1408 1252 1470 τὸν
1267 1410 1394 1470 τοιοῦτον
1411 1406 1511 1491 ὥσπερ

261 1512 350 1575 τύπον
372 1512 528 1594 φαντασίαν
554 1514 700 1574 καλοῦσιν.
745 1511 789 1573 διὸ
816 1511 863 1574 καὶ
891 1511 1032 1594 ὁρίζονται
1058 1511 1110 1593 τὴν
1139 1510 1295 1593 φαντασίαν
1325 1509 1453 1573 τύπωσιν
1480 1509 1510 1572 ἐν

261 1617 345 1699 ψυχή
368 1614 416 1676 καί
437 1613 564 1676 τύπωσιν
587 1612 618 1676 ἐν
641 1614 819 1698 ἡγεμονικῷ.
866 1614 979 1697 μήποτε
1001 1613 1033 1675 δὲ
1055 1611 1112 1696 οὐχ
1142 1613 1158 1674 θ
1181 1611 1269 1681 τύπος
1290 1612 1378 1682 αὐτὸς
1400 1614 1419 1696 ἠ
1442 1636 1510 1698 φαν·

260 1717 355 1792 τασία,
377 1716 452 1779 ἀλλὰ
474 1718 497 1800 ή
516 1716 582 1801 περί
603 1715 652 1778 τὸν
673 1715 761 1778 τύπον
784 1719 884 1779 τοῦτον
907 1721 961 1800 τῆς
982 1720 1176 1799 φανταστικῆς
1198 1717 1350 1799 δυνάμεως
1371 1715 1508 1800 ἐνέργεια.

262 1820 287 1883 εἰ
308 1820 363 1904 γὰρ
385 1819 422 1905 ἧν
444 1818 531 1888 αἰπὺς
553 1821 569 1882 ύ
591 1819 681 1887 τύπος
702 1820 721 1902 ή
745 1819 901 1904 φαντασία,
930 1817 1003 1902 ήμεν
1027 1816 1061 1879 ἂν
1083 1817 1113 1879 ἐν
1136 1818 1278 1902 φαντασίᾳ
1299 1819 1348 1882 καί
1371 1819 1411 1903 μὴ
1434 1818 1550 1902 ἐνερεο

224 1926 377 2004 ιογοῦντες
398 1923 463 2008 περὶ
485 1920 586 1997 αἰντίν,
613 1919 730 2006 ἔχοντες
753 1922 786 1984 δὲ
807 1919 904 1995 αἰντύν,
927 1921 975 1983 καί
998 1920 1060 2002 ἅμα
1082 1918 1115 1983 ἂν
1138 1920 1168 1984 ἐν
1191 1922 1318 1985 πλείοσιν
1344 1921 1418 2007 ήμεν
1440 1947 1508 2006 φαν·

263 2026 372 2095 τασίαις
396 2026 445 2089 καὶ
467 2025 620 2093 τοσαύταις
645 2023 722 2087 ὅσων
748 2024 797 2086 τὸν
824 2022 912 2086 τύπον
939 2026 1081 2105 σώζομεν.
1125 2021 1168 2086 ἔτι
1189 2023 1254 2107 ήτοι
1280 2025 1332 2108 τὴν
1359 2025 1510 2109 γινομένην

261 2129 389 2192 τύπωσιν
412 2128 569 2213 φαντασίαν
591 2127 721 2209 λέγουσιν
743 2126 763 2209 ἢ
785 2126 837 2209 τὴν
860 2130 1006 2209 γεγονυῖαν
1029 2125 1086 2210 ήδη
1110 2127 1157 2190 καί
1180 2124 1277 2190 οὖσαν.
1320 2124 1380 2190 ἀλλ’
1408 2129 1434 2191 εἰ
1457 2129 1509 2212 μὲν

149 2226 152 2233 ’
261 2233 313 2315 τὴν
339 2231 507 2314 γινομένην,
540 2231 592 2313 τὴν
623 2228 759 2313 αἴσθησιν
789 2225 823 2289 ἄν
852 2227 960 2310 λέγοιεν
995 2230 1046 2311 τὴν
1064 2226 1136 2323 ,κατ’
1165 2229 1307 2315 ἐνέργειαν
1340 2231 1508 2315 φαντασίαν.

262 2334 335 2418 αῦτη
351 2334 404 2419 γὰρ
426 2335 445 2418 ἡ
460 2333 570 2416 γένεσις
592 2335 642 2395 τοῦ
658 2331 759 2406 τύπου,
782 2330 856 2393 ἀλλὰ
871 2332 994 2413 γίνονται
1016 2332 1169 2415 φαντασίαι
1190 2334 1238 2397 καί
1255 2333 1346 2418 χωρίς
1368 2338 1421 2418 τῆς
1435 2333 1510 2397 κατὰ

220 2452 249 2497 κο
262 2436 313 2506 τὰς
334 2437 486 2521 αἰσθήσεις
508 2435 658 2520 ἐνεργείας,
700 2434 726 2496 εἰ
748 2433 854 2515 δὲτὴν
876 2439 1023 2515 γεγονυῖαν
1046 2435 1093 2497 καί
1117 2435 1296 2520 σωζομένην,
1318 2436 1370 2519 τὴν
1393 2438 1510 2521 μνήμην
1523 2453 1553 2496 ετ

229 2564 233 2569 ·
261 2539 295 2603 ἄν
318 2539 426 2623 λέγοιεν
450 2539 617 2623 φαντασίαν.
662 2534 738 2599 ἀλλὰ
759 2534 805 2619 εἴη
829 2533 863 2597 ἄν
887 2537 927 2603 ὡς
952 2534 999 2598 ἐπί
1022 2541 1074 2620 τῆς
1096 2536 1272 2621 αἰσθήσεως.
1318 2538 1434 2623 ὡςγὰρ
1456 2538 1503 2603 ἐπ’

261 2643 373 2727 ἐκείνης
394 2642 456 2704 ἐστί
479 2640 530 2723 μέν
553 2635 579 2702 τι
601 2639 751 2723 αἰσθητόν,
774 2637 835 2701 ἐστὶ
858 2637 890 2701 δέ
911 2661 954 2707 τις
975 2639 1022 2701 καί
1045 2639 1163 2723 δύναμις
1184 2641 1353 2723 αἰσθητική,
1376 2642 1437 2705 ἐστὶ
1459 2645 1508 2707 καί

261 2744 387 2830 ἐνέργεια
409 2749 461 2828 τῆς
483 2744 635 2825 δυνάμεως
663 2741 729 2826 περὶ
755 2741 787 2803 τὸ
810 2739 966 2825 αἰσθητόν,
993 2741 1029 2824 ἣν
1054 2739 1191 2826 αἴσθησιν
1214 2738 1358 2825 καλοῦμεν
1384 2730 1510 2828 (ὁμοίως

260 2848 292 2937 δέ
313 2848 361 2910 καί
383 2847 431 2910 ἐπὶ
453 2852 506 2930 τῆς
521 2848 664 2931 νοήσεως·
688 2845 789 2928 νοητὸν
813 2843 865 2926 μὲν
888 2843 920 2906 τὸ
936 2847 1064 2928 πρᾶγμα,
1087 2849 1152 2914 νοῦς
1175 2846 1207 2908 δὲ
1222 2847 1241 2930 ή
1258 2845 1387 2930 δύναμις,
1409 2846 1509 2932 νύησις

218 2967 245 3010 25
263 2952 295 3013 δέ
316 2952 336 3034 ή
359 2954 410 3013 τοῦ
436 2952 487 3012 νοῦ
509 2949 574 3034 περί
599 2950 633 3012 τὸ
660 2947 761 3031 νοητὸν
784 2945 941 3030 ἐνέργεια),
972 2947 1064 3016 ούτως
1091 2947 1123 3009 δὲ
1146 2947 1327 3033 ὑποληπτέον
1354 2947 1432 3035 ἔχειν
1459 2952 1508 3014 καί

260 3054 308 3117 ἐπὶ
329 3058 382 3138 τῆς
396 3052 554 3138 φαντασίας
575 3052 608 3114 τὸ
624 3050 676 3134 μέν
697 3074 724 3113 τι
747 3048 819 3113 εἶναι
842 3048 1001 3134 φανταστύν
1023 3050 1123 3131 (τοῦτο
1145 3049 1171 3113 δ’
1193 3048 1228 3113 ἂν
1250 3049 1296 3134 εἴη
1319 3052 1351 3115 τὸ
1375 3052 1433 3115 ἀπὸ
1456 3057 1509 3136 τῆς

259 3155 323 3221 κατ’
343 3156 485 3239 ἐνέργειαν
501 3155 668 3238 αἰσθήσεως
682 3151 829 3235 γινόμενον
851 3151 1077 3236 ἐγκατάλειμμα,
1101 3153 1241 3235 οἰναλογυν
1257 3152 1288 3216 ὃν
1304 3158 1348 3239 τῷ
1370 3155 1507 3239 αἰσθητῷ
1520 3168 1557 3213 w

257 3284 290 3323 τε
304 3260 356 3331 καίΙ
375 3258 498 3343 νοητῷ),
521 3257 553 3320 τὸ
576 3256 609 3320 δὲ
623 3253 823 3340 φανταστικόν,
845 3255 985 3337 ἀνάλογον
1009 3253 1040 3317 ὃν
1061 3256 1108 3319 καί
1130 3254 1201 3319 αὐτὸ
1223 3261 1267 3342 τῷ
1289 3257 1451 3344 αἰσθητικῷ
1476 3283 1508 3323 τε

258 3364 306 3425 καί
327 3367 370 3446 τῷ
393 3365 448 3446 νῷ,
477 3360 509 3423 τὸ
532 3360 565 3422 δὲ
587 3357 754 3443 φαντασίαν,
782 3355 870 3420 οῦσαν
893 3358 941 3419 καὶ
963 3357 1053 3441 αὐτὴν
1075 3358 1215 3440 ἀνάλογον
1237 3353 1275 3443 τη
1299 3360 1435 3445 αἰσθήσει
1458 3363 1507 3424 καί

218 3480 245 3525 κο
258 3470 294 3546 τή
318 3468 428 3549 νοήσει,
450 3462 593 3547 ἐνέργειαν
620 3459 708 3524 οὖσαν
731 3466 784 3545 τῆς
805 3467 998 3546 φανταστικῆς
1026 3463 1176 3545 δυνάμεως
1203 3464 1268 3546 περὶ
1291 3462 1327 3525 τὰ
1348 3467 1505 3547 φανταστοί.

258 3567 407 3631 ύπύκειται
432 3566 545 3653 γὰρτῷ
570 3568 748 3650 φανταστικῇ
777 3565 897 3649 δυνάμει
924 3565 960 3627 τὰ
987 3564 1045 3626 ἀπὸ
1067 3568 1120 3647 τῆς
1147 3563 1211 3626 κατ’
1239 3564 1381 3650 ἐνέργειαν
1403 3567 1506 3651 αἰσθή·
1554 3564 1557 3571 '

207 3791 218 3842 l
244 3788 324 3848 οὕτως
343 3804 393 3842 om.
502 3789 568 3842 1-2
592 3787 755 3860 σίν-κράσει]
777 3789 836 3842 eine
854 3788 1120 3858 Zusammensetzung
1138 3789 1221 3841 dieser
1241 3791 1288 3841 λιί
1305 3789 1367 3842 wird
1385 3791 1460 3843 nicht
1479 3779 1559 3845 du'rch

202 3877 340 3945 Mis‘chung
446 3877 462 3930 3
482 3882 548 3954 ’post
566 3876 649 3928 ἐκεῖνά
666 3876 718 3928 ἐστι
736 3876 820 3928 addit:
840 3890 887 3927 aus
906 3876 990 3928 denen
1009 3891 1036 3928 es
1055 3880 1304 3945 zusammengesetzt
1321 3878 1357 3930 ist
1463 3880 1480 3931 4
1497 3878 1560 3941 ,ὧδε

204 3963 234 4016 ἂν
251 3963 427 4035 γνωρίσωμεν]
446 3979 497 4017 wer
515 3964 589 4032 gabe,
607 3965 668 4016 dass
686 3964 729 4016 ich
748 3980 775 4016 es
793 3961 901 4035 πῦομίεί
921 3963 964 4029 (=
985 3964 1086 4016 mfiehte
1104 3965 1144 4016 ich
1164 3964 1212 4016 πολ
1232 3964 1335 4029 wissen)
1419 3964 1487 4018 5-6
1507 3966 1560 4019 οἷον

116 4076 119 4081 ·
203 4050 459 4122 -ἀναζωγριίφημιή
478 4049 588 4119 [Etwas]
608 4053 678 4104 einer
695 4051 763 4119 Spur
782 4050 836 4104 und
856 4050 939 4103 einem
959 4050 1151 4119 Eingeprfigten
1170 4051 1328 4104 Aehnliches
1416 4050 1559 4107 θῦν-τί·

180 4139 258 4199 ,κιών
275 4138 324 4208 τις]
342 4139 389 4192 auf
405 4141 450 4193 der
468 4139 540 4192 Stufe
558 4140 630 4192 einer
647 4139 832 4193 Aehnlichkeit
929 4139 958 4190 ll
979 4137 1090 4191 τύπωσιν
1108 4138 1134 4190 ἐν
1153 4138 1225 4212 ψυχή
1243 4139 1286 4191 καὶ
1304 4154 1354 4191 om.
1450 4140 1483 4194 13
1501 4143 1558 4214 περὶ

202 4226 244 4281 τὸν
262 4224 340 4280 π’νπαν
358 4230 447 4279 τοῦτον
466 4242 516 4278 om.
614 4229 674 4293 post
692 4225 800 4297 ἐνέργεια
818 4226 905 4279 addit:
925 4225 1044 4278 wodureh
1063 4242 1091 4279 es
1109 4227 1145 4279 ist
1163 4226 1299 4293 (entsteht)
1401 4228 1503 4280 16-17
1522 4227 1558 4282 ίτι

202 4302 439 4385 ἤτοι-φαντασίαν
462 4330 512 4367 om.
639 4313 671 4366 ‘21
701 4313 739 4384 εἰη
761 4313 792 4366 ἂν
815 4312 863 4383 ὡς]
887 4330 919 4367 es
942 4315 986 4366 ist
1012 4314 1067 4366 mit
1091 4314 1143 4366 der
1167 4314 1357 4381 Phantasio,
1380 4316 1429 4368 wie

202 4402 314 4455 23-25
340 4401 596 4474 ὁμοίως-ἐνέργεια]
625 4417 654 4454 so
677 4402 743 4454 auch
766 4403 808 4455 bei
832 4402 876 4455 der
898 4401 1101 4454 intellectuellen
1124 4401 1293 4469 Vorstellung
1319 4405 1363 4455 ein
1386 4403 1557 4472 intelligibles

202 4489 285 4559 Ding,
308 4491 362 4543 und
381 4491 437 4543 dies
459 4491 494 4543 ist
516 4490 576 4554 das,
600 4504 650 4541 was
668 4489 839 4543 intellectuoll
862 4489 1011 4559 vorgestellt
1034 4489 1109 4552 vird,
1134 4489 1188 4541 und
1213 4488 1257 4541 der
1275 4489 1406 4556 Intelleet‚
1431 4490 1455 4542 d.
1473 4491 1492 4542 i.
1515 4491 1557 4543 die

200 4578 290 4645 Kraft‚
314 4579 395 4631 durch
413 4577 508 4630 welche
523 4576 598 4646 jones
615 4576 679 4630 wird
697 4574 733 4644 (ἰ)
752 4578 806 4630 und
826 4576 867 4630 die
886 4577 1069 4630 inteHectuelle
1087 4576 1268 4644 Vorstellung,
1292 4577 1317 4629 (l.
1330 4578 1348 4630 i.
1368 4577 1410 4630 die
1428 4577 1558 4646 Wirkung

202 4665 247 4717 des
267 4665 398 4718 Intellects
416 4666 451 4718 im
472 4664 662 4733 Vorgestellton
770 4665 803 4718 29
823 4666 867 4718 καλ
885 4664 963 4735 αὐτὴν
982 4644 1033 4717 σία.

200 4852 321 4943 4ῷῦείι
399 4871 562 4925 ῦτύπτονα
642 4871 856 4945 ’ἰίγκατυίλλημα
874 4875 897 4927 V
981 4873 1009 4927 ὃν
1028 4889 1112 4928 ουκιι
1192 4873 1225 4925 22
1244 4872 1353 4926 fortasse
1373 4873 1423 4926 ἐστὶ
1441 4872 1490 4938 (δὲ)
1508 4875 1555 4928 καί
