3540 5610
211 301 272 365 106
694 293 846 352 ΑΠΟΡΙΩΝ
865 292 925 350 ΚΑΙ
945 293 1075 349 ΑΥΣΕΩΝ

261 470 365 554 μένους
385 474 446 540 τοῖς
468 469 657 554 δεδειγμένοις
679 468 726 532 διὰ
749 469 900 543 πλειόνων,
923 472 1012 531 ταῦτα
1033 466 1059 529 δ’
1087 466 1178 537 ἐστίν,
1206 462 1249 526 ότι
1272 464 1312 545 μὴ
1337 466 1425 546 σῶμα
1449 461 1511 525 οἷόν

262 572 293 636 τέ
316 597 341 636 τι
363 574 480 658 άπειρον
508 573 580 637 εἶναι
604 575 678 657 μήτε
699 579 757 635 τῶν
781 573 880 635 ἁπλῶν
908 573 982 654 μήτε
1008 577 1065 633 τῶν
1087 567 1250 636 συνθέτων,
1280 567 1356 629 ἀλλά
1379 565 1455 648 μηδὲ
1478 564 1511 626 τδ
1524 580 1552 622 εν

264 676 345 740 κενόν
368 702 403 740 τι.
437 676 642 759 καθόλουγὰρ
666 676 803 741 ἀδύνατον
827 676 982 758 ὑφεστάναι
1005 673 1149 754 διάστημα
1171 669 1239 733 ἀνευ
1263 672 1410 751 σώματος.
1441 666 1510 731 οὔτε

262 779 316 863 γὰρ
340 786 432 864 μῆκος
455 779 516 842 οἷόν
538 779 570 841 τέ
585 802 611 841 τι
627 777 699 840 εἶναι
721 775 787 841 καθ’
809 777 879 840 αὑτδ
902 775 1116 861 κεχωρισμένον
1133 776 1279 857 σώματος,
1302 770 1368 836 οὔτε
1391 772 1510 846 πλάτος,

228 880 322 951 ι’,οὔτ’
350 881 400 946 οὑν
428 883 528 968 βάθος.
572 881 608 944 τά
634 881 687 964 γὰρ
716 881 772 943 ὑπὸ
799 886 857 942 τῶν
883 885 1056 963 γεωμετρῶν
1085 876 1227 960 λεγόμενοι
1254 877 1436 958 διαστήματα
1458 871 1505 958 ἐφ’
1525 890 1552 932 ss

263 985 293 1048 έν
320 1008 352 1047 τε
373 986 422 1048 καὶ
444 985 495 1048 δὺο
523 985 570 1046 καὶ
593 986 656 1067 τρία
683 983 739 1067 οὑχ
767 986 807 1051 ὡς
833 983 988 1045 ὑπόστασιν
1015 981 1121 1044 οἰκείαν
1148 977 1255 1065 ἔχοντα
1279 978 1409 1061 λέγονται
1439 980 1512 1062 πρὸς

262 1088 368 1151 αὐτῶν.
413 1089 585 1173 χωρίζονται
607 1086 662 1170 γὰρ
684 1087 759 1169 αὐτή
788 1089 827 1169 πή
851 1085 961 1167 ἐπινοίᾳ
987 1088 1203 1168 τῶνζφυσικῶν
1231 1083 1390 1163 σωμάτων,
1420 1081 1512 1144 ἃκαλ

262 1192 367 1275 κυρίως
391 1189 394 1274 ί
419 1190 481 1253 ἐστι
503 1192 638 1272 σώματα,
669 1189 717 1251 καὶ
744 1189 837 1272 χωρὶς
863 1189 999 1268 σώματος
1026 1188 1221 1271 λαμβάνοντες
1246 1188 1393 1247 ποιοῦνται
1420 1184 1488 1267 περὶ
1510 1190 1565 1247 204

263 1293 360 1357 αὑτῶν
382 1294 449 1363 τοὺς
464 1292 567 1375 λόγους
590 1295 742 1375 ζητοῦντες
764 1292 813 1354 καλ
829 1291 995 1364 δεικνύντες,
1018 1289 1079 1352 τίνα
1101 1289 1162 1351 ἐστὶ
1184 1287 1220 1351 τὰ
1243 1291 1283 1356 ὡς
1301 1287 1440 1355 τοιούτοις
1462 1286 1513 1350 αδ·

215 1417 247 1463 10
265 1402 324 1464 τοῖς
346 1398 487 1481 ὑπάρχειν
510 1395 611 1457 τεκαὶ
634 1392 846 1478 συμβεβηκέναι
874 1394 1025 1475 δυνάμενα.
1070 1391 1097 1453 οἳ
1120 1391 1152 1453 δὲ
1179 1391 1211 1453 τδ
1235 1390 1316 1452 κενδν
1338 1387 1411 1453 είναι
1434 1388 1512 1452 τιθέ-
1540 1406 1555 1448 ε

263 1522 343 1582 μενοι
367 1499 450 1563 οὐδὲν
472 1498 544 1561 ἀλλο
566 1498 586 1580 ἢ
609 1502 684 1581 τρεῖς
711 1497 873 1564 διαστάσεις
899 1496 928 1558 ἐν
957 1494 1074 1577 ὑπάρξει
1101 1494 1293 1578 λαμβάνουσιν
1320 1491 1394 1555 εἶναι
1416 1494 1513 1577 χωρὶς

266 1603 335 1685 ὑλης
359 1601 425 1687 [οἳ],
449 1600 577 1683 λέγοντες
592 1599 664 1662 εἶναι
687 1600 815 1661 δεκτικὸν
831 1598 987 1680 σωμάτων,
1010 1597 1092 1660 οὐδὲν
1108 1596 1167 1660 ἀλλ’
1190 1598 1209 1681 ἦ
1229 1598 1374 1679 διάστημα
1395 1598 1513 1680 διαστή-

263 1704 352 1788 ματός
379 1726 464 1789 φασιν
492 1703 566 1766 εἶναι
594 1702 731 1765 δεκτικόν.
781 1700 849 1764 οὐδὲ
875 1700 928 1784 γόιρ
955 1703 987 1763 τὸ
1020 1706 1107 1782 σῶμα
1132 1700 1198 1763 κατ’
1226 1699 1297 1763 ἀλλο
1323 1699 1352 1761 τί
1375 1699 1454 1762 ἐστιν
1480 1699 1512 1761 ἐν

261 1807 356 1892 τόπερ,
387 1831 405 1890 η
428 1806 502 1870 κατὰ
523 1805 574 1873 τάς
600 1810 675 1889 τρεῖς
702 1806 864 1872 διαστάσεις
891 1804 942 1871 τάς
969 1803 999 1865 ἐν
1026 1803 1118 1887 αὐτῷ.
1163 1802 1197 1866 οὑ
1219 1803 1273 1886 γὰρ
1300 1803 1376 1866 καθδ
1398 1802 1514 1887 χρῶμά
1528 1817 1556 1859 ιν

212 1930 242 1978 15
261 1933 288 1972 τι
315 1911 334 1993 ἢ
357 1910 451 1994 χυμόν
477 1931 538 1970 τινα
565 1908 584 1990 ἢ
611 1906 684 1970 ἄλλο
710 1931 735 1969 τι
761 1912 818 1968 τῶν
846 1906 1073 1990 συμβεβηκότων
1100 1903 1164 1990 ἔχει
1192 1906 1225 1969 τδ
1249 1910 1348 1991 σῶμα,
1377 1904 1456 1969 ἐστὶν
1479 1906 1512 1969 ἐν

263 2011 361 2096 τόπῳ,
389 2012 463 2074 ἀλλὰ
484 2010 557 2074 κατὰ
580 2009 616 2071 τά
638 2010 668 2071 ἐν
691 2010 788 2078 αὐτοῖς
811 2010 1006 2092 διαστήματα,
1034 2009 1075 2069 ὧν
1099 2008 1124 2070 εί
1147 2009 1276 2071 δεκτικὸν
1298 2008 1330 2070 τδ
1353 2005 1415 2071 ἴσον
1439 2008 1512 2082 ἐστί,

261 2115 342 2177 κενδν
365 2112 446 2179 ἔσται
474 2115 506 2177 τὸ
534 2114 678 2195 διάστημα
704 2111 851 2193 γινόμενον
879 2112 908 2173 ἐν
938 2113 1124 2195 διαστήματι·
1152 2110 1210 2174 ἀλλ’
1239 2111 1264 2174 εἰ
1291 2113 1331 2194 μὴ
1359 2112 1447 2195 ἀρκεῖ
1465 2114 1512 2194 τῷ
1528 2127 1555 2168 ιτ

262 2221 374 2300 σώματι
398 2218 468 2300 πρὸς
490 2218 522 2278 τὸ
544 2215 617 2280 εἶναι
641 2216 672 2277 τδ
696 2215 801 2278 οἰκεῖον
825 2216 978 2299 διάστημα,
1002 2215 1077 2278 ἀλλὰ
1099 2214 1189 2278 άλλου
1214 2213 1276 2278 ἴσου
1298 2219 1349 2278 τοὺ
1373 2215 1403 2277 ἐν
1426 2214 1511 2300 αὐτῷ

261 2323 351 2383 δεῖται
374 2321 581 2403 διαστήματος,
608 2320 636 2380 τί
658 2318 694 2399 δή
717 2341 788 2381 ποτε
816 2317 850 2380 οὑ
872 2319 920 2380 καλ
947 2318 980 2380 τδ
1002 2319 1084 2380 κενὸν
1113 2319 1144 2380 ἐν
1165 2317 1246 2402 ἄλλῳ
1274 2320 1328 2381 τινὶ
1350 2316 1431 2382 ἔσται
1453 2321 1513 2381 δια·

209 2443 242 2489 20
261 2425 399 2506 στήματι,
431 2422 516 2504 εἴγε
542 2422 577 2484 τὰ
605 2421 785 2503 διαστήματα
811 2420 907 2483 ἀλλων
934 2422 1024 2483 δεῖται
1053 2421 1126 2504 πρὸς
1151 2422 1183 2483 τδ
1211 2420 1284 2484 εἶναι
1310 2423 1509 2506 διαστήματα;
1524 2437 1553 2480 εν

262 2528 311 2589 καί
326 2549 370 2588 τοι
392 2524 520 2608 εὔλογον,
544 2529 584 2593 ὡς
599 2530 692 2608 μῆκος
713 2523 770 2607 οὑχ
792 2523 852 2586 οἶόν
875 2547 906 2587 τε
922 2524 1079 2607 ὑφεστάναι
1102 2527 1192 2609 χωρὶς
1208 2525 1279 2607 ὑλης
1300 2524 1371 2588 αὑτό
1393 2548 1420 2586 τι
1435 2523 1506 2589 καθ’

265 2629 344 2708 αὑτό,
369 2629 478 2711 ὁμοίως
499 2629 531 2691 δὲ
553 2626 615 2690 οὐδ’
637 2628 781 2702 ἐπίπεδον,
805 2628 881 2690 οὑτω
906 2628 980 2710 μηδὲ
1001 2630 1073 2712 πρδς
1094 2633 1178 2692 τοῦτο
1201 2630 1217 2693 ὃ
1240 2631 1436 2714 προσειληφὸς
1456 2630 1512 2712 τὴν

262 2733 358 2815 τρίτην
381 2734 537 2806 διάστασιν,
561 2732 651 2815 βάθος
674 2731 708 2814 ήν
729 2732 918 2814 ὀνομάζομεν,
943 2729 1042 2794 όποίόν
1064 2754 1134 2815 φασι
1157 2734 1190 2796 τὸ
1205 2734 1287 2795 κενὸν
1312 2731 1394 2796 εἶναι.
1428 2733 1512 2796 κενδν
1526 2747 1554 2790 κε

262 2834 314 2915 μὲν
342 2832 391 2897 οὖν
420 2834 467 2897 διὰ
494 2839 579 2898 τοῦτο
606 2834 659 2897 οὐκ
689 2834 722 2897 ἀν
750 2834 796 2918 είη
824 2836 856 2896 τδ
884 2839 933 2897 τοὺ
962 2837 1067 2904 παντὸς
1093 2836 1184 2905 ἐκτός.
1234 2835 1376 2900 δέδεικται
1403 2837 1435 2900 δὲ
1462 2836 1514 2899 διὰ

208 2958 240 3006 ‘25
260 2938 399 3001 πλειόνων
415 2941 463 3003 καὶ
489 2936 491 3023 λ
516 2937 560 3001 ὅτι
576 2939 650 3021 μηδὲ
673 2939 760 3020 σῶμά
779 2961 805 3000 τι
826 2937 886 3000 οἷόν
909 2961 940 3001 τε
956 2938 1073 3021 ἄπειρον
1089 2937 1175 3002 εἶναι·
1199 2938 1335 3024 οὐδὲγὰρ
1359 2940 1393 3002 τὰ
1409 2941 1490 3003 ἁπλᾶ
1512 2946 1566 3003 200

261 3045 383 3123 σώματα
405 3039 466 3103 οἶόν
494 3064 525 3103 τε
547 3041 638 3103 πλείω
661 3040 733 3103 εἶναι
760 3045 817 3103 τῶν
845 3039 930 3104 πέντε
957 3044 1114 3122 σωμάτων,
1142 3044 1290 3127 τεσσάρων
1314 3043 1365 3124 μὲν
1387 3048 1445 3106 τῶν
1469 3042 1513 3105 ἐν·

263 3145 350 3219 ὑλων,
373 3145 504 3227 πέμπτου
527 3146 560 3206 δὲ
581 3148 631 3205 τοῦ
656 3143 735 3206 θείου
758 3147 893 3227 σώματος
918 3147 964 3207 καλ
985 3149 1241 3229 κυκλοφορητικοὺ,
1264 3144 1331 3208 οὔτε
1353 3169 1379 3208 τι
1401 3146 1513 3209 τοὺτων
1540 3162 1555 3204 ε

258 3247 374 3330 ἄπειρον
398 3248 480 3311 εἶναι.
526 3247 667 3311 δέδεικται
691 3248 792 3311 δὲκαὶ
816 3247 867 3319 ότι,
892 3253 948 3310 τῶν
977 3251 1078 3311 ἁπλῶν
1101 3248 1191 3312 όντων
1213 3248 1439 3333 πεπερασμένων
1464 3252 1514 3313 καὶ

261 3351 309 3412 τόν
332 3351 455 3433 ἀριθμὸν
478 3351 525 3412 καὶ
549 3351 580 3411 τὸ
605 3349 737 3431 μέγεθος,
768 3351 879 3434 ἀνάγκη
903 3353 950 3413 καὶ
973 3351 1009 3414 τὰ
1031 3351 1065 3414 ἐκ
1086 3357 1138 3435 τῆς
1159 3351 1268 3414 τοὺτων
1292 3351 1459 3422 συνθέσεώς
1481 3376 1513 3417 τε

207 3471 241 3520 30
259 3453 306 3515 καὶ
331 3452 434 3534 μίξεως
456 3454 504 3515 καὶ
527 3454 658 3536 κράσεως
680 3453 806 3516 τὸεῖναι
828 3452 934 3538 ἔχοντα
956 3453 1028 3516 εἶναι
1050 3455 1098 3516 καὶ
1118 3454 1191 3518 αὐτὰ
1214 3455 1427 3540 πεπερασμένα.
1467 3458 1512 3521 δέ·
1526 3472 1554 3516 10

259 3558 367 3618 δεικται
388 3557 420 3619 δὲ
438 3556 481 3619 ὅτι
505 3557 579 3638 μηδὲ
601 3555 717 3624 πλείους
737 3556 797 3618 οἷόν
820 3581 852 3619 τε
867 3556 997 3640 κόσμους
1018 3556 1100 3631 εἶναι,
1124 3557 1183 3620 ἀλλ’
1205 3558 1316 3641 ἀνάγκη
1339 3563 1433 3623 πᾶσαν
1456 3560 1511 3643 τὴν

196 3660 198 3666 ’
258 3665 316 3721 τῶν
339 3660 484 3741 σωμάτων
507 3659 591 3743 φύσιν
614 3657 687 3721 εἶναι
709 3658 739 3721 ἐν
756 3665 797 3744 τῷ
816 3659 928 3744 κόσμιρ.
967 3662 1007 3722 ὧν
1030 3661 1123 3729 οὑτως
1146 3661 1274 3746 ἐχόντων
1296 3661 1379 3725 οὐδὲν
1403 3662 1437 3726 ἀν
1462 3663 1510 3749 εἴη

259 3764 343 3824 τοῦδε
366 3764 493 3844 κόσμου,
522 3761 608 3824 δκαλ
631 3767 687 3824 πᾶν
710 3762 801 3836 ἐστιν,
829 3764 926 3837 ἐκτός,
953 3763 1013 3826 οὔτ’
1043 3763 1133 3827 ἄλλου
1162 3769 1297 3846 σώματος
1318 3766 1397 3848 παρά
1418 3771 1512 3830 ταῦτα

257 3863 340 3933 εἶναι,
364 3863 431 3927 οὔτε
454 3869 537 3926 κενοῦ
561 3888 634 3934 τινος
658 3868 851 3949 διαστήματος
874 3865 955 3935 ὄντος
977 3865 1032 3937 ἔξω
1056 3874 1106 3951 τῆς
1130 3870 1308 3938 διαστάσεως
1329 3875 1389 3932 τῶν
1411 3874 1553 3954 σωμάιε

205 3986 238 4035 35
257 3990 325 4042 των,
348 3968 475 4030 ἀπάντα
496 3968 621 4051 ἀναιρεῖν
645 3968 751 4031 άτοπον
775 3971 897 4054 βραχείορ
920 3972 971 4033 τινὶ
992 3970 1125 4040 ἐνδόντας
1147 3970 1327 4056 πιθανότητι,
1351 3973 1427 4035 ἀλλὰ
1450 3975 1512 4059 χρὴ

258 4071 324 4139 τοὺς
347 4072 525 4154 θαρροῦντας
548 4073 619 4154 πρὸς
642 4072 706 4141 τοὺς
729 4072 927 4149 ἐξετάζοντας,
955 4075 980 4136 εἰ
1004 4076 1019 4137 ὑ
1042 4073 1195 4157 γενόμενος
1217 4075 1247 4137 ἐν
1269 4079 1312 4160 τῷ
1335 4075 1437 4160 πέρατι
1460 4081 1512 4140 τοὺ

259 4173 363 4240 παντὸς
385 4173 502 4235 ἐκτείνει
527 4176 577 4257 τὴν
601 4180 687 4258 χεῖρα
710 4176 728 4258 ή
753 4175 972 4258 κωλυθήσεται,
999 4176 1090 4258 λέγειν
1115 4177 1366 4262 ἀποκρινομένους,
1391 4177 1434 4242 ότι
1457 4180 1512 4246 οὑκ
1526 4197 1555 4239 ευ

259 4276 377 4345 ἐκτενεῖ,
402 4277 476 4338 ἀλλά
499 4278 713 4360 κωλυθήσεται,
736 4277 965 4362 <κωλυθήσεται>
989 4280 1020 4341 δὲ
1044 4280 1100 4364 οὐχ
1123 4284 1164 4348 ιὺς
1186 4279 1267 4343 αιίτολ
1288 4280 1431 4363 λέγουσιν,
1455 4282 1513 4347 ὑπό

256 4401 330 4446 τινος
355 4379 564 4463 ἀντιβαίνοντος
592 4379 674 4447 ἐκτός
701 4383 899 4464 περικειμένου
927 4386 970 4466 τῷ
994 4384 1092 4459 παντὶ,
1120 4383 1194 4445 ἀλλά
1218 4386 1292 4448 πολὺ
1320 4388 1429 4466 μᾶλλον
1455 4386 1513 4449 ὑπδ

204 4549 260 4600 θτι
279 4550 397 4601 inlit.V
480 4551 512 4600 10
531 4551 554 4601 οἳ
572 4552 677 4617 scripsi:
698 4553 720 4603 οἱ
741 4552 800 4604 libri
888 4553 917 4603 12
937 4555 960 4606 οἳ
979 4553 1060 4606 delevi
1150 4551 1203 4606 ἄλλ’
1223 4557 1329 4623 scripsi:
1349 4552 1402 4608 ἀλλ’
1416 4557 1478 4610 libri

205 4635 244 4686 16.
262 4637 291 4687 17
305 4635 414 4688 fortasse
428 4636 479 4687 ἐστὶ
492 4635 573 4700 κενόν,
648 4639 679 4690 18
698 4638 755 4707 τοῦ]
768 4641 876 4692 fortasse
890 4643 927 4709 τῴ
999 4641 1029 4692 ’21
1046 4637 1101 4712 οὐχ’
1115 4642 1205 4695 οἷόντε
1219 4646 1275 4710 Sp.:
1294 4643 1324 4696 οὑ
1337 4643 1413 4711 μόνον
1426 4663 1456 4697 τε
1469 4647 1531 4700 libri

202 4722 235 4773 22
263 4724 371 4775 fortasse
391 4719 448 4792 μηδ’
472 4723 485 4774 ό
505 4742 530 4774 π.
556 4724 656 4794 τοὺτιμ
683 4727 731 4791 (sie
753 4730 808 4793 Sp.)
833 4726 884 4796 [τό]
978 4728 1010 4779 2‘4
1039 4728 1079 4795 τό]
1100 4729 1208 4781 fortasse
1226 4748 1249 4781 τι
1357 4730 1390 4785 25
1418 4730 1478 4786 οὑτε
1496 4736 1565 4788 coni.

202 4816 246 4877 Sp.
336 4812 366 4863 31
389 4817 469 4862 πᾶσαν
492 4812 572 4863 Vict.:
596 4820 662 4864 πᾶσα
681 4814 740 4866 libri
830 4818 863 4867 33
882 4816 954 4868 τοῦδε
973 4820 1038 4879 (τοῦ)
1058 4819 1124 4868 coni.
1146 4821 1189 4883 Sp.
1297 4818 1330 4870 34
1358 4820 1431 4890 εἶναι]
1456 4822 1565 4876 sortasse

202 4896 273 4957 όντος
379 4900 411 4951 θ’)
432 4898 447 4950 ἀ
466 4900 546 4950 πάντα
565 4905 623 4967 ὃμε
644 4900 741 4953 ἅπαντα
760 4902 819 4954 libri
927 4905 960 4955 θο
979 4903 1154 4974 κωλυθήσεται
1173 4905 1231 4957 add.
1251 4910 1294 4971 Sp.
