3540 5610
216 310 294 349 xxxn
796 306 991 360 PRAEFATIO

216 479 263 542 καὶ
286 478 381 562 2101)
403 478 552 543 ἀκόλουθα
574 479 670 563 212,5
693 481 779 563 ἡμεῖς
801 481 819 544 7
843 480 885 550 εἰς
906 480 973 550 τοὺς
996 480 1084 550 θεοὺς
1107 481 1148 545 10
1163 481 1248 564 ἡμῶν
1273 480 1310 543 11
1327 479 1408 562 ἡμᾶς
1431 479 1472 544 15
1486 482 1571 543 τοῦτο

214 598 268 682 γὰρ
291 597 378 682 μόνον
401 599 441 663 16
464 597 538 684 βίον]
562 596 646 682 λόγον
670 601 710 666 18
733 601 809 685 ὑμῖν.
855 605 1026 683 praeterea
1051 618 1123 664 cum
1149 598 1178 664 V
1204 595 1369 680 conspirat
1395 604 1509 663 contra
1535 597 1570 662 6ι

218 718 341 801 179,12.
357 717 405 782 14.
418 719 459 784 23
487 718 597 801 186,27
630 718 742 801 18813
771 718 885 801 192,19
914 717 1155 801 193,4194,24.
1205 718 1328 782 616616
1352 715 1493 799 deniqne
1518 715 1571 781 de

215 856 287 901 esse
311 836 344 900 16
367 835 395 900 A
419 837 1011 924 166,1-6προδήλως-παρε6η’φασι
1034 836 1197 921 183,1-2
1223 838 1271 900 καὶ
1301 835 1474 922 ἐνεργούσης
1498 836 1569 919 199,

214 956 299 1021 2-4
332 954 581 1036 ἀλλ’-κτώμεθα
614 957 794 1041 tuae-10
821 960 861 1042 μὴ
895 963 1011 1042 φρονεῖν
1044 956 1246 1040 207,18-19
1273 955 1572 1040 οὔκ-ἐπανόρθωσις

215 1074 574 1158 210,9-106661-δὲ.
624 1075 705 1142 1666
730 1076 756 1142 61
784 1077 950 1161 exceperis
978 1083 1010 1141 61
1035 1074 1219 1141 futilissima
1247 1094 1359 1159 pauca,
1393 1093 1477 1157 quae
1505 1094 1571 1141 non

215 1194 470 1279 commemoravi,
497 1194 539 1261 sit
567 1195 624 1260 tibi
649 1196 683 1261 a¹
706 1195 807 1262 instar
833 1195 952 1262 codicis
974 1198 1012 1280 A,
1040 1217 1081 1263 ex
1108 1195 1198 1262 cuius
1225 1195 1361 1279 gemello
1388 1193 1571 1261 accuratius

213 1311 360 1378 confecto
382 1313 531 1379 Aldinam
554 1312 742 1398 provenisse
764 1322 864 1399 patet.

142 1433 198 1497 ΒΤ
305 1434 451 1516 Denique
473 1435 515 1499 ad
538 1433 674 1499 eundem
697 1432 828 1516 fontem,
856 1454 897 1500 ex
923 1455 985 1518 quo
1008 1440 1220 1500 manaverunt
1241 1433 1342 1518 ACa',
1365 1431 1450 1499 redit
1471 1431 1569 1498 etiam

214 1555 282 1636 ΒΤ,
304 1573 385 1637 quos
399 1552 545 1635 geminos
559 1573 631 1620 esse
645 1552 720 1618 inde
736 1552 870 1636 primum
886 1553 1056 1638 colligitur,
1083 1554 1169 1638 quod
1194 1553 1228 1618 in
1250 1559 1386 1636 utroque
1407 1550 1570 1635 fragmen·

213 1680 280 1738 tum
302 1672 409 1737 finitur
430 1672 532 1738 isdem
555 1671 661 1737 verbis
683 1671 778 1736 simili
794 1671 889 1737 modo
905 1672 1090 1756 depravatis
1103 1672 1250 1757 (181,28)
1270 1671 1344 1737 κατὰ
1360 1671 1459 1757 φύσιν]
1484 1674 1571 1736 aurd-

214 1812 300 1876 φασιν
323 1792 351 1855 D
377 1794 539 1878 ιατοίροσιν
562 1793 598 1855 Τ.
642 1790 759 1856 161616
792 1811 833 1858 ex
863 1791 1087 1858 communione
1119 1792 1254 1857 aliorum
1288 1790 1437 1857 vitiorum
1476 1793 1570 1876 16163

214 1910 239 1975 τ’
267 1910 314 1997 εἴη
336 1914 374 1976 21
400 1914 598 1999 ἀπερρημένος
621 1911 804 1996 1661011]
828 1909 878 1974 οὖν
903 1911 943 1974 12
964 1913 1033 1975 τάδε
1055 1912 1117 1975 ἀντὶ
1139 1914 1232 1975 τῶνδε
1254 1914 1365 1994 μᾶλλον
1386 1915 1428 1982 ὡς
1451 1913 1566 1996 167,11

211 2030 253 2101 εἴς
274 2055 348 2102 τινος
370 2052 430 2097 66.
476 2031 619 2117 exceptis
641 2031 692 2097 his
715 2029 857 2097 minutiis
879 2037 1058 2113 congruunt
1079 2052 1152 2097 curn
1174 2030 1277 2097 Aac.

179 2151 189 2184 ²
297 2152 431 2218 Vinculo
446 2153 499 2218 vel
515 2152 642 2235 artiore,
655 2170 750 2234 quam
761 2151 789 2216 A
799 2170 869 2217 cum
885 2149 930 2233 a¹,
947 2150 1117 2215 coniuncta
1132 2156 1182 2216 est
1196 2151 1301 2217 altera
1312 2149 1410 2217 editio
1418 2150 1486 2235 (a')
1496 2172 1570 2217 cum

213 2271 322 2337 codice
345 2272 501 2337 Vaticano
517 2271 558 2355 K,
581 2270 622 2336 de
644 2290 706 2352 quo
730 2289 827 2354 supra
849 2269 924 2334 dixi.
970 2270 1112 2337 editione
1134 2268 1186 2334 hic
1201 2268 1282 2336 liber
1297 2269 1386 2354 peior
1408 2277 1468 2354 661,
1492 2290 1569 2336 nam

212 2392 313 2455 multa
325 2389 439 2473 6611611,
447 2395 480 2454 61
491 2389 581 2473 176,7
595 2391 625 2453 ἐν
637 2390 680 2459 οἷς
691 2390 767 2453 ἐστιν
776 2389 932 2472 178,2-3
945 2389 960 2452 ὁ
973 2388 1133 2451 δὲ-τοῦτο
1149 2388 1288 2453 ἀδύνατον
1302 2389 1342 2473 μὴ
1357 2388 1493 2473 γενέσθαι
1504 2397 1570 2456 stc.

212 2516 319 2575 tamen
335 2509 503 2591 quominus
518 2507 738 2592 apographum
754 2527 827 2573 eum
842 2529 914 2574 esse
929 2515 1078 2593 putemus
1093 2506 1241 2593 Aldinae,
1261 2508 1441 2593 impediunt
1455 2507 1571 2574 editio·

211 2631 261 2695 nis
275 2630 434 2713 quaedam
450 2628 577 2712 menda,
589 2627 703 2711 quibus
714 2626 745 2691 K
757 2626 838 2693 liber
853 2634 910 2693 661.
934 2627 972 2692 cf.
988 2627 1082 2711 193,5
1092 2628 1161 2712 (περ
1174 2627 1255 2712 τῶν).
1269 2631 1288 2694 9
1313 2630 1372 2694 197
1377 2632 1417 2712 ,2.
1429 2628 1471 2692 26
1494 2628 1571 2713 204,

212 2751 254 2814 24
268 2749 359 2832 2051
370 2747 480 2834 (ulli)
495 2749 620 2832 201126.
628 2747 753 2812 26-27
761 2745 876 2832 (καίπερ
884 2746 1046 2832 θεμένους).
1072 2747 1364 2831 61661616661666
1378 2767 1462 2831 quae
1474 2767 1515 2814 ex
1529 2768 1570 2816 66

211 2867 363 2934 adnotavi
381 2867 494 2952 188,13
519 2867 690 2950 1922324
714 2867 885 2950 1981416
908 2866 1024 2952 20623
1047 2867 1152 2949 210,7.
1183 2865 1241 2931 661
1256 2865 1337 2933 haec
1351 2865 1426 2933 ideo
1442 2874 1570 2934 tantum

211 2987 370 3072 adscribo,
380 2992 414 3051 61
430 2986 513 3052 1666
528 2987 670 3053 codicem
686 3005 771 3050 nuno
785 2987 882 3069 plane
898 2988 1077 3071 neglegam.
1104 2988 1214 3070 itaque
1229 2993 1354 3052 tantum
1368 2987 1410 3053 de
1424 2987 1569 3054 editione

211 3107 333 3191 loquar,
355 3107 388 3171 in
411 3126 474 3190 qua
494 3105 779 3171 animadvertimus
794 3106 934 3189 aliquam
950 3106 1069 3172 factam
1085 3126 1157 3173 csse
1172 3126 1243 3172 cum
1259 3113 1350 3172 certa
1367 3108 1502 3174 alterius
1522 3108 1569 3174 sa·

211 3227 318 3292 miliae
333 3227 433 3310 stirpe
455 3225 709 3309 permixtionem.
740 3233 814 3290 6661
829 3225 913 3290 enim
928 3225 961 3290 in
978 3224 1012 3290 a’
1028 3227 1183 3292 lectiones
1197 3226 1345 3292 diversae
1359 3227 1402 3292 ab
1416 3228 1462 3312 a¹‚
1485 3248 1566 3311 quas

210 3346 389 3411 invenimus
404 3346 502 3411 etiam
524 3344 557 3409 in
573 3343 633 3409 ES.
679 3343 774 3408 huius
797 3344 924 3426 generis
939 3353 1022 3428 sunt,
1046 3353 1080 3411 61
1102 3367 1143 3412 ex
1166 3346 1273 3412 multis
1296 3365 1401 3431 pauca
1423 3347 1543 3430 eligam

285 3467 380 3532 lenm
399 3482 526 3537 συμφορον
544 3465 574 3516 V:
598 3463 724 3535 σι’νμφορον
744 3467 783 3516 c¹:
805 3466 931 3535 συμφέρον
951 3464 1019 3518 11861

283 3555 379 3615 istuc
399 3555 420 3607 cl
437 3557 483 3624 γὰρ
503 3552 584 3610 οὕτως
603 3553 639 3605 ἔτι
657 3549 691 3604 δι’
711 3553 785 3623 ἡμῶν
803 3555 865 3606 Va':
884 3554 936 3606 ἐπεί
954 3573 981 3622 γε
1000 3552 1081 3611 οὕτως
1100 3553 1182 3606 ὄντων
1198 3554 1274 3625 ἡμῶν
1294 3554 1361 3608 usal

285 3642 377 3706 18911
397 3644 436 3710 τῷ
453 3641 589 3711 γιγνομένῳ
609 3645 735 3714 πράγματι
753 3644 817 3696 Va¹2
835 3649 888 3699 τοῖς
906 3642 1042 3711 γινομένοις
1061 3644 1187 3713 πράγμασι
1206 3642 1275 3696 used

351 3729 383 3783 ‘25
401 3731 480 3802 τύχης
500 3731 561 3782 17611
581 3729 665 3802 ψυχῆς
684 3731 733 3782 Ειί2

285 3818 362 3882 191,2
399 3820 451 3888 βίος
469 3819 528 3870 add.
547 3818 596 3870 Ea²

211 3930 243 3988 61
265 3922 368 3988 simile
390 3928 440 3987 est
463 3922 589 4004 176,11,
611 3921 653 3986 16
676 3942 737 4003 quo
761 3922 831 3986 loco
854 3921 1005 4005 inspicias
1028 3921 1270 3988 adnotationem
1293 3941 1407 3989 meam.

296 4058 402 4136 Quare
422 4059 570 4125 videntur
593 4056 729 4140 primum
745 4056 874 4140 propria
896 4056 949 4121 via
972 4057 1130 4123 eVeneto
1150 4058 1179 4123 V
1201 4077 1369 4124 emanasse
1392 4057 1566 4142 archetypi

211 4183 243 4244 et
269 4177 443 4243 editionum
470 4186 503 4243 et
530 4178 599 4242 eius
625 4174 781 4258 familiae,
809 4179 899 4242 cuius
925 4198 985 4242 nos
1011 4177 1207 4260 depravatos
1234 4184 1357 4243 tantum
1386 4181 1563 4261 prognatos

211 4297 261 4362 ES
286 4298 441 4363 novimus.
486 4297 518 4361 in
546 4294 742 4361 conficiendo
771 4305 878 4362 autem
908 4319 945 4363 ec
977 4297 1101 4380 codice,
1135 4317 1175 4362 ex
1201 4318 1263 4380 quo
1293 4296 1489 4362 Zanettiana
1510 4295 1566 4361 im-

209 4437 321 4501 pressa
347 4425 409 4500 661,
444 4415 523 4481 haec
553 4415 624 4498 ipsa
656 4413 778 4480 familia
810 4417 955 4482 adhibita
986 4423 1051 4498 est,
1084 4417 1175 4481 cuiue
1205 4424 1369 4483 auctorem
1397 4438 1462 4482 non
1495 4415 1566 4482 sine

209 4536 326 4600 iudicio
349 4537 506 4600 Venetum
533 4534 608 4598 olim
632 4533 839 4617 exscripsisse
866 4543 1023 4601 testantur·
1049 4537 1223 4601 etiamnum
1250 4555 1374 4620 paucae
1395 4534 1563 4620 lectiones,

210 4676 290 4738 quas
312 4655 398 4737 potui
422 4654 510 4735 sequi
534 4653 676 4717 codicum
700 4654 764 4718 ES:
790 4653 903 4735 170,·26
929 4656 1021 4737 171,4
1044 4656 1169 4738 20226.

124 4775 190 4843 a¹a²
296 4774 446 4857 Sequitur
461 4783 495 4837 ut
510 4774 711 4839 Editiones
733 4774 816 4838 inter·
835 4794 870 4838 se
886 4774 1058 4840 conseram.
1103 4796 1183 4858 quas
1199 4774 1333 4858 primum
1350 4774 1431 4839 satis
1447 4792 1567 4856 magna

211 4895 304 4979 copia
330 4895 481 4978 deturpat
512 4894 698 4960 mendorum
727 4894 949 4958 communium.
1002 4894 1068 4959 6116
1100 4893 1218 4960 161616
1251 4894 1398 4959 alterutri
1434 4893 1568 4978 propria
