3540 5610
624 305 754 362 ΗΘΙΚΩΝ
775 303 1160 362 ssPOBAHMA'1'9N20-21
1509 309 1567 373 141

269 482 455 566 ἐνοχλεῖσθαι
472 479 501 542 ἐν
517 481 616 562 παιδιᾷ
633 483 684 542 τοῦ
700 482 802 542 λοιποῦ
825 482 951 562 καταζῆν
976 480 1117 561 μηδεμίαν
1133 479 1275 563 ἐνέργειαν
1292 481 1421 562 σπουδῆς
1437 478 1516 547 ἀξίαν

267 585 462 670 ἐνεργοῦντας.
498 586 539 651 ὡς
559 583 614 665 γάρ
637 581 744 645 ἀτοπον
767 581 817 651 τὰς
840 586 896 644 τῶν
920 581 998 645 θεῶν
1021 582 1164 666 ἐνεργείας
1185 583 1204 665 ἢ
1228 583 1299 665 πρὸς
1321 582 1354 644 τδ
1370 583 1515 666 χρήσιμον

269 686 367 756 αὐτοῖς
394 688 524 769 γίνεσθαι
551 685 643 768 λέγειν
666 689 726 754 τοῖς
749 685 872 768 μηδενός
898 685 1028 748 τοιούτου
1056 685 1216 769 δεομένοις,
1244 685 1320 748 ἀλλά
1342 683 1398 754 ἔξω
1421 687 1516 768 πάσης
1543 701 1557 743 ο

269 790 379 858 ἐνδείας
405 791 453 852 καὶ
476 790 581 857 παντὸς
607 791 719 856 πάθους
741 786 836 868 οὖσιν,
862 788 880 870 ἢ
904 788 934 850 ἐν
956 790 1055 871 παιδιᾷ
1083 791 1115 851 τό
1142 789 1225 858 τέλος
1250 789 1349 856 αὐτοῖς
1370 789 1515 865 τίθεσθαι,

231 895 361 962 οοότως
387 893 495 957 ἄτοπον
521 893 569 956 καί
597 894 630 955 τδ
660 897 719 960 τοῖς
746 892 910 974 ἀνθρώποις
937 891 1028 973 λέγειν
1056 892 1136 961 τέλος
1164 891 1235 956 εἶναι
1262 897 1319 954 τῶν
1347 893 1513 955 σπουδαίων

267 998 417 1080 ἐνεργειῶν
444 997 492 1060 καὶ
519 996 625 1065 παντὸς
652 999 702 1058 τοῦ
731 995 795 1079 βίου
825 996 949 1057 παιδιάν.
995 995 1042 1057 καί
1069 994 1123 1080 γάρ
1151 996 1177 1057 εί
1204 998 1307 1064 πάντες
1332 999 1391 1057 τῶν
1418 993 1514 1057 ἀλλων
1530 1010 1556 1051 ιο

271 1102 407 1163 ἁπάντων
435 1097 520 1184 ζῳων
543 1098 717 1183 διαφέρομεν
745 1102 787 1181 τῳ
815 1096 977 1180 ἐπιστήμης
1002 1119 1034 1159 τε
1061 1096 1133 1160 εἶναι
1159 1100 1283 1161 δεκτικοὶ
1310 1098 1358 1161 καὶ
1379 1096 1515 1180 αἴσθησιν

268 1204 409 1286 ἀληθείας
435 1202 530 1288 ἔχειν,
557 1204 645 1286 δῆλον
669 1205 710 1270 ὡς
730 1203 779 1264 καί
805 1202 838 1264 τδ
865 1201 947 1269 τέλος
973 1199 1007 1263 ἀν
1034 1202 1104 1283 ἡμῖν
1131 1199 1176 1283 εἴη
1203 1201 1234 1263 ἐν
1262 1206 1324 1270 ταῖς
1351 1200 1413 1263 κατ’
1441 1199 1515 1263 αὐτὰ

268 1305 422 1390 ἐνεργείαις
443 1311 505 1375 ταῖς
527 1303 687 1387 γινομέναις
710 1302 779 1367 καθ’
800 1302 817 1365 ό
839 1304 927 1385 ἐσμεν
942 1302 1102 1387 ἅνθρωποι,
1125 1304 1212 1386 ἐσμὲν
1235 1304 1268 1366 δέ
1290 1302 1441 1386 ἄνθρωποι
1464 1305 1516 1385 μά·

209 1428 244 1474 10
264 1411 362 1483 λιστα,
393 1408 462 1473 καθ’
490 1408 706 1493 ἃδιαρέρομεν
733 1411 791 1469 τῶν
819 1406 915 1470 ἀλλων
944 1402 1030 1492 ζῴων
1053 1408 1203 1479 ἁπάντων,
1231 1410 1321 1470 ταῦτα
1344 1403 1369 1469 δ’
1398 1403 1433 1489 ἦν
1456 1397 1576 1468 ἐπι-ιει

265 1512 361 1596 στημη
384 1535 416 1576 τε
438 1514 486 1576 καὶ
502 1513 637 1595 ἀλήθεια,
660 1509 705 1595 (⁰)
727 1509 793 1573 οὔτε
815 1510 846 1573 ἐν
862 1511 962 1592 παιδιᾷ
984 1515 1086 1583 κεῖται,
1110 1507 1175 1572 οότε
1197 1509 1228 1572 ἐν
1243 1514 1302 1577 τοῖς
1324 1508 1371 1571 διά
1393 1510 1425 1572 τὸ
1442 1511 1513 1594 χρή·

266 1635 350 1697 σιμον
373 1617 506 1699 αἱρετοῖς.

262 1891 346 1956 XXI.
393 1889 474 1976 Περὶ
497 1892 627 1960 αίδοιῖς.

348 2061 472 2148 Εἴρηκεν
490 2064 540 2146 μὲν
556 2063 605 2126 καὶ
621 2061 650 2124 ἐν
666 2066 709 2146 τῳ
726 2061 853 2146 δευτέρῳ
870 2067 928 2126 τῶν
945 2061 971 2126 Ν
975 2063 1163 2147 ικυμαχείονν,
1179 2061 1221 2124 ότι
1238 2062 1332 2131 πάθος
1347 2062 1433 2137 ἐστίν,
1447 2062 1507 2125 ἀλλ’
1525 2079 1553 2121 ευ

211 2187 242 2235 15
260 2167 317 2252 οὐχ
335 2167 391 2236 ἐξις
406 2166 474 2230 οὐδὲ
490 2169 589 2251 ἀρετή,
612 2165 690 2247 λέγει
707 2166 803 2229 δὲκαὶ
819 2165 849 2228 ἐν
865 2170 907 2251 τῳ
922 2167 1062 2250 τετάρτῳ,
1084 2167 1132 2228 καὶ
1155 2166 1292 2229 δείκνυσίν
1311 2188 1343 2247 γε
1358 2164 1402 2227 ότι
1418 2166 1512 2235 πάθος

262 2271 310 2333 διά
332 2292 363 2332 τε
379 2275 429 2333 τοῦ
453 2270 574 2354 ὁρισμοῦ
597 2273 649 2351 τῆς
671 2269 770 2337 αἰδοῦς
794 2269 842 2332 καὶ
865 2268 913 2332 διὰ
934 2274 992 2332 τῶν
1015 2273 1075 2336 τοῖς
1090 2267 1269 2350 αἰδουμένοις
1286 2269 1510 2353 συμβαινόντων.

263 2371 324 2436 ἀλλ’
352 2374 416 2436 ἐκεῖ
443 2374 494 2455 μὲν
521 2373 670 2436 ἐπαινετὸν
695 2368 698 2458 λ
723 2370 794 2435 αὐτὸ
817 2372 912 2441 πάθος
939 2371 1033 2446 εἶπεν,
1061 2373 1186 2435 ἐνταῦθα
1209 2373 1240 2435 δὲ
1263 2374 1322 2440 τοῖς
1350 2372 1402 2453 μὲν
1422 2372 1497 2441 νέοις
1519 2379 1563 2435 271

260 2477 349 2560 φησίν
372 2476 445 2540 εῖναι
468 2477 581 2560 αίρετδν
604 2476 686 2556 αὐτό,
710 2476 782 2540 διότι
805 2480 857 2559 τῆς
879 2477 993 2560 ίγλικίας
1014 2476 1142 2562 ἐχούσης
1165 2475 1360 2560 εὐεμπτώτως
1382 2477 1452 2560 πρὸς
1476 2475 1511 2538 τὰ

260 2580 456 2663 ἁμαρτήματα
482 2581 501 2662 η
523 2579 613 2647 αἰδὼς
639 2583 756 2647 πολλοῖς
782 2579 879 2642 αὐτῶν
906 2579 1043 2662 ἐμποδὼν
1071 2580 1189 2661 γίνεται,
1216 2583 1274 2648 τοῖς
1302 2579 1334 2642 δέ
1360 2577 1434 2642 κατὰ
1456 2578 1509 2662 τὴν

210 2702 241 2748 20
259 2683 371 2764 ἡλικίαν
395 2682 605 2766 προβεβηκόσιν
629 2681 779 2767 ἀλλότριόν
803 2704 890 2767 φησιν
919 2682 988 2746 αδτδ
1016 2683 1116 2745 λοιπὸν
1139 2682 1278 2766 εἶναιτῷ
1302 2682 1374 2745 εῖναι
1397 2682 1448 2764 μὲν
1472 2682 1508 2766 δὴ
1536 2698 1550 2740 ο

262 2788 314 2868 τὴν
342 2785 416 2848 αίδὼ
444 2783 534 2869 φόβον
562 2785 689 2860 ἀδοξίας,
717 2787 765 2848 τὸν
794 2787 826 2849 δὲ
848 2788 938 2870 φόβον
966 2791 1018 2870 τῖγς
1041 2785 1155 2855 ἀδοξίας
1182 2786 1201 2869 ἢ
1230 2786 1277 2849 ἐπὶ
1303 2785 1447 2869 γεγονόσιν
1470 2786 1510 2848 αῖ-

262 2893 364 2973 σχροῖς
392 2912 411 2971 η
434 2887 482 2950 ἐπὶ
511 2888 663 2969 μέλλουσιν
685 2889 814 2970 γίνεσθαι
841 2889 860 2971 ἢ
884 2890 931 2952 ἐπὶ
960 2891 1107 2964 δοκοῦσιν,
1134 2890 1174 2952 ὧν
1198 2888 1294 2952 οὐκέτι
1316 2891 1342 2952 οἱ
1370 2890 1510 2974 προβεβη-

261 2991 344 3060 κότες
370 2990 444 3054 κατά
471 2992 523 3074 τὴν
551 2992 662 3073 ἠλικίαν
690 2993 737 3055 καὶ
765 2992 816 3060 τάς
842 2992 946 3075 ἀρετὰς
975 2990 1093 3078 ἔχοντες
1121 2994 1280 3075 πρακτικοί.
1332 2993 1429 3077 ῥηίδιον
1456 2994 1510 3078 γὰρ
1525 3009 1551 3050 ιο

259 3095 357 3162 αὐτοῖς
380 3095 578 3178 φυλάττεσθαι
604 3095 652 3156 καὶ
675 3093 731 3157 ὅσα
757 3094 811 3158 οὐκ
833 3093 895 3158 ἔστι
915 3082 974 3176 ’μὲν
1002 3097 1126 3181 αἰσχρά,
1154 3097 1236 3159 δοκεῖ
1255 3098 1288 3159 δέ
1309 3097 1439 3178 γίνεσθαι
1461 3099 1509 3159 καὶ

213 3216 240 3266 ‘25
258 3197 332 3261 αὐτὰ
359 3197 474 3266 ἀδοξίας
500 3195 587 3260 αἴτια.
632 3196 710 3267 ἀξιον
740 3198 776 3280 δὴ
805 3199 870 3280 περὶ
897 3197 998 3260 τούτου
1026 3199 1172 3282 διαλαβεῖν
1200 3199 1247 3261 καὶ
1275 3200 1414 3281 μάλιστα,
1446 3199 1509 3262 ἐπεὶ

259 3301 393 3384 σύνισμεν
416 3301 514 3369 αὐτοῖς
535 3299 593 3384 ἤδη
616 3300 723 3384 ταύτην
745 3299 824 3385 (τὴν)
845 3301 960 3383 ἠλικίαν
982 3301 1127 3384 γεγονόσιν
1151 3301 1332 3382 αἰδουμένοις
1354 3302 1447 3366 πολλὰ
1462 3304 1510 3366 καὶ
1524 3319 1550 3362 ιο

259 3405 406 3472 πολλάκις.
452 3404 477 3465 εί
500 3404 552 3485 μὲν
573 3401 623 3466 οὖν
646 3402 681 3487 ἦν
704 3402 859 3486 λεγόμενον
883 3404 915 3465 τδ
937 3406 995 3467 δεῖν
1019 3409 1208 3488 καταφρονεῖν
1231 3409 1284 3487 τῖγς
1306 3405 1433 3480 ἀδοξίας,
1455 3405 1509 3469 οὐκ

259 3506 292 3570 ἀν
314 3508 385 3590 ημῖν
408 3503 467 3569 ἔδει
482 3506 585 3587 λόγων.
624 3507 687 3569 ἐπεὶ
711 3503 736 3569 δ’
759 3506 792 3569 οὐ
813 3508 889 3569 τοότ1
912 3508 1041 3570 ἐστίντὸ
1065 3508 1229 3590 λεγόμενον,
1253 3507 1328 3570 ἀλλά
1343 3515 1434 3571 κεῖται
1457 3511 1508 3591 μὲν

259 3609 302 3673 ότι
325 3613 371 3674 δεῖ
392 3609 589 3694 φυλάττεσθαι
611 3610 663 3692 τὴν
684 3610 808 3683 ἀδοξίαν,
831 3608 862 3672 εί
877 3633 909 3692 γε
930 3634 949 3694 η
974 3608 1043 3679 δόξα
1066 3613 1112 3673 καὶ
1136 3612 1204 3694 τιμὴ
1229 3610 1360 3692 μέγιστον
1383 3616 1440 3674 τῶν
1463 3613 1507 3675 ἐκ·
1521 3629 1549 3671 ευ

214 3730 242 3779 30
259 3713 307 3781 τδς
328 3713 464 3795 ἀγαθῶν,
492 3713 604 3793 λέγεται
627 3713 659 3776 δὲ
681 3712 725 3775 ότι
748 3713 851 3796 μηκέτι
880 3715 909 3777 ἐν
937 3713 1036 3797 ἀδοξία
1064 3714 1186 3796 γίνονται
1213 3716 1240 3776 οἱ
1264 3718 1338 3799 μήτε
1360 3717 1507 3786 ποιοῦντές

256 3841 282 3881 τι
311 3817 432 3900 αἰσχρὸν
462 3817 535 3899 μήτε
562 3818 748 3900 ποιήσαντες,
775 3817 906 3900 λέγοιμεν
934 3817 968 3880 ἀν
997 3842 1022 3879 τι
1050 3819 1120 3900 πρὸς
1147 3817 1183 3879 τά
1210 3817 1362 3901 εἰρημένα,
1389 3818 1436 3903 ἐφ’
1465 3819 1508 3888 οίς

258 3920 393 4003 σύνισμεν
420 3920 518 3989 αὐτοῖς
544 3919 734 4001 αἰδουμένοις.
785 3920 819 3983 οὐ
847 3921 900 4005 γάρ
928 3919 1017 3984 ἔοικεν
1049 3923 1068 4004 ἡ
1097 3922 1196 3990 ἀδοξία
1229 3921 1276 3984 ἐπὶ
1304 3927 1363 3990 τοῖς
1389 3946 1507 4007 πραττο-
1522 3942 1548 3983 ιο

209 4091 506 4101 ——-.--—...

208 4212 218 4263 1
236 4212 321 4283 παιδιᾷ
339 4211 437 4264 Viam:
457 4210 554 4279 παιδείᾳ
572 4187 713 4265 libri'item
733 4230 756 4265 ν.
771 4214 794 4266 6.
812 4213 842 4264 17
949 4215 1060 4284 καταζῆν
1079 4215 1184 4281 scripsi:
1204 4217 1270 4268 κατὰ
1287 4217 1333 4285 τλγν
1353 4217 1456 4270 vB¹S¹2
1476 4218 1559 4282 (εῖναι)

207 4301 267 4353 κατὰ
286 4299 380 4354 S²B²a
398 4301 442 4366 Sp.
549 4299 669 4369 σπουδῆς]
693 4302 751 4357 cin
775 4301 855 4352 lit.V
945 4301 1077 4353 θπαιδιάν
1099 4299 1200 4354 viem:
1229 4301 1339 4355 παιδείαν
1359 4305 1418 4356 libri

206 4386 334 4455 'Uespa
353 4406 380 4456 γι
394 4387 462 4449 libri,
482 4387 616 4453 quods¹F
630 4388 688 4440 coll.
702 4395 762 4441 ante
775 4389 912 4459 ἐπιστήμης
1000 4388 1074 4459 θείη
1094 4390 1152 4459 ημῖν
1171 4409 1186 4442 ο
1204 4393 1248 4456 Sp.
1342 4392 1368 4442 ll
1393 4392 1431 4455 <ἀ>
1450 4391 1507 4444 οὔτε
1526 4394 1560 4445 1³²

204 4477 257 4542 Sp.:
277 4474 336 4528 οὔτε
355 4473 433 4528 VS²B
454 4476 535 4527 vicu:
555 4474 611 4527 οὔτε
631 4475 647 4526 ἃ
665 4477 713 4529 S¹a
819 4478 844 4529 ἐν
863 4484 913 4534 τοῖς
932 4493 1016 4529 om.a
1131 4478 1160 4529 13
1187 4480 1242 4549 περὶ
1260 4477 1342 4537 αίδους
1361 4480 1387 4531 in
1407 4480 1445 4531 lit.
1466 4485 1488 4530 V

207 4563 235 4615 14
261 4564 288 4616 ἐν
306 4565 345 4632 τιγῖ
363 4562 482 4634 δευτέρῳ]
510 4562 567 4613 Eth.
586 4562 642 4615 Nic.
657 4563 688 4626 ΙΙ,
703 4562 726 4614 7.
749 4564 872 4618 1108130
981 4564 1011 4616 15
1039 4565 1064 4615 ἐν
1088 4568 1126 4634 τιγῖ
1149 4568 1274 4637 τετάρτην]
1302 4568 1359 4619 Eth.
1379 4568 1435 4619 Nic.
1454 4569 1496 4632 lv,
1519 4568 1558 4621 15.

206 4650 330 4703 1128b10
433 4650 463 4701 19
491 4649 579 4714 αἰδὼς]
599 4655 659 4703 aute
678 4670 689 4709 ς
709 4668 763 4703 una
782 4652 820 4703 lit.
840 4668 913 4705 erasa
932 4656 955 4702 V
1045 4653 1079 4704 20
1097 4652 1184 4705 λοιπὸν
1204 4655 1264 4706 αὐτό
1284 4670 1358 4724 φησιν
1377 4656 1522 4723 εῖναιεὸρ.

202 4735 230 4808 δη
248 4736 299 4789 V’:
323 4737 363 4790 διὰ
383 4738 446 4789 V¹a:
472 4753 521 4790 om.
539 4737 575 4789 13²
595 4739 660 4791 vict.
680 4742 724 4807 sp.
821 4740 853 4791 26
873 4739 987 4808 συνίσμεν
1008 4741 1041 4790 V¹
1061 4742 1098 4806 (et
1118 4759 1139 4791 ν.
1154 4743 1198 4807 32)
1294 4742 1380 4794 αὐτοῖο
1400 4747 1423 4792 V
1512 4744 1557 4811 τἠν

202 4824 259 4876 add.
272 4827 317 4892 Sp.
424 4823 562 4892 αίδομίνοις
577 4844 592 4877 ο
609 4829 653 4893 Sp.
760 4827 793 4878 32
813 4827 897 4885 αὐτοῖς
917 4827 1001 4879 v²B²=
1020 4827 1104 4885 αὺτοῖς
1124 4830 1216 4880 VFB¹2
1236 4829 1321 4886 αὐτοῖς
1339 4829 1423 4888 αὐτοῖς
1442 4850 1469 4882 a:
1488 4829 1558 4882 αὐτοὶ

202 4910 285 4971 αδτοῖς
305 4912 395 4965 vict?
415 4915 459 4980 Sp.
