3540 5610
687 343 887 397 ιιικιιιοιιι
908 343 951 396 ου
970 343 1079 397 Αιυιιι
1485 410 1490 418 ,
1517 344 1556 406 51

172 588 177 599 ⁸
260 515 385 578 νούντων
407 518 456 580 καὶ
478 521 536 579 τῶν
558 517 643 601 ἡττον
665 519 717 600 τὴν
739 517 872 601 τοιαύτην
895 517 1008 600 ἀπάτην
1031 518 1295 600 παρασκευάζοντες
1317 515 1409 598 αὐτῇ·
1443 515 1505 578 ἐπεὶ

258 617 313 701 γὰρ
336 618 371 680 τά
392 618 535 703 ἐγγυτέρω
562 617 631 682 ὄντα
653 623 762 703 μᾶλλον
785 621 840 704 ὁρᾷ
863 625 920 682 τῶν
947 620 1005 683 ἀπὸ
1032 621 1160 689 πλείονος
1183 620 1389 702 διαστήματος,
1417 619 1465 681 καὶ
1488 618 1506 679 ἀ

259 723 370 802 μᾶλλον
398 723 453 804 δρᾷ
480 725 570 783 ταῦτα
597 721 740 807 ἐγγυτέρω
770 721 842 785 εἶναι
870 724 1042 806 φαντάζεται
1072 724 1143 807 πρὸς
1175 724 1227 805 τὴν
1255 721 1445 806 ἀντιστροφὴν
1472 720 1505 783 ού

259 822 467 905 προσηκόντως
487 822 637 906 γινομένην
660 824 846 908 ἀπατωμένη.
872 823 876 908 λ

229 941 246 985 5
341 923 465 1009 Ὁμοίως
487 925 520 987 δὲ
541 925 656 995 ταύταις
678 927 766 1010 καὶὴ
791 925 930 1012 ὄσφρησις
951 923 1180 1012 ἀναλαμβάνοιί
1202 926 1236 990 ἂν
1259 931 1308 990 τοῦ
1332 929 1486 1011 διαστημα-
1504 940 1556 985 132ν

260 1052 319 1097 τος.
351 1026 411 1090 ἔστι
427 1029 460 1091 δὲ
481 1025 658 1112 ἡὸσφρησις
672 1029 819 1115 ἀντιληφίς
842 1054 873 1093 τε
895 1032 942 1093 καὶ
957 1030 1048 1116 κρίσις
1071 1036 1127 1093 τῶν
1148 1029 1327 1114 ὀσφραντῶν.
1361 1029 1507 1114 ὀσφραντὰ
1646 1020 1648 1026 “

259 1132 293 1194 δὲ
316 1132 345 1193 αλ
363 1130 461 1213 ὀσμαί.
497 1129 555 1214 ούχ
577 1131 685 1215 ὁμοίως
707 1133 740 1194 δὲ
761 1135 891 1217 γνώριμοι
912 1135 982 1216 ἡμῖν
1004 1133 1040 1196 τὰ
1055 1132 1201 1217 ὀσφραντὰ
1221 1136 1282 1200 τοῖς
1303 1155 1334 1195 τε
1356 1133 1509 1199 ἀκουσταῖς

259 1235 309 1295 καὶ
331 1237 391 1300 τοῖς
414 1235 541 1316 ὁρατοῖς,
569 1234 617 1297 καὶ
640 1233 714 1296 πολύ
738 1234 824 1296 πλέον
846 1232 888 1297 ἔτι
910 1239 969 1302 τοῖς
991 1236 1091 1304 ἁπτοῖς
1114 1258 1145 1297 τε
1166 1235 1215 1297 καὶ
1236 1237 1376 1316 γευστοῖς.
1395 1267 1401 1280 ·
1421 1235 1454 1296 τδ
1477 1230 1501 1296 δ’
1533 1249 1547 1290 5

260 1333 367 1408 αἴτιον,
401 1337 444 1400 ὅτι
474 1337 548 1420 μηδὲ
574 1337 626 1419 τὴν
653 1335 788 1420 αῖσλλησιν
821 1336 927 1419 ταύτην
953 1335 1060 1421 ἔχομεν
1088 1333 1203 1422 ἀκριβῆ.
1252 1335 1427 1420 φαυλότερον
1453 1337 1506 1421 γὰρ

217 1454 246 1497 10
259 1441 377 1501 πολλῶν
407 1438 490 1524 ζῴων
517 1438 669 1521 ἀνδρωπος
693 1439 825 1522 ὀσμνῖται.
871 1438 966 1521 μύνων
993 1443 1061 1520 γοῦν
1089 1439 1256 1503 αόσδοίνεται
1283 1444 1341 1502 τῶν
1369 1443 1506 1522 λυπηρῶν

261 1565 295 1605 τε
316 1542 364 1604 καὶ
386 1542 480 1625 ἡδέων
504 1542 603 1625 ὀσμῶν
632 1541 690 1626 οὐχ
711 1543 802 1612 ούτως
825 1543 900 1625 ὁρῶν
927 1541 995 1606 οὐδὲ
1017 1541 1140 1605 ἀκούων.
1185 1541 1233 1604 ἐπὶ
1258 1541 1311 1625 γὰρ
1334 1541 1450 1605 ἐκείνων
1472 1541 1506 1605 οὐ
1549 1579 1555 1589 -

259 1649 320 1707 τῶν
342 1644 437 1727 ἡδέων
459 1668 490 1708 τε
505 1645 553 1708 καὶ
574 1646 711 1728 λυπηρῶν
735 1643 831 1728 μύνων
852 1644 1045 1729 ἡάντίληφις.
1082 1644 1223 1727 ἀκούομεν
1246 1645 1299 1727 γὰρ
1322 1645 1370 1707 καὶ
1393 1646 1506 1728 δρῶμεν

260 1748 368 1811 καὶτὰ
391 1748 465 1830 μήτε
487 1747 601 1830 λυπηρὰ
624 1750 698 1830 μήτε
720 1746 801 1829 ἡδέα.
836 1745 912 1810 ἔοικε
929 1747 980 1829 μὲν
1002 1747 1056 1831 γὰρ
1078 1747 1114 1810 τὰ
1129 1746 1276 1831 ὀσφραντὰ
1299 1747 1408 1831 ὁμοίως
1430 1744 1506 1832 ἔχειν

260 1855 321 1920 τοῖς
342 1854 484 1933 γευστοῖς,
507 1853 549 1917 ῶς
571 1849 642 1912 εἶναι
664 1850 700 1912 τὰ
722 1848 785 1934 εἴδη
808 1855 865 1912 τῶν
890 1849 1057 1934 ὀσφραντῶν
1080 1851 1218 1931 ἀναλογον
1241 1854 1300 1919 τοῖς
1322 1854 1380 1912 τῶν
1403 1854 1507 1934 χυμῶν
1522 1866 1548 1906 ιο
1580 1922 1582 1928 Ι

219 1970 248 2014 15
261 1951 374 2018 εἴδεσιν.
421 1949 473 2016 ἀπ’
502 1953 619 2015 ἐκείνων
648 1954 701 2036 γάρ
730 1976 791 2021 πως
818 1954 866 2016 καὶ
895 1954 914 2036 ἡ
940 1952 1047 2034 γένεσις
1072 1952 1185 2026 αότοῑς,
1212 1952 1242 2015 εἴ
1259 1953 1292 2034 γέ
1317 1953 1394 2016 ἐστιν
1417 1952 1433 2014 ὁ
1456 1954 1508 2035 μὲν

261 2057 368 2144 χυμός,
392 2057 433 2126 ῶς
452 2077 539 2140 φησιν
562 2055 592 2117 ἐν
615 2059 658 2138 τῷ
679 2056 744 2139 περὶ
766 2056 933 2139 αίσδὴσεῶν
956 2055 1050 2118 τεκαὶ
1071 2054 1220 2137 αῖσδητῶν
1240 2053 1451 2139 Ἀριστοτέλης,
1475 2057 1507 2117 τδ

261 2159 295 2221 έν
315 2164 358 2244 τῷ
375 2160 456 2222 ῶδατι
478 2157 625 2240 γινομενον
648 2159 742 2227 πέδας
763 2159 820 2221 ύπδ
839 2162 888 2220 τοῦ
911 2160 1040 2240 γεώδους
1062 2157 1148 2242 ξηροῦ
1172 2160 1219 2220 διοί
1233 2180 1307 2226 τινος
1330 2156 1508 2242 θερμότητές

261 2264 356 2326 τεκαὶ
371 2263 488 2346 πέψεως
503 2267 555 2346 τὴς
570 2261 643 2324 κατὰ
658 2261 775 2345 δύναμιν
790 2261 916 2342 γεύσεως
931 2261 1137 2345 μεταβλητικὸν
1159 2260 1200 2328 εἰς
1214 2259 1365 2343 ἐνέργειαν,
1387 2261 1508 2346 ὀσφραν-

260 2364 311 2427 τδν
333 2367 366 2428 δέ
387 2366 420 2428 τδ
443 2365 473 2428 ἐν
496 2369 540 2449 τῷ
563 2365 642 2449 ύγριγῖ
664 2361 812 2448 γινόμενον
835 2364 929 2432 παῖδος
956 2364 1013 2426 ύπδ
1035 2367 1086 2446 τῆς
1112 2362 1241 2447 ἐγχύμου
1264 2362 1427 2447 ξηρότητος.
1474 2365 1507 2427 τὸ

216 2467 315 2551 ωγιλρ
338 2468 456 2551 δίοσμον
479 2469 630 2530 πλυντικδν
653 2467 685 2531 δν
707 2468 755 2530 καὶ
776 2466 909 2550 ’ρυπτικδν
931 2466 1060 2550 ἐγχύμου
1083 2465 1246 2550 Εηρύτητος,
1270 2466 1337 2528 ὅταν
1359 2470 1443 2530 τοῦτο
1465 2466 1508 2530 δέ·

261 2571 344 2655 ξηται
366 2572 399 2634 τδ
421 2554 708 2653 πάδος,’ὀσφραντδν
735 2565 796 2631 κατ’
825 2567 968 2652 ἐνέργειαν
994 2569 1121 2650 γίνεται·
1153 2570 1292 2650 ἀνάλογον
1315 2568 1366 2652 μὲν
1389 2566 1439 2632 οὖν
1461 2569 1509 2632 διὰ
1523 2587 1549 2628 ιε

258 2677 347 2736 τούτο
369 2678 411 2758 τηῖ
435 2678 523 2759 χυμηῖ
549 2674 581 2735 τὸ
597 2669 766 2756 ὀσφραντύν.
801 2673 845 2734 διδ
868 2672 926 2749 καὶ,
939 2674 979 2740 ὡς
993 2675 1051 2733 τῶν
1067 2675 1170 2755 χυμῶν
1193 2672 1219 2733 οἱ
1244 2671 1295 2753 μέν
1313 2672 1369 2734 εἰσι
1384 2674 1507 2754 γλυκεῖς,

260 2778 289 2840 οί
312 2777 346 2839 δὲ
368 2777 478 2860 πικροί,
501 2777 549 2839 καὶ
572 2777 599 2838 ολ
623 2776 679 2857 μὲν
697 2775 822 2853 λιπαροί,
845 2759 872 2836 οἱ
895 2774 927 2836 δὲ
949 2773 1089 2858 ἁλμυροί,
1112 2775 1160 2837 καὶ
1182 2775 1253 2856 πρός
1275 2773 1384 2842 τούτοις
1406 2777 1433 2837 οἱ
1457 2776 1509 2858 μὲν

261 2878 413 2963 αόστηροί,
436 2880 463 2941 ολ
486 2879 519 2941 δὲ
543 2878 626 2948 ὀξεῖς.
649 2879 676 2940 οἱ
700 2878 732 2940 δὲ
752 2877 896 2961 στρυφνοί,
920 2877 946 2939 οἱ
969 2876 1001 2939 δὲ
1017 2878 1137 2960 δριμεῖς,
1160 2876 1253 2944 οὕτως
1275 2877 1377 2939 δὲκαὶ
1399 2877 1429 2940 αἱ
1452 2883 1509 2941 τῶν

215 2998 246 3043 25
260 2983 433 3067 ὀσφραντῶν
459 2979 561 3067 ἔχουσι
588 2981 730 3065 διαφοραί.
776 2979 835 3042 ἀλλ’
863 2980 926 3042 ἐπεὶ
955 2979 1008 3062 τὴν
1036 2979 1088 3063 μὲν
1114 2982 1209 3061 γεῦσιν
1236 2978 1442 3062 ἀκριβεστάτην
1469 2980 1509 3042 αἴ·

260 3087 368 3169 σθησιν
390 3081 512 3169 ἔχομεν,
539 3083 584 3146 ὅτι
605 3085 654 3147 καῖ
680 3085 733 3165 τὴν
755 3084 834 3167 ἁφήν
860 3081 938 3166 (ἁφὴ
960 3083 1014 3165 γοίρ
1036 3104 1078 3149 τις
1103 3083 1151 3144 καὶ
1178 3083 1196 3163 ἡ
1219 3085 1327 3162 γεῦσις·
1360 3082 1433 3145 κατὰ
1454 3083 1509 3167 γάρ

203 3279 217 3329 l
244 3276 296 3345 την
314 3273 431 3342 τοιαύτην
449 3271 559 3342 ἀπάτην]
578 3274 636 3324 eine
654 3246 829 3340 Vdrstelluffig,
850 3273 896 3324 wie
911 3271 972 3339 jone
991 3271 1181 3338 Tiuschungen
1291 3269 1307 3320 ‘2
1331 3268 1426 3337 μᾶλλον
1445 3270 1502 3340 δρᾷ]
1521 3270 1562 3324 λιλτ

202 3365 329 3417 uhter
347 3362 401 3415 halt
476 3360 544 3411 ’2-3
563 3359 578 3410 ἃ
597 3357 691 3427 μᾶλλον
710 3357 768 3428 δρᾷ]
787 3360 880 3412 dassen
898 3358 982 3412 δελετο
1000 3359 1052 3411 ihm
1072 3356 1226 3410 wahrhafter
1243 3357 1277 3409 ist
1351 3358 1420 3410 3-4
1437 3358 1498 3428 πρὸς
1514 3358 1561 3429 τὴν

202 3448 416 3519 -ἀπατωμίνη]
440 3449 530 3500 Dieser
547 3447 639 3499 lrrtum
658 3446 771 3498 entsteht
789 3448 817 3499 in
835 3448 904 3510 ihm,
926 3446 981 3499 weil
1001 3445 1091 3499 στᾶσε
1111 3444 1256 3498 Umkehren
1279 3461 1313 3498 an
1332 3444 1390 3498 dem
1408 3447 1481 3498 nieht
1499 3445 1561 3498 Not-

202 3540 346 3608 mdigen
365 3538 404 3602 (in
419 3534 635 3605 ungebfihrlicher
654 3533 751 3599 Weise)
771 3537 909 3586 vornimmt
1025 3533 1041 3585 8
1062 3550 1090 3585 τε
1108 3532 1152 3584 καὶ
1169 3539 1279 3601 γευστοῖς
1297 3548 1346 3585 om.
1455 3531 1470 3582 9
1489 3528 1560 3583 δτι-

202 3624 312 3697 ὀιριβῆ]
332 3624 392 3677 dass
411 3621 578 3676 dieser·Sinn
597 3621 670 3673 nicht
688 3619 746 3689 [ist]
765 3622 890 3674 wahrhaft
907 3622 936 3673 in
954 3637 1004 3673 uns
1112 3620 1145 3672 10
1162 3618 1293 3690 λυπηρῶν]
1314 3621 1355 3672 die
1374 3618 1540 3672 schfidlichen

206 3713 239 3766 12
258 3714 306 3783 γὰρ
325 3727 376 3764 om.
484 3710 515 3761 16
537 3709 562 3761 ἐν
580 3706 801 3778 τηλ-ιιῖσδητῶν]
820 3709 854 3760 λιιι
873 3708 961 3760 Buche
979 3722 1030 3760 νου
1049 3708 1099 3761 (λου
1118 3708 1219 3761 Sinnon
1327 3707 1357 3758 19
1375 3705 1496 3776 ἐγχύμου]
1516 3722 1559 3775 go·

204 3799 369 3854 schmacklos
478 3796 578 3848 19-20
600 3796 629 3847 τὸ
647 3797 693 3867 γὰρ
711 3784 992 3866 δίοσμονέ-ξηρότητος
1010 3811 1060 3848 om.
1171 3795 1270 3848 20-21
1296 3798 1370 3848 τούτο
1384 3832 1407 3846 ..
1421 3793 1449 3846 τδ
1468 3791 1558 3861 παῖδας]

204 3889 247 3942 die
265 3888 369 3956 Spuren
387 3885 433 3939 des
452 3881 607 3937 Geruches'
689 3882 722 3934 22
740 3883 783 3934 καὶ
800 3898 851 3935 om.
957 3883 991 3935 ‘24
1009 3882 1137 3953 αόστηροί]
1157 3882 1414 3936 κυετιιιωειιιλολισιιδ
1434 3881 1518 3948 (herb)

207 3973 280 4043 ὀξεῖς]
298 3990 375 4026 saner
479 3967 608 4042 στρυφνοί]
629 3968 709 4037 gallig
754 4005 757 4011 -
814 3968 918 4038 δριμεῖς]
937 3970 1024 4022 scharf
1041 3971 1125 4037 (herb)
1232 3969 1265 4022 25
1284 3967 1410 4041 διαφοραί]
1429 3971 1512 4021 Arton

208 4060 311 4115 25-26
332 4058 385 4112 ἀλλ’
406 4055 606 4130 ἐπιλ-ίχομεν]
625 4056 724 4108 Jedooh
743 4057 777 4109 im
797 4056 902 4109 Bereich
922 4058 968 4111 des
986 4057 1175 4112 (λαιολιωεολιεε
1193 4058 1229 4111 ist
1246 4073 1325 4110 unser
1343 4057 1409 4109 Sinn
1428 4056 1463 4107 im
1481 4055 1559 4107 λιόολι-

210 4154 265 4202 ιτειι
282 4147 368 4200 (ληιλε
386 4147 431 4199 der
452 4144 615 4199 Gosundheit
633 4141 678 4210 [τί.
697 4143 757 4210 523
775 4144 1013 4216 κατὰ-ἀκριβείας
1030 4162 1081 4199 was
1100 4147 1151 4199 don
1171 4145 1274 4198 Geruch
1292 4143 1433 4208 ευδοιτλλλι,
1452 4136 1480 4194 s'o
1499 4142 1558 4195 sind

213 4237 254 4288 wir
270 4233 401 4303 verkfirzt]

217 4406 405 4479 δίγγυτίρῳλί
504 4407 611 4476 5,,πτρλ
629 4404 797 4474 ὀοφρὴσεως.“
836 4405 930 4474 ὁμοίως
949 4405 974 4459 δὲ
995 4407 1033 4458 Va
1133 4404 1328 4476 Ἰγνῶρημαλί
1429 4402 1501 4457 Mn
1520 4405 1556 4456 V:

219 4493 290 4564 δραι
377 4492 441 4547 1οδ
459 4491 624 4562 ἅνδρωτοςο
719 4493 749 4545 16
768 4491 942 4563 αῖσδὴσειύςα
1033 4493 1060 4545 ίν
1078 4496 1115 4562 τῷ
1134 4491 1201 4561 κτλ]
1222 4493 1266 4544 λι.
1285 4492 1316 4543 (λε
1335 4506 1403 4545 sens.
1421 4492 1557 4558 4‚441b19

222 4578 250 4633 *20
272 4581 385 4635 πλυτικδν
404 4599 420 4634 a
439 4583 477 4648 (et
495 4581 565 4646 53‚5)
680 4579 713 4632 24
741 4579 834 4650 δριμεῖς
852 4582 889 4633 m²
907 4583 935 4635 in
953 4581 992 4634 lit.
1010 4581 1095 4652 πικρολ
1113 4587 1143 4632 ut
1161 4579 1264 4632 videtur
1283 4578 1364 4631 m¹V:
1388 4579 1473 4649 πικροὶ
1490 4594 1506 4631 ε
1525 4577 1557 4631 ολ.

225 4665 289 4731 ὀλλβ
378 4670 413 4722 ‘25
432 4669 486 4722 ἐπεὶ
503 4669 549 4736 μὲν
566 4668 612 4737 την
630 4671 712 4735 γεῦσιν
732 4668 767 4719 ιυ1
778 4666 815 4719 m²
833 4683 897 4720 corr.
915 4669 961 4738 τὴν
980 4669 1025 4737 μὲν
1045 4671 1078 4720 V:
1097 4669 1150 4721 ἐπεὶ
1167 4668 1215 4737 τὴν
1236 4667 1280 4734 μὲν
1298 4670 1378 4736 γεῦσιν
1397 4683 1412 4718 ε
1505 4666 1558 4718 ἐπεὶ

228 4765 270 4805 που
284 4755 342 4825 legit
357 4759 406 4810 int.
420 4758 491 4810 hebr·
516 4756 626 4807 fortasse
645 4753 697 4806 ἀλλ’
713 4754 812 4824 ἐκείνην
830 4755 875 4822 μὲν
895 4753 952 4825 [τὴν
971 4755 1063 4824 γεῦσιν]
1082 4757 1137 4809 sive
1155 4753 1208 4807 ἀλλ’
1224 4753 1321 4825 ίκιίνην
1340 4755 1394 4822 μέν,
1412 4754 1459 4824 τὴν
1477 4757 1557 4823 γεῦσιν

231 4836 256 4888 λδ
277 4839 309 4894 δτι
324 4845 357 4896 V:
381 4846 463 4916 ἆραι
567 4841 637 4911 ,ἁφὴ
657 4843 703 4912 γάρ
720 4860 757 4899 τις
774 4841 842 4910 κτλ]
866 4844 1026 4910 parenthesis
1051 4844 1222 4911 parenthesim
1242 4843 1359 4893 continet
1379 4839 1493 4905 ἄλλ-4
1518 4839 1558 4892 διὰ

233 4928 457 5004 τούτο-τελεωτέρα
549 4942 554 4949 ’

1312 5015 1358 5078 4*
