3540 5610
72 294 88 341 ·.
157 268 247 365 ’γρ
432 316 436 325 ·
685 299 950 355 ιιοκιιιυιιιυυ
969 262 1078 355 mm

257 475 349 535 πᾶσαι
371 475 425 559 γὰρ
447 476 477 538 αἱ
493 480 621 561 τοιαῦται
643 475 758 560 πράξεις
780 475 959 559 ἐνεργοῦνται
981 475 1028 539 διδ
1049 480 1102 559 τῆς
1120 479 1179 539 τῶν
1202 477 1375 556 σωματικῶν
1399 454 1506 557 μὺρίων

258 576 408 661 ἐνεργείας.
451 579 499 642 καί
520 579 583 641 τίνα
606 578 716 661 μέν.τὰ
738 577 825 663 μόρια
847 583 899 662 τῆς
920 584 1018 663 κοινῆς
1039 583 1097 640 τιῖιν
1120 574 1205 662 ζῴων
1228 580 1338 660 ψυχῆς,
1361 576 1409 638 καί
1430 576 1507 644 τίνες

258 679 353 742 αῦτῦνν
381 682 411 743 αἱ
438 682 509 764 πρὸς
536 682 665 764 ἀλλήλας
691 681 840 765 διαφοραί,
867 684 1010 765 γνώριμον
1039 681 1071 745 ἐκ
1098 686 1155 745 τῶν
1182 678 1352 762 εἰρημένων.
1396 676 1507 741 εἰσίδέ

256 783 304 845 καί
332 785 362 846 αἱ
389 784 492 846 οἰκεῖαι
520 783 643 847 ἑκάστου
671 783 780 847 τοὺτων
810 784 948 868 ἐνέργειαι
970 784 1042 848 αἵδε.
1088 786 1120 847 τδ
1148 784 1199 867 μέν
1228 786 1279 864 ζῆν
1300 781 1427 865 ἐνέργεια
1455 785 1506 843 τοῦ

229 885 427 968 υθρεπτικοῦ,
456 888 549 970 κρινδν
573 885 604 948 δν
629 883 709 970 ζῴου
732 887 780 949 καὶ
802 891 903 970 φυτοῦ.
949 888 1011 970 ζωὴ
1034 887 1067 950 δέ
1090 887 1181 959 ἐστιν,
1204 864 1244 953 lin
1266 884 1394 968 ἐρρήθη,
1420 885 1439 966 ῆ
1463 882 1500 946 δι’
1520 899 1549 942 ιε

256 989 344 1051 αὑτοῦ
361 989 453 1073 τροφή
470 1010 501 1050 τε
524 989 572 1051 καὶ
587 985 715 1071 αὑΕησις.
753 988 786 1050 τὸ
809 989 841 1051 δὲ
863 989 1067 1059 αἰσθάνεσθαι,
1089 988 1161 1071 ὑπερ
1177 986 1249 1051 ίδιὺν
1271 985 1332 1049 ἐστι
1352 989 1403 1048 τοῦ
1427 983 1506 1072 ζῴου

259 1091 330 1175 μετὰ
352 1091 385 1154 τδ
408 1095 460 1175 ζῆν
483 1088 531 1164 ὄν,
558 1096 611 1174 τῆς
632 1090 806 1174 αἰσθητικῆς
832 1090 892 1153 ἐστι
919 1096 1020 1176 ψυχῆς
1046 1092 1190 1176 ἐνέργεια,
1217 1088 1352 1173 γινομένη
1380 1088 1432 1151 διὰ·
1454 1094 1507 1173 τῆς

78 1210 85 1223 ·
174 1225 177 1231 ·
257 1198 315 1256 τῶν
337 1193 422 1256 εἰδῶν
444 1197 502 1254 τῶν
523 1192 672 1276 αἰσθητῶν
695 1193 741 1257 διὰ
763 1197 821 1257 τῶν
844 1193 1041 1279 αἰσθητηρίων
1064 1197 1182 1278 λήψεως
1205 1193 1296 1278 χωρὶς
1312 1192 1391 1275 ὑλης,
1414 1191 1451 1275 ῆς
1472 1193 1506 1254 τδ

259 1296 311 1379 μὲν
327 1297 397 1381 δρῦν
419 1300 471 1378 τῆς
495 1296 636 1379 ὁράσεως,
659 1296 691 1357 τδ
714 1295 876 1359 δέάκοὺειν
900 1301 952 1380 τῆς
968 1296 1059 1380 οἰκοῆς
1080 1297 1128 1360 καὶ
1152 1297 1186 1359 τὰ
1202 1294 1277 1359 ἄλλα
1292 1294 1411 1377 δμοίως,
1434 1293 1506 1358 αὑτδ

218 1398 290 1461 10δέ
311 1399 344 1461 τδ
367 1398 559 1462 αἰσθάνεσθαι
587 1403 639 1482 τῆς
668 1403 766 1483 κοινῆς
787 1399 964 1483 αἰσθήσεως.
1009 1400 1105 1469 ὡςδὲ
1128 1399 1175 1462 ἐπὶ
1202 1404 1254 1482 τῆς
1281 1398 1449 1481 αἰσθήσεως
1470 1398 1506 1460 τὰ

258 1502 310 1584 μὲν
332 1500 501 1565 καθέκαστα
515 1501 643 1585 αἰσθητὰ
665 1502 713 1565 διὰ
727 1506 785 1565 τῶν
801 1501 969 1565 καθέκαστα
990 1502 1188 1587 αἰσθητηρίων
1211 1501 1353 1586 κρίνομεν,
1376 1499 1505 1565 καθόλου

258 1606 290 1680 δὲ
312 1605 347 1667 τὰ
362 1605 490 1689 αἰσθητὰ
511 1609 549 1687 τῆ
574 1607 658 1686 κοινῆ
680 1604 827 1688 αἰσθήσει,
851 1598 894 1673 ιίιςΙ
914 1604 970 1667 ὑπὸ
985 1609 1037 1668 τοῦ
1059 1604 1148 1668 αὑτοῦ
1171 1606 1223 1688 μὲν
1238 1603 1507 1687 γινομένηςπάσης
1520 1619 1548 1661 σο

257 1707 439 1791 αἰσθήσεως,
467 1705 529 1770 κατ’
558 1705 629 1770 ἄλλο
653 1706 749 1788 μέντοι
771 1708 820 1770 καί
841 1706 929 1781 άλλο,
956 1707 1049 1777 οὑτως
1070 1709 1170 1780 πάλιν,
1193 1707 1256 1770 ἐπεὶ
1277 1707 1369 1791 κρίσις
1391 1706 1443 1789 μέν
1466 1730 1507 1775 τις

257 1811 306 1872 καί
327 1808 509 1893 ῆαίσθησις,
532 1810 603 1873 εἰσὶν
627 1811 660 1872 δέ
681 1812 729 1873 καὶ
745 1809 830 1873 ἄλλαι
852 1809 966 1894 κρίσεις,
991 1814 1031 1879 ὡς
1053 1811 1086 1873 τδ
1108 1810 1345 1894 φαντασιοῦσθαι,
1368 1829 1507 1891 συγκατα-
1581 1808 1586 1815 ’

218 1928 243 1972 15
257 1912 401 1986 τίθεσθαι,
425 1913 697 1997 ἀντιλαμβάνεσθαι,
722 1913 946 1997 ὑπολαμβάνειν,
967 1912 1105 2004 δοξάζειν,
1128 1913 1309 1986 ἐπίστασθαι,
1330 1912 1506 1994 λογίζεσθαι,
1597 1914 1601 1923 ’

257 2015 445 2092 διανοεῖσθαι,
467 2021 552 2092 νοεῖν,
576 2015 757 2099 ὑποληπτέον
780 2017 874 2104 παίσας
897 2016 950 2099 μὲν
971 2016 1021 2084 τὰς
1043 2002 1148 2099 κρίσεις
1170 2015 1227 2078 ὑπδ
1250 2018 1301 2077 τοῦ
1320 2014 1410 2077 αὑτοῦ
1432 2038 1507 2083 τινος

256 2120 304 2182 καί
326 2121 422 2181 κοινοῦ
444 2117 573 2201 γίνεσθαι
593 2118 663 2200 (τοῦ
681 2119 735 2202 γὰρ
757 2119 912 2203 κριτικοῦ),
942 2119 1065 2201 ἑκάστην
1088 2118 1121 2182 δὲ
1143 2118 1233 2202 κρίσιν
1255 2106 1319 2180 κατ’
1346 2117 1437 2202 ἄλλην
1460 2118 1508 2180 καὶ

256 2220 347 2304 άλλην
371 2219 419 2283 ὑπ’
446 2220 536 2284 αὑτοῦ
559 2221 688 2303 γίνεσθαι
710 2221 840 2305 δύναμιν,
863 2225 903 2291 ὡς
925 2219 1005 2305 εἶχεν
1028 2222 1076 2284 καὶ
1099 2220 1148 2283 ἐττί
1169 2227 1222 2305 τῆς
1244 2220 1421 2304 αἰσθήσεως.
1455 2224 1506 2283 τοῦ
1592 2286 1597 2297 ,

256 2323 310 2408 γὰρ
332 2327 459 2407 κριτικοῦ
483 2321 487 2406 λ
511 2321 543 2386 τὺ
566 2346 597 2387 τε
620 2323 852 2409 φαντασιοῦσθαι
870 2324 919 2387 καί
941 2323 974 2385 τδ
998 2324 1260 2405 συγκατατίθεσθαι
1284 2325 1332 2387 καί
1354 2325 1387 2386 τδ
1415 2324 1488 2386 οἰντι-
1508 2338 1560 2384 ινιτ

215 2427 454 2511 κολαμβάνεσθαι
481 2427 583 2489 καὶτὸ
606 2427 818 2512 ὑπολαμβάνειν
845 2426 899 2490 καὶ·
921 2426 953 2488 τδ
976 2425 1103 2498 δοξάζειν
1129 2428 1177 2489 καί
1205 2428 1238 2489 τδ
1267 2427 1507 2511 καταλαμβάνειν,

256 2533 298 2594 ὧν
320 2529 371 2599 τὰς
394 2528 532 2613 διαφορὰς
554 2529 685 2612 κρίνομεν
708 2535 752 2615 τιβ
776 2534 864 2614 κοινιβ
886 2533 1016 2615 κριτικῷ.
1058 2532 1098 2598 ιὺς
1120 2528 1153 2592 δέ
1175 2528 1237 2593 ἐστί
1258 2553 1284 2591 τι
1307 2530 1401 2593 κοινδν
1423 2553 1507 2613 κριτι-

256 2633 321 2711 κὺν,
355 2633 449 2701 οὑτως
474 2632 559 2694 πάλιν
587 2631 648 2695 ἐστί
675 2634 723 2695 κοιί
756 2632 850 2695 κοινδν
877 2630 1032 2715 ὑρμητικὺν
1066 2655 1097 2695 τε
1124 2633 1173 2695 καί
1200 2630 1355 2714 ῦρεκτικὺν.
1404 2635 1424 2716 ἡ
1452 2633 1506 2716 γὰρ

256 2736 347 2823 ὄρεξις
370 2737 446 2820 ὑρμὴ
473 2735 524 2798 ἐπί
542 2758 584 2809 τι,
610 2734 647 2817 ῆς
667 2736 701 2798 τδ
729 2736 780 2817 μὲν
803 2734 958 2817 ἐπιθυμία,
985 2735 1018 2797 τδ
1046 2735 1078 2798 δέ
1099 2733 1209 2819 θυμὺτ,
1236 2735 1270 2797 τδ
1297 2735 1330 2798 δὲ
1358 2735 1504 2821 βοὺλησις.

256 2845 328 2925 κινεῖ
347 2840 380 2903 δὲ
401 2841 420 2922 ἡ
444 2839 587 2922 ὑρμητικῆ
615 2861 646 2900 τε
672 2838 719 2900 καί
742 2837 876 2921 ὑρεκτικῆ
900 2837 983 2921 ψυχὴ
1006 2838 1039 2900 τδ
1063 2842 1138 2922 ζῷον
1161 2836 1214 2900 οῦκ
1241 2836 1313 2921 αὐτῆ
1337 2839 1504 2925 κινουμένη,
1532 2856 1546 2898 ι

214 2960 242 3004 25
256 2947 304 3031 ίος
318 2942 496 3026 προείρηται.
541 2941 674 3023 ἀκίνητος
695 2940 749 3023 γὰρ
773 2937 840 3003 καθ’
868 2934 958 3023 αὑτὴν
985 2943 1066 3008 πᾶσα
1088 2939 1262 3026 ἐντελέχεια.
1299 2942 1355 3004 καί
1378 2943 1397 3024 ῆ
1421 2945 1502 3028 ψυχὴ

170 3088 174 3095 -
255 3049 287 3112 δὲ
309 3045 430 3130 ἐδείχθη
454 3042 529 3107 οῦσα
551 3041 724 3127 ἐντελέχεια.
770 3045 814 3106 διδ
837 3042 905 3106 οὑδὲ
926 3044 1032 3126 κυρίως
1058 3041 1170 3124 λέγεται
1193 3045 1335 3107 κινεῖσθαι
1361 3045 1394 3107 ’τδ
1417 3051 1505 3127 σῶμα

256 3151 311 3214 ὑπὸ
333 3153 386 3233 τῆς
408 3150 516 3232 ψυχῆς.
559 3150 648 3209 τοῦτο
666 3144 721 3229 γὰρ
743 3145 869 3228 λέγεται,
892 3141 941 3230 ἐφ’
969 3146 1010 3207 ὦν
1033 3148 1210 3230 κεχώρισται
1231 3145 1264 3209 τό
1286 3144 1318 3210 ’τε
1340 3151 1435 3210 κινοῦν
1457 3149 1506 3211 καὶ

254 3254 288 3316 τδ
311 3249 492 3334 κινοὺμενον,
522 3251 563 3318 ὡς
584 3249 612 3311 υί
635 3248 703 3332 βοῦς
725 3248 753 3310 οί
776 3240 918 3316 κινοῦντες
944 3248 996 3331 τὴν
1018 3248 1145 3329 ἅμαξαν,
1172 3246 1231 3312 ἀλλ’
1259 3249 1323 3311 ἐπεὶ
1345 3249 1506 3334 κοινότερον

256 3356 369 3439 λέγεται
392 3351 449 3415 ὑπὺ
472 3375 547 3421 τινος
567 3351 708 3416 κινεῖσθαι
730 3351 779 3413 καί
801 3352 834 3413 τδ
857 3349 921 3414 κατ’
942 3351 1013 3414 αῦτδ
1033 3351 1197 3435 κινοὺμενον
1218 3351 1326 3434 (οὑτως
1340 3338 1394 3436 γὰρ
1410 3352 1427 3415 ὑ
1441 3376 1506 3440 τεχς

202 3561 289 3613 θκαὶ
306 3544 368 3613 ant&
386 3556 442 3612 τ’ίνα
460 3574 511 3611 om.
629 3558 661 3609 τὰ
680 3556 894 3630 μόρια-ψυχῆς]
914 3557 956 3610 die
974 3558 1042 3610 allen
1062 3559 1174 3611 Thieren
1193 3557 1468 3637 gemeinschaftlichen
1487 3560 1561 3615 Τείἰυ
1644 3564 1647 3574 “

202 3648 247 3700 der
263 3647 337 3700 Seele
446 3647 464 3698 4
484 3644 543 3714 μὲν]
560 3645 654 3713 jedoch
764 3646 795 3697 10
817 3649 862 3714 τῆς
881 3650 967 3715 κοινῆς
986 3632 1137 3714 αἰσθήσεως]
1157 3647 1216 3698 eine
1234 3646 1366 3713 Wirkung
1385 3646 1429 3698 des
1446 3649 1561 3715 gemein-

202 3735 373 3787 schaftlichen
392 3718 530 3786 Sinues'
586 3731 624 3801 ιι]
643 3733 697 3784 und
797 3731 849 3801 ιιι]
868 3733 947 3784 durch
1053 3733 1082 3784 13
1102 3732 1160 3785 κατ’
1183 3731 1355 3801 αλιι-ινιτ]
1374 3749 1424 3785 ιιι
1441 3733 1502 3787 dass
1520 3735 1560 3789 sio

202 3820 256 3889 [die
275 3819 585 3888 Sinueswahrnehmung]
604 3821 633 3872 in
652 3819 851 3872 verschiedenen
870 3820 973 3888 Dingen
993 3819 1080 3888 [wird]
1195 3819 1269 3872 πάλιν
1288 3835 1339 3872 om.
1457 3822 1488 3873 14
1518 3824 1562 3875 καὶ

188 3912 263 3962 ‘ante
281 3908 354 3961 ἄλλοι
373 3924 423 3960 om.
527 3908 564 3961 λῖν
591 3904 818 3977 ἀντιλαμβάνεσθαι
836 3906 1031 3976 ὑπολαμβάνειν]
1055 3908 1207 3977 Erfindung,
1225 3908 1333 3961 Denken
1442 3909 1472 3960 16
1501 3907 1562 3962 ὑπο-

191 3985 322 4067 ληπτέον]
347 4001 431 4048 musst
449 3996 483 4048 du
501 3997 595 4066 wissen
705 3994 805 4047 17-18
832 3994 1098 4065 ἐκάστην-δὺναμιν]
1122 4013 1172 4048 nur
1190 3996 1249 4047 dass
1270 3995 1330 4063 jede
1352 3995 1468 4049 einzelne
1487 3997 1562 4065 jener

203 4083 354 4151 Gattungen
374 4084 431 4149 [der
448 4082 630 4147 Erkenntniss]
650 4082 691 4147 [P.
709 4081 794 4134 addit:
813 4097 860 4134 aus
879 4083 944 4148 ihm]
963 4084 1078 4136 entsteht
1096 4084 1175 4151 durch
1194 4080 1354 4148 eine'Kraft,
1373 4083 1415 4136 die
1433 4086 1560 4139 κατεσθίω

144 4178 150 4194 ’
203 4173 253 4224 den
272 4173 307 4239 ist
326 4187 376 4224 von
395 4173 467 4225 einer
485 4158 583 4223 {tndem
704 4164 807 4221 19:20
833 4169 923 4222 καὶτὸ
941 4169 1425 4241 ἀντιλαμβάνεσθαι-καταλαμβάνειν]
1444 4172 1562 4236 θειιίιοιι,

203 4259 332 4321 (ἱλαιιὺειι,
350 4259 575 4325 Wahrnehmung‚
592 4256 736 4325 Effindung
823 4256 856 4309 22
875 4276 902 4309 τε
920 4257 963 4311 καί
981 4274 1032 4310 om.
1122 4258 1155 4309 ‘24
1173 4276 1201 4310 τε
1219 4250 1263 4310 καὶ
1281 4274 1331 4310 om.
1415 4255 1447 4309 26
1466 4256 1492 4310 δέ
1511 4246 1591 4311 om.'

203 4346 236 4399 27
265 4346 361 4420 ψυχῆς]
380 4347 465 4398 addit:
484 4345 579 4397 welche
597 4344 652 4397 sich
670 4344 744 4396 nicht
762 4346 863 4413 bewegt
978 4345 1086 4414 λέγεται]
1105 4345 1190 4397 addit:
1209 4362 1268 4397 nur
1374 4345 1477 4397 ’λθ-99
1506 4344 1559 4398 ιίλλ1

202 4432 458 4501 ἰπεὶ-κινοὺμινυν]
484 4433 554 4485 Αἰνετ
576 4432 610 4483 δε
628 4448 687 4483 man
711 4433 738 4483 ἰιι
762 4434 833 4485 einer
852 4433 1049 4501 allgomeineren
1068 4434 1156 4485 Weiso
1179 4436 1252 4501 sagt,
1276 4433 1337 4486 dass
1356 4434 1398 4485 ein
1417 4433 1487 4496 Dina
1511 4447 1561 4485 von

154 4522 179 4585 ᾗ
203 4522 286 4574 οἰοειυ
306 4522 420 4574 anderen
438 4520 509 4589 Ding
526 4520 626 4589 bewegt
644 4520 715 4583 wird,
734 4520 866 4574 indem‘es
885 4523 951 4574 auch
970 4524 998 4574 in
1014 4523 1100 4590 jenem
1120 4522 1190 4589 Ding
1209 4522 1308 4588 bewegt
1327 4521 1389 4573 νιῐτιΙ

203 4712 274 4769 ὑιθς
292 4710 400 4782 ἐρρηθη]
419 4710 499 4773 ⁸29‚10
604 4710 620 4761 θ
643 4709 721 4763 αὑτοῦ
739 4711 778 4764 Va
884 4711 901 4764 8
927 4710 1009 4782 ὑληει
1117 4712 1148 4763 14
1167 4690 1279 4781 κρίσιςο
1335 4782 1340 4791 ῃ
1385 4711 1417 4763 24
1442 4708 1561 4782 θρεκτικῆ

203 4801 297 4867 scripsi
317 4816 341 4850 ν.
360 4801 408 4852 int·
427 4799 512 4851 λείους
531 4796 713 4869 θρεπτικῆλό
827 4799 860 4851 25
888 4800 923 4858 ὡς
942 4798 1100 4871 προείρηται]
1119 4800 1241 4867 θλςὶίνη.
1358 4800 1391 4849 29
1419 4796 1478 4848 κατ’
1500 4796 1562 4849 ἄλλο

204 4890 267 4957 legit
288 4891 371 4942 Arabs
1348 4891 1351 4895 ’
