3540 5610
605 336 613 351 ’
695 365 897 419 ιοιιιιιποιιι
917 366 960 419 88
980 367 1089 420 ιινιιιι
1525 368 1567 431 53

267 538 415 606 ἀσκεπεῖς,
438 526 478 608 ῶς
501 539 548 601 ἐπὶ
571 545 627 600 τῶν
651 539 813 623 ὀφθαλμῶν
836 537 899 624 ἔχει
924 540 955 602 ἐν
977 545 1036 609 τοῖς
1059 541 1314 623 σκληρορθάλμοις
1337 547 1394 604 τῶν
1418 537 1512 624 ζῴων.

266 640 368 725 ῶσπερ
391 642 424 704 ὑὲ
446 640 546 726 χυμὸς
563 642 652 725 ὑγροῦ
674 640 735 705 ἐστι
759 642 807 706 καὶ
828 641 859 704 ἐν
879 641 958 726 ὑγρῷ
981 641 1030 724 (οὑ
1046 643 1099 726 γὰρ
1122 643 1182 706 οἶόν
1198 665 1230 706 τε
1245 643 1392 727 ἀντιληψιν
1413 647 1513 728 ,χυμοῦ

266 743 403 825 γενέσθαι
434 744 475 828 μὴ
499 747 612 828 πρῶτον
639 736 857 829 ῦιυγρανθέντος
886 747 937 806 τοῦ
959 744 989 807 ἐν
1016 742 1043 829 ῷ
1066 746 1142 808 ἐστιν
1165 745 1190 808 εἰ
1214 744 1298 829 ξηρὸν
1320 744 1395 828 εἴη),
1422 746 1514 814 οὑτως

266 846 317 908 καλ
339 848 359 929 ἡ
382 845 460 929 ὀσμὴ
484 850 534 909 τοῦ
557 846 644 930 ξηροῦ
671 869 702 909 τε
724 847 772 910 καὶ
795 845 825 909 ἐν
848 844 937 930 ξηρῷ.
983 849 1001 930 ἡ
1024 847 1078 937 γὰρ
1101 848 1185 931 φὺσις
1207 847 1226 930 ἡ
1249 850 1307 909 τῶν
1330 848 1430 930 ὀσμῶν
1453 850 1559 913 ῦεκ·ιο

237 949 349 1030 οτικη,
378 949 413 1032 ἣν
440 950 557 1033 ῦίοσμον
584 953 742 1031 καλοῦμεν,
770 947 842 1013 οῦσοι
865 949 895 1012 ἐν
919 947 981 1033 ἀέρι
1004 973 1034 1012 τε
1056 951 1104 1013 καλ
1129 950 1224 1025 ὑδατι,
1253 952 1389 1034 πλυντική
1412 974 1444 1014 τε
1466 954 1514 1015 καὶ

267 1053 393 1135 ροπτιιιη
416 1052 492 1116 ἐστιν
514 1052 644 1137 ἐγχὺμου
672 1048 841 1134 ξηρότητος,
870 1051 904 1135 ἣν
928 1049 1054 1136 έγγυμον
1077 1050 1219 1136 ξηρότητα
1247 1051 1387 1136 δεξαμένη
1409 1053 1513 1135 γίνεται

267 1150 332 1216 κατ’
364 1154 506 1237 ἐνέργειαν
536 1154 700 1253 ὑσφραντη,
735 1157 776 1223 ῶς
803 1155 978 1238 προείρηται.
1028 1153 1110 1217 οὐδὲν
1137 1154 1192 1238 γὰρ
1218 1159 1275 1217 τῶν
1309 1180 1349 1253 μη
1376 1155 1511 1281 ἐγχὺμων

164 1302 168 1309 -
267 1255 439 1340 ὑσρροιντόν
491 1254 558 1320 οὑτε
590 1256 643 1342 γὰρ
676 1260 737 1342 πῦρ
766 1254 832 1337 οὔτε
865 1256 923 1339 ἀὴρ
956 1253 1023 1318 οὔτε
1056 1256 1133 1355 ὕδωρ
1166 1254 1233 1320 οὑτε
1264 1261 1301 1381 γῆ
1333 1255 1400 1321 καθ’
1438 1258 1513 1321 αὑτὰ

268 1359 428 1443 όσρραντοὶ,
451 1357 538 1421 ότι”
517 1383 628 1443 αχομοι.
672 1360 748 1443 ηῦὲ
771 1359 900 1422 θάλαττα
927 1357 1065 1442 όσμὴνῖ
1048 1382 1119 1444 εχει.
1152 1359 1222 1444 ἧ-δη
1244 1359 1298 1445 γὰρ
1319 1342 1511 1444 προσείληφεν

228 1477 253 1521 1ο
266 1461 402 1546 χυμόν
387 1484 449 1524 τινα
471 1462 518 1524 καὶ
542 1460 694 1547 ξηρότητα.
738 1450 787 1525 καὶΙ
808 1463 835 1524 οἱ
859 1462 911 1545 μἐν
933 1461 1055 1524 λίθοι
1035 1483 1140 1543 αοσμοι
1166 1460 1279 1524 διότι
1259 1484 1377 1546 αχομοι.
1421 1463 1458 1525 τολ
1480 1463 1512 1526 δὲ

267 1564 337 1634 ξὺλα
366 1565 502 1648 ὑσμιὺῦη,
537 1566 580 1628 ὅτι
606 1565 654 1627 καὶ
681 1561 806 1648 ἔγγυμα.
856 1568 897 1634 ῶς
923 1564 977 1648 γὰρ
1003 1565 1019 1626 8
1046 1565 1142 1649 χυμὸς
1173 1564 1277 1647 γίνεται
1307 1568 1359 1648 τῆς
1384 1567 1512 1647 γεώδους
1526 1583 1552 1625 ιο

267 1665 423 1751 ξηρότητος
444 1665 717 1750 ἐναποπλυνομένης
746 1667 776 1730 ἐν
799 1671 841 1751 τῷ
867 1668 949 1730 ῦῦατι
970 1667 1018 1730 καὶ
1040 1667 1222 1750 πεσσομένης
1243 1667 1290 1729 ὑιοὶ
1312 1689 1386 1736 τινος
1408 1668 1512 1754 θερμό-

266 1792 354 1853 τητος
379 1769 468 1852 (αῦτη
490 1769 545 1852 γὰρ
567 1769 677 1851 γένεσις
699 1770 747 1832 καὶ
768 1774 827 1832 τῶν
854 1770 884 1833 ἐν
906 1773 966 1838 τοῖς
988 1774 1108 1853 καρποῖς
1135 1773 1240 1853 χυμῶν
1264 1772 1303 1838 ῶς
1325 1770 1509 1854 ῥηθήσεται),

267 1872 361 1941 οὑτως
382 1874 430 1935 καὶ
453 1873 482 1934 αἱ
503 1872 591 1955 όσμαὶ
614 1856 735 1954 γίνονται
759 1871 852 1958 ἐντῷ
876 1872 940 1956 ἀέρι
961 1895 993 1934 τε
1015 1873 1064 1935 καὶ
1086 1872 1166 1935 ὑῦατι
1189 1870 1459 1957 ἐναποπλονομένης
1481 1873 1511 1936 ἐν

224 1975 365 2044 ιοαὺτοῖς
387 1980 439 2058 τῆς
461 1974 593 2059 ἐγχὺμου
617 1973 771 2059 ξηρότητος
794 1973 869 2037 καθό
892 1974 952 2038 ἐστι
975 1975 1090 2058 διοσμα.
1131 1975 1164 2037 τό
1187 1974 1239 2055 μὲν
1260 1974 1314 2059 γὰρ
1336 1978 1443 2057 γεῶδες
1465 1976 1510 2061 ξη

266 2080 316 2161 Ιολν
340 2077 462 2160 μηδέτω
486 2075 624 2162 χυμὸν”
607 2100 678 2162 εχον
705 2076 734 2139 ἐν
757 2076 854 2163 αὑτῷ,
845 2076 1050 2196 ,μιγνύμενον
1076 2078 1124 2140 καὶ
1152 2076 1420 2159 ἐναποπλονὺμενόν
1448 2102 1510 2147 πως
1551 2112 1558 2127 ·

264 2187 309 2266 τῷ
334 2181 414 2245 ὑῦατι
443 2182 490 2243 διά
517 2203 591 2249 τινος
616 2203 637 2241 π
639 2180 733 2264 έςψεω
760 2178 827 2247 τοὺς
848 2179 960 2263 χυμοὺς
980 2184 1076 2253 ποιεῖ,’
1104 2179 1155 2248 τὰς
1180 2180 1212 2242 δὲ
1238 2180 1332 2304 όσμόις
1358 2178 1453 2243 οὐκέτι
1475 2182 1508 2243 τὸ

264 2283 383 2410 ἄχομρν
406 2283 491 2366 ξηρὸν
514 2286 605 2357 ποιεῖ,
632 2281 706 2345 ἀλλὰ
727 2283 761 2345 τό
785 2280 957 2379 μεμιγμένον
986 2282 1043 2366 ἤδη
1067 2286 1112 2366 τῷ
1137 2282 1216 2346 ὑδατι
1239 2283 1288 2346 καὶ
1310 2283 1406 2367 χυμόν
1429 2280 1508 2367 ἔχον.
1524 2299 1551 2341 οο

264 2386 310 2450 ὅτι
331 2387 385 2471 γὰρ
407 2387 437 2448 αἱ
461 2386 548 2465 όσμοιὶ
571 2372 628 2447 ὑπὸ
650 2390 702 2469 τῆς
717 2372 880 2470 ἐγχὺμοο’
869 2383 1024 2469 υγρότητός
1045 2408 1077 2447 τε
1092 2343 1173 2448 λαὶ
1159 2408 1281 2469 ςηροτη
1271 2408 1314 2453 ο
1335 2384 1487 2470 (ἄμφω
1455 2409 1509 2505 γορ

219 2490 295 2553 πιέν
317 2493 359 2574 τῷ
383 2489 503 2574 χυμῷ),
531 2487 680 2570 ῦηλονέκ
706 2491 758 2550 τοῦ
782 2489 877 2551 ποῐντοι
903 2488 938 2550 τὰ
961 2487 1107 2572 ὑσρραντά
1133 2489 1181 2551 καὶ
1208 2485 1348 2573 χυμόν
1331 2510 1384 2571 εχε
1385 2511 1408 2549 ιν
1435 2490 1506 2551 τινοί

264 2591 313 2656 διὰ
334 2595 402 2674 γοῦν
425 2596 478 2675 τῆς
496 2590 673 2677 ὀσφρήσεως
695 2592 833 2660 πολλάκις
855 2591 902 2654 καὶ
929 2594 986 2653 τῶν
1009 2590 1182 2674 σηπομένων
1207 2591 1255 2653 καὶ
1278 2593 1335 2652 τῶν
1358 2611 1508 2675 προσκατο-

263 2693 360 2785 μένων
382 2698 488 2779 χυμῶν
515 2694 562 2757 καλ
578 2698 647 2757 ,τῶν
673 2694 714 2763 εἰς
738 2692 860 2776 ὑξὺτητα
887 2692 1124 2778 μεταβαλλόντων
1151 2694 1228 2763 τινὰς
1249 2694 1438 2777 γνωρίζομεν,
1468 2684 1509 2762 ῶς

263 2796 378 2860 ἐκτῶν
401 2800 506 2880 χυμῶν
533 2797 585 2878 τὴν
607 2796 717 2878 γένεσιν
745 2801 802 2859 τῶν
829 2797 982 2922 όσφρητῶν
1012 2796 1108 2881 ἐχόνΙ·
1098 2819 1149 2860 ων
1178 2798 1226 2860 καὶ
1248 2797 1294 2859 διὰ
1321 2799 1405 2859 τοῦτο
1427 2778 1492 2858 ἑπο-
1514 2810 1562 2855 18

262 2900 359 2981 μένων
386 2923 424 2982 τη
454 2899 572 2962 ἐκείνων
601 2900 760 2986 μεταβολη.
804 2897 904 2962 ῦιὸ’
872 2922 919 2983 ειη
947 2898 980 2962 ἂν
1003 2901 1162 2985 όσφραντόν
1191 2901 1223 2962 τό
1247 2897 1425 2982 ἐγγινόμενον
1451 2898 1508 2962 ὑπὸ

217 3019 247 3063 25
262 3007 316 3067 τοῦ
339 2992 469 3087 ἐγχὺμου
492 3001 579 3085 ξηροῦ
602 3001 677 3064 καθὸ
700 3001 828 3064 τοιοῦτόν
851 3001 910 3066 ἐστι
933 3003 1027 3072 πάθος
1050 3003 1079 3066 ἐν
1103 3006 1147 3088 τῷ
1170 3003 1259 3086 ὑγρῷ.
1297 3001 1344 3064 ἐπὶ
1366 3001 1453 3064 πλέον
1476 3002 1509 3064 88

261 3105 373 3189 εἴρηται
397 3104 593 3190 περὶτούτων
615 3090 646 3167 ἐὺ
668 3109 710 3188 τῷ
734 3105 799 3188 περὶ
821 3104 970 3188 αἰσθητῶν
994 3130 1024 3169 τε
1047 3107 1094 3169 καὶ
1117 3105 1292 3189 αἰσθήσεων.
1327 3105 1359 3167 τό
1383 3104 1434 3187 μὲν
1457 3101 1507 3167 οῦν

262 3208 425 3293 όσφριιντθν
447 3210 590 3283 τοιοῦτον,
618 3208 807 3292 ὑσμραντικλν
834 3207 866 3270 88
893 3207 967 3271 ἐστιν
994 3208 1027 3270 τό
1054 3207 1172 3290 δὺναμιν
1201 3204 1270 3292 ἔχον
1293 3211 1406 3292 ψυχῆς,
1435 3204 1502 3270 καθ’

259 3313 298 3396 ἢν
322 3308 358 3374 δι’
380 3312 568 3379 ἀλλοιώσεώς
587 3333 620 3373 τε
639 3311 686 3373 καὶ
709 3310 885 3391 ὁμοιώσεως.
902 3316 943 3395 τῷ
965 3310 1119 3395 όσρροιντῷ
1143 3308 1343 3393 ἀντιληπτικὺν
1366 3332 1396 3377 τε
1418 3308 1507 3372 αὑτοῦ

260 3415 311 3477 καὶ
333 3412 458 3497 κριτικόν
480 3413 566 3476 ἐστιν.
1285 3398 1294 3407 ”

216 3535 248 3579 ³8
342 3514 379 3580 Ἡ
401 3516 435 3579 ῦὲ
455 3516 593 3598 γευστικη
616 3515 751 3599 αἴσθησίς
774 3514 874 3599 τεῖἶκαὶ
897 3515 1014 3599 δύναμίς
1040 3514 1100 3578 ἐστι
1123 3514 1174 3598 μὲν
1197 3515 1385 3608 ἀντιληπτικη
1408 3516 1507 3578 τεκαὶ
1534 3531 1547 3572 ο
1647 3524 1651 3531 “

201 3758 280 3828 Ην]
300 3758 381 3810 durch
505 3755 574 3808 4-6
603 3755 684 3828 ηγθρ
703 3754 931 3828 φύσις-λγχὺμοο
950 3753 1098 3826 ξηρότητος]
1121 3753 1208 3808 indem
1230 3757 1271 3808 die
1289 3755 1384 3820 Natus,
1406 3756 1499 3809 welche
1518 3757 1560 3810 die

133 3882 139 3891 ·
202 3848 328 3902 Gerfiche
345 3844 492 3909 aufnimmt,
510 3843 558 3896 das
576 3843 612 3894 ist
629 3843 767 3912 8808ng
787 3844 828 3896 die
847 3844 892 3895 wir
911 3843 1077 3907 bezeichnen,
1095 3842 1133 3895 als
1152 3841 1201 3895 den
1214 3842 1309 3910 'l'r8ger
1327 3843 1373 3896 dor
1391 3844 1419 3896 in
1437 3843 1482 3896 der
1499 3842 1561 3897 Luft

202 3935 269 3989 odor
287 3935 323 3986 im
342 3932 450 3985 Wasser
467 3931 651 3984 vorhandenon
669 3929 794 3994 Gerfiche‚
812 3930 855 3983 dio
875 3930 1048 3983 Trockenheit
1066 3929 1110 3981 des
1123 3929 1486 3999 Geschmacksgegenstandes
1503 3932 1558 3984 auf-

202 4024 299 4075 nimmt
407 4020 493 4072 8-18
515 4018 564 4089 ἤδη
582 4005 801 4088 γὰρ-ξηρότητα]
821 4018 876 4071 weil
896 4034 923 4070 es
942 4018 1021 4069 einen
1038 4017 1149 4070 bitteron
1168 4017 1221 4069 und
1240 4016 1380 4070 trockenen
1398 4017 1559 4072 Geschmaek

202 4109 337 4162 εηοτὺοιι
356 4107 401 4159 hat
508 4106 538 4158 11
568 4102 999 4173 ξὺλα]ι11οᾼ11ειιῦοοΒτιιιιιεο
1108 4103 1139 4156 13
1166 4101 1423 4176 αῦτη-ῥηθήσεται]
1442 4104 1510 4159 donn
1529 4122 1558 4159 so
1673 4126 1676 4131 ’

203 4196 241 4248 ist
262 4194 306 4247 die
327 4194 484 4262 Eneugung
506 4192 551 4246 der
574 4192 651 4245 ῦθεΙιι
674 4190 848 4246 6οιο1ιω1ο1ιε
871 4192 996 4246 ολιοιι1ιι11ο
1018 4192 1073 4245 888
1096 4192 1141 4244 der
1159 4192 1276 4259 ekligen,
1297 4191 1494 4262 fremdartigon‚
1517 4193 1558 4246 die

203 4283 283 4335 einen
301 4280 448 4335 schlochten
469 4280 628 4333 Gesehmack
647 4280 740 4345 haben,
762 4281 808 4333 wie
827 4280 872 4332 wir
889 4280 1000 4348 ορΐιῐει
993 4296 1022 4333 ιο
1040 4280 1111 4332 einer
1130 4279 1200 4332 Rode
1217 4278 1479 4334 auseinandorsetzen
1497 4297 1558 4334 νοι-

126 4366 135 4385 ⁸
203 4369 256 4423 σεο
370 4367 401 4421 15
429 4365 534 4421 2888-
503 4366 640 4436 -ὑίοσμιῷ
659 4367 716 4420 weil
735 4368 806 4421 dieue
824 4367 866 4420 dio
885 4367 1001 4420 Gerfiche
1019 4371 1109 4436 tragon
1217 4364 1320 4418 18-80
1346 4365 1557 4438 ἄμφω-χυμῷ]

203 4457 260 4509 σοῦ
277 4456 338 4509 dus
358 4456 432 4509 beide
452 4455 536 4525 Dinge
554 4470 703 4508 zusammen
721 4455 776 4509 sich
795 4454 1058 4507 zusammenfind'en
1051 4470 1085 4506 ιω
1105 4452 1263 4506 Geschmack
1339 4453 1370 4506 21
1390 4452 1461 4524 γοῦν]
1479 4454 1559 4508 daher

204 4543 240 4596 86
257 4540 501 4613 ἐτι-αἰσθήσεων]
495 4559 522 4595 ιιι
541 4541 597 4595 dem
616 4542 703 4595 Buche
721 4541 766 4595 der
785 4542 865 4595 Sinne
883 4541 938 4594 und
956 4541 1153 4610 Sinuesobjeete
1258 4541 1298 4593 28
1309 4543 1347 4611 τῷ
1358 4539 1536 4614 ὀσφραντῷ]“
1529 4558 1557 4595 ιιι

202 4631 262 4683 dem
281 4630 450 4683 Gerochenen
556 4630 589 4682 88
607 4628 691 4698 ἐστιν]
703 4630 766 4681 wird

203 4856 221 4905 ,ἰ
239 4844 316 4908 ὦσαν
334 4873 375 4908 a.
439 4853 597 4924 Βόσραντόν
616 4834 655 4908 α’
723 4856 751 4907 17
771 4854 848 4923 τινος]
868 4874 892 4906 τι
910 4872 987 4924 supra
1007 4855 1084 4907 lim-V
1177 4854 1209 4906 88
1228 4852 1379 4924 όξὺτητοςε
1470 4855 1557 4907 τινὰιι

203 4944 238 4997 86
256 4945 284 4998 ὶν
302 4947 340 5015 τῷ
358 4928 481 5012 2818.
500 4942 583 4998 Praof.
674 4942 707 4997 ‘29
726 4942 791 4995 ἐστιν
809 4957 859 4994 om.
953 4941 987 4994 38
1007 4943 1077 5017 „8398
1094 4944 1224 5021 γωστοιὶγς
1242 4938 1405 5011 αἰσθήσιως“
1437 4940 1498 5015 888
1516 4942 1556 4994 Va
