3540 5610
206 331 248 395 86
682 330 886 385 ALEXANDRI
909 331 953 383 DE
976 331 1086 385 ANIMA

260 502 435 587 καλούμενος
461 508 526 573 νοῦς
552 505 671 589 γίνεται,
704 505 844 587 ἀνάλογον
873 505 914 568 ῶν
945 508 988 588 τῷ
1020 504 1205 588 ἐπιστήμονι,
1239 503 1271 572 ὃς
1296 508 1348 567 τοῦ
1374 526 1405 567 τε
1433 503 1506 567 κατὰ

259 605 377 689 δύναμιν
403 607 594 692 ἐπιστήμονος
622 607 777 690 λεγομένου
804 607 851 670 καὶ
880 611 931 669 τοῦ
960 605 1023 669 κατ’
1050 607 1213 691 ἐπιστήμην
1240 605 1420 690 ἐνεργοῦντές
1445 607 1507 670 ἐστι

260 707 380 791 μεταξύ,
414 709 482 773 όσον
509 710 718 774 ἀπολείπεσθαι
750 712 832 773 δοκεῖ
858 714 909 773 τοῦ
936 709 1010 773 κατὰ
1042 709 1094 793 τἠν
1127 708 1288 793 ἐπιστήμην
1315 708 1506 793 ἐνεργοῦντος,

258 815 394 875 τοσοῦτον
422 816 603 877 πλεονεκτῶν
629 813 678 875 τόν
708 812 781 875 κατὰ
807 811 924 894 δύναμιν
951 812 1139 895 ἐπιστήμονα.
1169 810 1172 889 λ
1201 810 1356 895 ἐνεργοῦσα
1381 813 1414 875 δὲ
1436 812 1491 896 ήδε
1511 826 1562 872 lest

231 916 278 998 οη
301 913 357 984 ἐξις
384 915 399 977 6
426 912 488 979 κατ’
516 914 660 999 ἐνέργειαν
687 915 792 997 γίνεται
818 917 893 983 νοῦς.
938 913 954 976 6
976 914 1030 998 γάρ
1053 913 1127 977 κατὰ
1156 912 1212 984 ἕξιν
1238 919 1304 984 νοῦς
1329 914 1508 996 άποκείμενά

258 1020 321 1087 πῶς
353 1017 430 1081 ἐστιν
461 1016 556 1102 ἀθρόα
588 1018 637 1081 καὶ
670 1018 835 1102 ἠρεμοῦντα
863 1016 904 1079 ’τὰ
932 1010 1073 1101 νοήματα.
1122 1015 1167 1080 ότι
1199 1017 1232 1079 δέ
1264 1016 1322 1103 οὐχ
1354 1017 1463 1101 ὁμοίως
1490 1016 1506 1079 6

258 1122 325 1188 νοῦς
350 1119 407 1181 ὑπὸ
439 1125 498 1183 τῶν
530 1125 643 1204 νοητῶν
669 1121 778 1205 πάσχει
809 1123 848 1201 τῇ
875 1118 1025 1203 αἰσθήσει,
1058 1116 1118 1181 ἀλλ’
1151 1119 1171 1201 ἡ
1206 1120 1257 1201 μὲν
1286 1120 1341 1182 ὑπὸ
1374 1123 1432 1182 τῶν
1465 1120 1507 1182 αἰ-

259 1222 378 1306 σθητῶν
411 1223 570 1286 θιατίθεταί
601 1246 665 1292 πως
696 1223 748 1286 άτε
776 1221 823 1284 διὰ
856 1227 1024 1306 σωματικῆς
1058 1220 1214 1305 ὑπηρεσίας
1246 1221 1342 1285 αὐτῶν
1375 1222 1508 1303 άντιλαμ·
1534 1239 1549 1281 ε

258 1324 418 1410 βανομένη,
452 1325 468 1388 6
496 1326 528 1389 δὲ
555 1325 673 1409 ἀπαθὴς
700 1321 748 1388 ὑπ’
779 1322 875 1387 αὐτῶν
905 1323 999 1408 μένει,
1033 1326 1121 1408 δῆλον
1148 1323 1196 1386 καὶ
1229 1324 1263 1386 ἐκ
1290 1328 1342 1387 τοῦ
1376 1326 1428 1408 τἠν
1456 1326 1508 1409 μὲν

217 1442 244 1486 10
257 1426 393 1510 αἴσθησιν
420 1426 479 1490 ἀπὸ
507 1433 560 1512 τῆς
586 1429 651 1512 περὶ
683 1427 720 1490 τὰ
746 1426 859 1511 σφόδρα
885 1426 1013 1510 αἰσθητά
1039 1425 1181 1509 ἐνεργείας
1215 1427 1255 1509 μὴ
1283 1426 1424 1491 δύνασθαι
1449 1434 1507 1491 τῶν

257 1531 342 1614 ἧττον
365 1530 514 1613 αἰσθητῶν
537 1529 801 1615 ἀντιλαμβάνεσθαι
824 1532 864 1598 ύις
886 1527 1012 1614 ἔχουσάν
1035 1552 1060 1591 τι
1082 1530 1177 1597 πάθος
1198 1526 1241 1591 ἔτι
1263 1530 1428 1613 παράμονον
1451 1528 1501 1594 ἀπ’

256 1633 373 1696 ἐκείνων
396 1632 595 1716 ἐγγενόμενον,
623 1634 672 1696 τόν
700 1633 733 1696 δέ
759 1637 835 1695 νοῦν
851 1632 909 1695 άπὸ
936 1637 994 1695 τῶν
1017 1630 1129 1717 σφόδρα
1156 1636 1267 1714 νοητῶν
1296 1633 1387 1715 μηδὲν
1410 1633 1506 1718 ήττον,

257 1736 275 1820 ἢ
299 1738 346 1799 καὶ
370 1739 479 1818 μᾶλλον
501 1727 576 1799 νοεῖν
599 1735 634 1799 τά
656 1733 773 1798 ἔλαττον
796 1735 900 1818 νοητά,
928 1738 968 1804 ῶς
991 1732 1025 1797 ἂν
1048 1735 1078 1797 ἐν
1101 1739 1143 1818 τῷ
1167 1735 1418 1819 προγεγυμνάσθαι
1440 1738 1506 1821 περὶ

255 1839 329 1902 αότόι
357 1839 538 1923 ἑτοιμότερον
565 1839 637 1923 πρὸς
663 1837 715 1907 τὰς
744 1837 851 1907 οἰκείας
876 1837 1018 1921 ἐνεργείας
1042 1835 1187 1920 γεγονότα.
1232 1838 1280 1900 καὶ
1302 1837 1368 1901 ἐπεί
1391 1838 1467 1903 ἐστιν
1490 1841 1548 1903 ύιυ

216 1957 242 2001 15
255 1940 317 2022 κατ’
345 1941 488 2026 ἐνέργειαν
511 1945 578 2009 νοῦς
599 1939 683 2003 οὐδὲν
706 1937 778 2002 ἄλλο
805 1940 825 2024 ἣ
853 1941 886 2002 τὸ
910 1938 985 2009 εἶδος
1006 1940 1039 2002 τό
1062 1940 1231 2023 νοούμενον,
1263 1941 1363 2026 ῶσπερ
1386 1943 1435 2005 καὶ
1458 1942 1505 2006 ἐπὶ

256 2050 308 2129 τῆς
329 2044 496 2129 αἰσθήσεως
518 2042 651 2127 ἐδείχθη,
674 2043 690 2106 6
713 2041 743 2104 ἐν
766 2040 822 2111 ἕξει
844 2045 911 2112 νοῦς
932 2041 1031 2126 (οὗτος
1053 2042 1086 2105 δέ
1108 2042 1183 2106 ἐστιν
1207 2045 1222 2107 6
1245 2046 1319 2106 νοεῖν
1342 2043 1388 2107 ἐπ’
1415 2023 1533 2109 αὐτοῦ’

256 2148 414 2231 δυνάμενος
434 2147 483 2209 καί
505 2145 541 2208 τά
563 2149 621 2208 τῶν
642 2147 754 2227 νοητῶν
776 2144 840 2227 εἷῦη
862 2144 1018 2228 λαμβάνειν
1043 2144 1112 2209 καθ’
1140 2145 1243 2228 aera),
1274 2145 1358 2215 οὖτος
1379 2147 1437 2233 ἤδη
1461 2149 1507 2212 δύ-

255 2273 336 2313 ναται
363 2250 411 2314 καί
440 2250 526 2312 αὑτὸν
552 2249 637 2311 νοεῖν.
681 2247 744 2309 ἐπεὶ
766 2246 821 2331 γάρ
848 2249 881 2310 τὸ
907 2247 1061 2333 νοούμενον
1087 2247 1165 2317 εἶδος
1191 2247 1277 2318 αῦτύς
1302 2249 1394 2326 ἐστιν,
1425 2249 1506 2333 εἴγε

254 2358 328 2416 νοῶν
359 2355 459 2417 ὃνοεῖ
478 2352 598 2435 γίνεται,
625 2349 641 2412 ό
664 2347 711 2434 ἄρ’
740 2347 795 2418 ἕξιν
819 2347 897 2435 ἔχων
925 2355 977 2413 τοῦ
1003 2351 1039 2413 τὰ
1061 2351 1125 2434 εἴῦη
1155 2354 1245 2428 νοεῖν,
1272 2352 1357 2422 ούτος
1378 2351 1434 2423 ἕξιν
1456 2355 1505 2416 καὶ

212 2471 240 2515 ου
253 2455 370 2538 δύναμιν
397 2453 461 2540 ἔχει
490 2458 541 2518 τοῦ
567 2455 643 2517 νοεῖν
670 2451 781 2515 ἑαυτόν.
828 2451 843 2514 6
866 2453 919 2537 γάρ
947 2453 1063 2518 δύναται
1090 2459 1181 2533 νοεῖν,
1207 2460 1291 2519 τοῦτο
1318 2455 1389 2518 αὐτὸ
1418 2453 1506 2525 αὐτὸς

254 2562 328 2623 νοῶν
350 2559 469 2642 γίνεται,
496 2557 545 2619 καὶ
567 2553 643 2619 ἐστιν
665 2554 734 2618 όταν
756 2558 810 2639 νοή
833 2556 1057 2639 προηγουμένως
1080 2557 1132 2640 μὲν
1156 2558 1205 2620 καὶ
1225 2555 1292 2621 καθ’
1321 2558 1408 2622 αὑτὸν
1431 2562 1506 2621 νοῶν

255 2663 288 2725 τὸ
310 2662 412 2744 νοητὸν
432 2658 518 2736 εἶδος,
541 2658 616 2723 κατὰ
638 2658 821 2743 συμβεβηκὸς
843 2659 876 2722 δέ
896 2660 1000 2723 ἑαυτὸν
1022 2663 1064 2743 τῷ
1086 2659 1300 2745 συμβεβηκέναι
1319 2658 1413 2744 αὐτῷ,
1436 2660 1505 2725 όταν
1520 2677 1548 2721 ιε

254 2767 325 2846 νοή,
351 2762 481 2846 γίνεσθαι
504 2761 612 2841 ἐκεῖνο,
643 2760 751 2824 θνοεῖ.
796 2761 851 2844 πρὸ
875 2761 927 2844 μέν
957 2759 1007 2825 ούν
1031 2766 1081 2825 τοῦ
1108 2760 1170 2827 κατ’
1198 2760 1341 2845 ἐνέργειαν
1367 2763 1416 2826 τὸν
1438 2767 1505 2827 νοῦν

235 2840 329 2929 ’νοεῖν
361 2865 433 2950 πρὸς
464 2857 579 2947 ἄλληλά
605 2864 666 2927 ἐστι
693 2864 726 2927 τὸ
753 2867 836 2926 νοοῦν
867 2887 898 2926 τε
926 2865 973 2926 καὶ
1005 2865 1038 2927 τό
1066 2866 1221 2949 νοούμενον
1251 2865 1298 2928 καὶ
1325 2866 1505 2951 ἀντικείμενα

213 2969 390 3052 ωάλλήλοις
412 2971 452 3036 ῶς
474 2966 510 3029 τὰ
531 2965 603 3050 πρός
624 2990 661 3042 τι,
684 2963 751 3028 όταν
774 2967 807 3028 δέ
828 2966 995 3050 ἐνεργῶσιν,
1025 2966 1056 3029 ἓν
1078 2965 1214 3050 γινόμενα
1240 2967 1361 3032 παύεται
1384 2974 1436 3053 τῆς
1458 2972 1505 3033 άν-

255 3070 403 3138 τιθέσεως.
437 3069 506 3133 οὐδὲ
526 3070 581 3154 γάρ
597 3067 772 3154 ἐφαρμύξειν
793 3068 892 3138 αὐτοῖς
911 3067 971 3132 οίύν
987 3068 1018 3131 τέ
1041 3068 1101 3132 ἐστι
1123 3070 1173 3133 τόν
1193 3075 1244 3133 τοῦ
1266 3071 1339 3156 πρός
1360 3096 1387 3135 τι
1408 3072 1503 3156 λύγον.

256 3175 300 3237 διὸ
323 3173 339 3236 6
362 3171 425 3235 κατ’
445 3171 588 3257 ἐνέργειαν
610 3177 676 3242 νοῦς
698 3173 715 3235 6
737 3171 825 3240 αὐτὸς
846 3169 994 3255 γινόμενος
1016 3176 1058 3255 τῷ
1081 3177 1178 3256 νοητηῦ
1201 3172 1329 3256 εὐλόγως
1351 3176 1421 3238 αύτθ
1460 3175 1505 3239 λέ·

253 3298 332 3358 γεται
353 3280 437 3338 νοεῖν.
483 3276 498 3338 6
526 3274 577 3358 μὲν
604 3272 653 3338 οὖν
679 3278 746 3343 νοῦς
773 3275 789 3338 6
816 3270 879 3337 κατ’
908 3273 1051 3358 ἐνέργειαν
1078 3276 1165 3338 αὑτὸν
1194 3280 1263 3339 νοεῖ.
1309 3277 1325 3339 6
1353 3278 1407 3361 γὰρ
1435 3283 1505 3354 νοεῖ,

255 3382 339 3441 τοῦτο
366 3376 452 3447 αὐτὸς
478 3377 592 3459 γίνεται.
636 3376 672 3440 τὰ
693 3376 747 3460 γάρ
769 3374 834 3460 είῦη
857 3379 948 3462 χωρὶς
976 3377 1045 3460 ῦλης
1067 3380 1135 3440 νοεῖ.
1180 3377 1214 3440 οῦ
1236 3378 1291 3462 γάρ
1320 3379 1401 3457 τάδε,
1430 3381 1548 3445 enee

201 3553 218 3604 4
236 3549 379 3623 ἐνεργαύαα]
398 3565 474 3603 wenn
492 3550 530 3602 sie
548 3548 662 3601 witkend
681 3548 800 3616 gemacht
817 3547 853 3617 (θ)
872 3549 934 3601 wird
1030 3548 1098 3602 5-6
1119 3547 1133 3601 6
1151 3548 1281 3603 κατ’-τὰ
1299 3551 1425 3622 νοήματα]
1444 3556 1561 3608 entsteht

203 3639 249 3691 der
267 3638 387 3691 Intelleet
405 3638 434 3690 in
451 3641 512 3690 ectu
530 3637 574 3690 bei
592 3636 637 3688 der
653 3636 828 3688 Erkenntniss
846 3635 891 3688 der
902 3636 1128 3690 wissenschaften
1147 3652 1199 3689 son
1216 3637 1309 3705 irgend
1327 3640 1398 3692 einer
1416 3640 1487 3694 Seite
1504 3643 1560 3695 und

202 3726 247 3778 der
264 3720 424 3794 Erreichung
448 3722 633 3793 (Ableitung6)
658 3724 702 3776 der
727 3724 804 3776 einen
827 3738 875 3775 nus
898 3723 943 3776 der
965 3725 1092 3787 auderem
1115 3725 1205 3777 vorher
1227 3740 1312 3778 waren
1337 3727 1375 3779 sie
1399 3730 1560 3796 gesemmelss

201 3820 323 3882 gemengt
346 3811 447 3864 mhend
581 3810 682 3862 11—12
709 3809 960 3880 (ῶς-ἐγγενόμενον]
988 3812 1045 3865 weil
1068 3812 1135 3865 neeh
1159 3813 1244 3865 seiner
1267 3812 1411 3882 Trennung
1434 3830 1485 3868 von
1508 3817 1559 3869 den

202 3900 308 3954 starken
326 3899 543 3968 Sinuesobjekten
562 3899 605 3951 ein
623 3898 687 3952 Rest
705 3913 755 3951 von
774 3898 846 3950 einer
864 3897 932 3965 Spur
950 3899 1084 3953 desselben
1103 3902 1132 3953 in
1150 3899 1203 3952 ihm
1222 3901 1347 3953 bestehen
1366 3901 1448 3954 bleibt

205 3987 307 4040 13-14
325 3986 361 4045 ῶς
372 3983 568 4055 ἂν-γεγανότα]
588 4001 662 4037 wenn
681 4001 708 4037 er
725 3985 839 4037 nnmlieh
858 3986 906 4037 mit
919 3985 1000 4053 jenen
1017 3987 1156 4054 begonnen
1174 3988 1229 4052 hat,
1246 4002 1276 4040 so
1294 3989 1357 4040 wird
1375 4005 1402 4041 er
1420 3991 1448 4041 in
1466 3991 1559 4043 seinen

203 4074 379 4143 Tatiglseiten,
397 4075 440 4127 die
457 4075 504 4127 ihn
522 4071 694 4142 specificiren‚
712 4072 784 4123 mehr
801 4071 967 4140 fibergehend
985 4072 1014 4138 (i.
1028 4088 1050 4124 e.
1068 4072 1277 4143 fortschreitend)
1385 4076 1415 4129 16
1435 4075 1448 4128 6
1466 4077 1493 4129 ἐν
1511 4076 1559 4138 ten

110 4208 117 4225 ,
202 4160 270 4230 νοῦς]
289 4162 334 4214 der
351 4162 471 4215 Intellect
488 4163 522 4214 in
540 4170 613 4213 ectu
729 4156 832 4211 23-24
859 4157 1026 4228 πρὸ-νοεῖν]
1046 4159 1100 4213 Ehe
1119 4160 1164 4212 der
1181 4160 1351 4230 Begreifende
1370 4163 1512 4231 (Intellect)
1529 4167 1560 4218 in

202 4252 263 4300 netu
281 4248 407 4317 begriffen
424 4248 469 4301 hat

204 4386 217 4439 l
246 4384 366 4454 ἀνάλογος
384 4384 570 4451 Frendenthal‚
595 4385 642 4438 sed
660 4385 693 4439 cf.
711 4385 769 4439 [nd.
892 4384 908 4438 3
935 4385 1125 4457 ἀπολείπεσθαι]
1149 4387 1179 4441 αλ
1199 4390 1228 4442 in
1247 4389 1320 4444 lit.v
1442 4392 1489 4462 τὴν
1508 4393 1560 4446 del.

202 4471 375 4526 Freudenthnl
480 4471 588 4544 4,,περλ
605 4477 651 4525 τοῦ
668 4471 727 4525 κατ’
749 4474 871 4545 ἐνέργειαν
888 4478 958 4527 νοῦ“.
994 4475 1125 4546 ἐνεργοῦαα
1144 4476 1170 4528 66
1188 4479 1229 4531 Ve
1334 4478 1378 4549 ήῦι
1398 4481 1432 4531 V:
1450 4479 1499 4550 ήδη
1518 4480 1560 4532 Ka

203 4559 378 4632 θήρεμοῦντα
396 4562 420 4614 V
437 4565 467 4613 ut
483 4563 557 4612 solet.
575 4560 600 4612 K
683 4560 797 4630 νοήματα
814 4562 868 4615 Ka:
886 4560 1010 4632 νόημαλί
1093 4564 1122 4616 ll
1144 4567 1288 4636 παράμονον
1306 4567 1342 4619 V:
1360 4568 1503 4637 παραμένον
1520 4567 1558 4620 K:

202 4647 271 4717 παρὰ
289 4647 397 4715 μένονο
504 4646 536 4699 12
562 4653 615 4699 τῶν
633 4664 674 4700 ex.
692 4648 774 4701 vice:
793 4654 839 4702 τοῦ
856 4650 922 4703 VKe
1026 4650 1114 4721 ἧττον]
1133 4671 1163 4703 τε
1181 4653 1209 4705 in
1227 4653 1301 4706 lit.v
1413 4654 1444 4707 13
1472 4667 1560 4725 προγε-

203 4731 342 4803 γυμνᾶσθαι
360 4749 376 4786 α
493 4734 620 4801 14-87,1
650 4735 694 4787 καὶ
712 4735 953 4809 ἐπεί-προείρηται
970 4737 1012 4791 Ps.
1033 4740 1075 4791 ΑΙ.
1093 4740 1122 4791 in
1141 4742 1185 4792 Ar.
1202 4745 1264 4792 met.
1284 4740 1446 4806 672‚16-31

206 4819 307 4960 15³3ss
326 4819 339 4873 6
357 4819 402 4890 ὑφ’
423 4819 501 4874 αὑτοῦ
519 4828 582 4874 νοεῖν
601 4820 736 4893 δυνάμινος
753 4824 796 4877 Ρε.
816 4824 856 4877 ΑΙ.
964 4825 996 4878 16
1014 4823 1103 4897 ἐῦίχθη
1122 4843 1138 4879 a
1246 4827 1277 4880 18
1296 4830 1339 4882 καὶ
1358 4827 1434 4881 αὐτὸν
1453 4830 1518 4884 VKe

204 4907 236 4962 29
289 4907 317 4961 τὸ
335 4907 379 4961 Ps.
397 4908 440 4961 Al.
1398 4920 1402 4927 ’
