3540 5610
209 304 269 371 160
501 257 727 360 ιωιιικλιινιιι
749 305 794 359 DE
819 304 926 359 ANfflA
951 302 1042 359 υιυιιι
1065 302 1237 360 MANTISSA

257 483 309 562 τῆς
335 479 353 561 ἡ
377 480 559 561 εὐδαιμονία,
587 481 620 543 ιδ
646 478 793 563 γινὺρενον
824 478 872 542 ὑπ’
899 479 999 564 αὐτῆς.
1043 476 1085 541 ἔτι
1107 479 1133 542 εἰ
1158 481 1177 564 ἡ
1204 480 1278 544 κατὰ
1304 481 1409 564 ἀρετὴν
1432 479 1508 563 ἐνέρ-

255 604 319 662 γεια
346 587 399 665 τῆς
424 581 608 664 εὐδαιμονίας
633 585 783 666 ποιητική,
814 583 885 667 πρὸς
912 582 944 645 δὲ
971 584 1023 665 τἠν
1051 582 1125 645 κατὰ
1153 583 1257 667 ἀρετὴν
1284 583 1426 667 ἐνέργειαν
1455 581 1509 646 οὐκ

258 681 333 747 ἔστιν
355 684 501 769 αὐτάρκης
523 687 542 768 ἡ
566 685 670 768 ἀρετή,
697 687 716 768 ἡ
740 686 828 769 ἁρετὴ
852 685 908 770 άρα
931 684 984 748 οὐκ
1010 681 1086 748 ἔστιν
1109 683 1254 769 αὐτάρκης
1280 687 1351 770 πρὸς
1374 686 1506 766 εὐδαιμο-

257 787 327 850 νίαν.
362 787 427 872 ἤτοι
448 789 501 873 γὰρ
525 787 589 871 περὶ
612 788 663 870 τὴν
687 786 808 870 ἐκλογήν
831 788 891 850 ἐστι
913 792 971 850 τῶν
994 788 1089 871 ἡδέων
1112 786 1175 850 κατ’
1197 784 1373 873 Ἐπίκουρον,
1396 789 1415 872 ἢ
1438 788 1503 872 περὶ
1518 804 1555 846 ιο

135 894 141 907 “
230 891 310 972 στίην
332 891 454 975 ἐκλογὴν
477 896 535 953 τῶν
558 889 631 953 κατὰ
653 889 753 972 φύσιν,
781 893 821 958 ὡς
843 892 901 958 τοῖς
924 890 981 952 ἀπὸ
1003 895 1055 973 τῆς
1078 889 1171 959 Στοᾶς
1193 892 1286 966 δοκεῖ,
1308 891 1327 974 ἢ
1350 896 1408 954 τῶν
1432 893 1507 955 ὑπω

258 999 326 1058 σούν
350 992 446 1062 ἄλλως
461 993 583 1072 οἰκείων,
607 993 626 1055 ἂ
646 995 692 1056 δεῖ
710 998 772 1062 ταῖς
787 993 939 1076 ἐνεργείαις
961 990 1051 1075 αὐτῆς
1072 994 1113 1060 ὡς
1133 993 1203 1077 ὐλην
1226 993 1398 1057 ὑποκεῖσθαι
1413 995 1507 1058 πάντα

257 1100 299 1166 ὡς
320 1103 357 1180 τῇ
373 1099 550 1181 χαλκευτικῇ
567 1094 688 1181 χαλκόν,
711 1096 837 1179 σίδηρον,
860 1099 926 1179 πύρ,
949 1094 1106 1179 ἄνθρακας.
1140 1097 1182 1158 ὧν
1202 1095 1319 1165 οὐδενός
1340 1096 1416 1159 ἐστιν
1431 1095 1506 1179 αὐτὴ

260 1201 406 1283 ποιητική,
428 1203 535 1283 χρῆται
557 1199 589 1261 δὲ
605 1196 811 1281 ὑποκειμένοις.
848 1196 974 1281 τῶνγὰρ
990 1196 1062 1260 κατὰ
1084 1198 1168 1282 φύσιν
1191 1198 1248 1284 οὐχ
1270 1199 1379 1283 ἡκατολ
1401 1199 1506 1283 ἀρετὴν

261 1301 390 1386 ἐνέργειά
412 1301 473 1365 ἐστι
495 1303 639 1385 ποιητική.
678 1301 703 1363 εἰ
725 1301 761 1384 δὴ
784 1302 849 1385 περὶ
871 1301 1045 1383 ὑποκείμενά
1066 1324 1127 1364 τινα
1149 1303 1169 1385 ἠ
1193 1301 1322 1386 ἐνέργεια
1341 1301 1441 1386 αὐτῆς,
1465 1304 1506 1365 ὧν

119 1458 129 1479 ,
218 1420 245 1465 10
257 1403 310 1468 οὐκ
337 1402 413 1468 ἔστιν
442 1403 516 1487 αὐτὴ
540 1406 689 1488 ποιητική,
716 1402 770 1467 οὐκ
796 1401 871 1467 ἔστιν
897 1403 1044 1488 αὐτάρκης
1069 1406 1088 1487 ἡ
1112 1404 1199 1488 ἀρετὴ
1231 1406 1301 1488 πρὸς
1327 1405 1378 1473 τὰς
1401 1405 1507 1475 οἰκείας

258 1509 417 1592 ἐνεργείας,
450 1507 513 1569 ἐπεὶ
543 1509 633 1570 δεῖται
659 1507 708 1570 καί
734 1510 791 1568 τῶν
818 1507 882 1590 περὶ
911 1506 970 1589 ἃὴ
998 1505 1124 1590 ἐνέργεια
1153 1504 1261 1575 ἔξωθεν
1288 1505 1378 1570 άντων
1405 1507 1506 1591 αὐτῆς.

258 1611 327 1675 οὐδὲ
347 1612 412 1694 γάρ,
434 1611 476 1680 ὥς
490 1630 586 1695 φασιν,
609 1610 657 1672 τὸν
679 1610 720 1671 ὧν
736 1611 788 1672 οὐκ
808 1608 877 1672 άνευ
893 1607 977 1690 λόγον
1001 1606 1064 1694 ἔχει
1079 1613 1178 1685 ταῦτα,
1202 1609 1261 1672 ἀλλ’
1282 1607 1358 1673 ἐστιν
1373 1611 1505 1694 κινητικὰ

258 1719 311 1798 τῆς
326 1713 432 1797 ἀρετῆς
454 1714 501 1776 καί
523 1717 573 1775 τοῦ
590 1714 722 1796 πράττειν
745 1713 835 1796 αὐτὴν
858 1713 906 1775 καὶ
922 1712 1044 1796 ἐνεργεῖν
1066 1711 1152 1775 αἴτια.
1187 1714 1358 1798 στοχάζεται
1379 1714 1433 1797 γὰρ
1456 1713 1504 1776 αὐ·
1519 1730 1545 1772 ιε

256 1823 314 1879 τῶν
338 1820 379 1886 ὡς
401 1818 448 1879 καὶ
470 1820 522 1899 τῆς
549 1816 655 1884 οἰκείας
677 1816 747 1898 ὑλης
773 1817 800 1876 οἱ
823 1819 959 1900 τεχνῖται.
1003 1815 1249 1900 ἀναιρεθήσεσθαι
1271 1819 1338 1898 γοῦν
1361 1838 1432 1900 φασι
1455 1817 1507 1888 τὰς

217 1936 242 1979 15
257 1921 371 2004 πράξεις
393 1919 490 1987 αὐτοῖς
512 1919 620 1981 τούτων
645 1920 685 2002 μὴ
709 1918 917 1999 ἐπισπωμένων
948 1918 995 1980 καὶ
1018 1917 1168 1980 κινούντων
1192 1922 1254 1986 ταῖς
1275 1918 1427 1988 ἐν,αὐτοῖς
1450 1923 1507 1984 δια-

258 2029 360 2107 φοραῖς
382 2023 433 2090 τὰς
455 2023 568 2105 ἀρετάς.
612 2021 680 2085 οὐδὲ
701 2022 754 2105 γὰρ
778 2022 805 2083 οἱ
827 2019 920 2094 αὐλοί,
943 2021 969 2083 εἰ
991 2021 1062 2104 πρὸς
1084 2021 1116 2082 τύ
1139 2019 1211 2082 εἶναι
1232 2022 1302 2103 ἡμῖν
1325 2022 1506 2096 συνετέλουν,

257 2128 302 2190 διὰ
326 2130 410 2188 τούτο
437 2124 490 2187 οὐκ
512 2123 586 2207 ἦσαν
614 2127 812 2192 συντελοῦντες
838 2124 909 2208 πρὸς
931 2124 964 2186 τὸ
987 2124 1099 2197 αὐλεῖν,
1126 2123 1201 2185 ἀλλὰ
1223 2124 1272 2185 τὸν
1295 2125 1336 2186 ὧν
1359 2124 1413 2187 οὐκ
1436 2124 1506 2188 ἄνευ

256 2227 340 2310 λὺγον
363 2228 490 2312 ἐπεῖχον.
536 2227 588 2289 οὐκ
611 2224 656 2311 ἄρ’
684 2228 710 2289 εἰ
733 2227 893 2308 ἀναγκαίως
921 2226 1047 2311 ὑπάρχει
1070 2230 1111 2310 τῷ
1135 2226 1285 2311 άνθριύπιμ
1307 2231 1398 2290 ταῦτα
1420 2229 1504 2310 οῖςὴ

256 2333 344 2416 ἀρετὴ
372 2336 478 2415 χρῆται
504 2331 551 2393 καὶ
579 2328 648 2392 άνευ
676 2327 771 2391 αὐτῶν
800 2331 840 2413 μή
869 2329 1019 2405 ἐστι,,διὰ
1046 2333 1130 2391 τοῦτο
1158 2329 1192 2392 οὐ
1218 2329 1323 2412 γίνεται
1350 2331 1422 2414 πρὸς
1450 2331 1543 2414 τηνεο

215 2451 243 2494 20
256 2434 399 2518 ἐνέργειαν
422 2437 459 2514 τῇ
483 2434 572 2516 ἀρετῇ
591 2433 781 2494 συντελοῦντα
803 2430 877 2495 ἄλλα
898 2455 932 2515 γε
947 2430 1015 2495 ὄντα
1037 2431 1136 2516 αὐτῆς.
1174 2429 1216 2494 ἔτι
1237 2433 1263 2494 εἰ
1278 2433 1350 2515 πρὸς
1370 2434 1423 2517 τἠν
1446 2438 1505 2497 τῶν

255 2537 328 2602 κατὰ
356 2537 439 2621 φύσιν
472 2535 593 2618 ἐκλογὴν
621 2534 706 2619 χρεία
741 2534 789 2596 καί
823 2535 958 2618 σώματος
990 2535 1162 2618 ὑγιαίνοντος
1194 2536 1241 2598 καὶ
1271 2536 1454 2620 αἰσθήσεων,
1487 2538 1509 2601 ά

256 2641 332 2704 ἐστιν
359 2637 415 2709 ἔξω
442 2643 495 2722 τῆς
518 2639 621 2722 ἀρετῆς
647 2637 725 2721 (πῶς
747 2636 800 2720 γὰρ
824 2636 892 2700 ἄνευ
920 2637 1028 2701 τούτων
1055 2636 1129 2700 κατὰ
1155 2636 1261 2720 τρόπον
1290 2636 1324 2700 ἂν
1346 2643 1404 2701 τῶν
1431 2640 1506 2704 κατὰ

255 2744 339 2828 φύσιν
362 2743 414 2826 τἠν
437 2741 558 2824 ἐκλογὴν
586 2741 751 2824 ποιήσαιτο;
786 2743 875 2802 ταῦτα
904 2741 936 2802 δὲ
958 2746 1010 2823 τῆς
1038 2743 1143 2824 ἀρετῆς
1165 2738 1251 2823 ἔξω),
1278 2741 1331 2804 οὐκ
1358 2740 1507 2827 αὐτάρκης

256 2848 274 2930 ἡ
299 2847 398 2930 ἀρετή,
422 2845 469 2907 καὶ
485 2841 537 2919 ἔτι,
560 2843 586 2905 εἰ
608 2844 672 2927 περὶ
691 2843 743 2925 τὴν
766 2847 823 2904 τῶν
847 2842 921 2905 κατὰ
935 2842 1019 2927 φύσιν
1042 2844 1090 2906 καὶ
1110 2845 1224 2907 οἰκείων
1247 2845 1368 2928 ἐκλογὴν
1391 2845 1504 2930 ηένέρ·

215 2964 316 3032 κσγεια
338 2952 390 3032 τῆς
405 2948 510 3031 άρετῆς
534 2947 580 3010 καὶ
604 2947 668 3029 περὶ
691 2947 743 3030 τὴν
765 2946 970 3029 άποικονομίαν
994 2948 1041 3009 καὶ
1064 2944 1189 3009 ἔκκλισιν
1212 2952 1268 3010 τῶν
1291 2947 1404 3017 τούτοις
1427 2949 1506 3011 ἐναν-

255 3052 338 3123 τίων,
367 3052 413 3113 δεῖ
439 3048 572 3133 δηλονότι
597 3054 743 3133 παρεῖναι,
771 3049 790 3111 ἃ
813 3048 966 3118 έκλέξεται.
1012 3049 1045 3111 οὐ
1068 3050 1121 3133 γὰρ
1147 3051 1183 3133 δὴ
1206 3052 1251 3114 οῖεὶ
1280 3055 1322 3134 τῷ
1353 3051 1503 3135 ἀνθρώπῳ

254 3159 344 3218 ταῦτα
366 3154 494 3236 πάρεστι.
539 3152 585 3215 διὰ
607 3156 674 3234 γοῦν
701 3152 753 3234 τὴν
774 3152 883 3215 τοὺτων
910 3149 1019 3215 ἔνδειαν
1047 3153 1062 3214 ὁ
1085 3152 1137 3235 τὴν
1165 3154 1270 3236 ἀρετὴν
1292 3150 1371 3237 ἔχων
1395 3155 1502 3217 ἑαυτὸν
1516 3170 1545 3212 νε

255 3257 348 3338 ἐξάγει
364 3254 442 3318 ποτέ.
477 3255 546 3319 οὐδὲ
567 3255 620 3339 γὰρ
644 3256 691 3317 διὰ
711 3255 743 3316 τὸ
762 3255 912 3318 ἀδυνατεῖν
934 3255 1103 3337 ἐκλέγεσθαι
1119 3259 1208 3318 ταῦτα
1229 3257 1248 3338 ἡ
1265 3255 1407 3340 ἐξαγωγή,
1430 3255 1503 3342 ὅπερ

256 3358 336 3444 ἔργον
360 3364 411 3442 τῆς
434 3360 548 3441 ἀρετῆς,
571 3357 645 3420 ἀλλὰ
667 3362 708 3441 τῷ
734 3359 774 3441 μὴ
798 3364 938 3442 παρεῖναι,
962 3358 980 3420 ἃ
1003 3358 1056 3421 οὐκ
1078 3357 1124 3420 ἐπ’
1145 3357 1231 3440 αὐτη.
1266 3358 1292 3420 εἰ
1314 3358 1351 3442 δὴ
1374 3357 1429 3422 οὐκ
1450 3359 1498 3422 ἐπ’

167 3503 169 3506 -
215 3463 330 3545 κυαύτη
354 3463 405 3544 μέν
428 3463 446 3544 ίη
470 3461 578 3523 τούτων
606 3461 765 3546 παρουσία,
792 3462 810 3543 ἡ
834 3462 866 3523 δὲ
889 3460 1016 3544 ἐνέργεια
1043 3459 1133 3543 αὐτῆς
1161 3462 1225 3544 περὶ
1252 3461 1304 3544 τὴν
1327 3460 1437 3524 τούτων
1460 3463 1505 3525 ἐκ·

255 3568 352 3650 λογήν,
375 3564 428 3627 οὐκ
451 3562 595 3647 αὐτάρκης
623 3588 641 3645 η
665 3563 752 3646 ἀρετὴ
776 3565 846 3646 πρὸς
873 3564 924 3646 τὴν
947 3563 1053 3625 οἰκείαν
1077 3563 1229 3647 ἐνέργειαν.
1275 3560 1317 3626 ἔτι
1339 3566 1436 3648 διττῆς
1459 3562 1506 3627 οὔ·

256 3691 309 3750 σης
331 3673 383 3750 τῆς
409 3667 553 3750 ἐνεργείας
580 3664 647 3728 καθ’
676 3666 800 3748 ἑκάστην
827 3666 948 3750 τέχνην,
974 3671 1026 3748 τῆς
1054 3666 1105 3748 μὲν
1134 3667 1164 3728 ἐν
1191 3666 1434 3751 προηγουμένοις,
1463 3671 1504 3736 ὡς

254 3778 296 3856 τῷ
320 3770 446 3853 αὐλητῇ,
469 3770 495 3831 εἰ
515 3769 632 3850 ὑγιαίνοι
655 3792 686 3832 τε
709 3773 751 3852 τιγῖ
775 3771 888 3850 σώματι
911 3769 958 3830 καὶ
978 3768 1094 3841 αὐλούς,
1116 3768 1194 3836 οίους
1212 3769 1345 3853 βούλεται
1366 3767 1432 3855 ἔχοι
1454 3772 1503 3834 καί
1517 3788 1545 3829 ου

256 3875 345 3958 μηδὲν
367 3871 476 3942 ἔξωθεν
498 3871 584 3934 αὐτδν
606 3872 732 3955 ἑνοχλοί,
755 3877 807 3954 τῆς
829 3872 861 3933 δὲ
883 3871 912 3932 ἐν
933 3871 1104 3955 ἀβουλήτοις
1126 3872 1173 3934 καί
1197 3871 1333 3940 ἐναντίοις
1355 3877 1412 3935 τῶν
1435 3897 1504 3959 προ-

202 4130 217 4182 6
244 4131 325 4182 πάντα
344 4130 486 4182 Usenerus:
504 4131 583 4180 ταῦτα
602 4129 642 4180 Va
752 4128 767 4180 7
795 4127 985 4198 χαλκευτικὴο
1090 4127 1158 4179 8-9
1185 4132 1277 4199 χρῆται
1295 4127 1420 4181 δέ-ἐστι
1437 4132 1558 4202 ποιητική

201 4235 286 4271 oman
305 4216 418 4269 Vualder
436 4215 549 4283 Sylburg
644 4216 675 4267 10
693 4215 756 4285 αὐτὴ
777 4216 918 4268 Usenerus:
939 4234 1003 4285 αυιη
1023 4216 1057 4266 V:
1077 4212 1140 4284 αὕτη
1159 4231 1175 4266 α
1265 4214 1297 4267 12
1315 4215 1359 4269 τύν
1378 4216 1415 4268 ὧν
1433 4216 1481 4271 οὐκ
1500 4219 1559 4272 ἄνευ

200 4304 285 4389 λέγον]
305 4304 337 4356 de
350 4305 398 4356 hoc
417 4303 448 4356 cf.
465 4303 556 4368 1613ss
585 4304 610 4355 αἱ
629 4303 753 4372 αἰσθήσεις
767 4343 772 4354 .
784 4341 791 4355 .
804 4304 825 4354 εἰ
844 4303 888 4371 μὲν
906 4302 968 4373 πρὸς
984 4302 1013 4354 τὸ
1031 4302 1091 4355 εἶναι
1109 4302 1152 4355 τὸν
1170 4301 1304 4372 ἄνθρωπον
1323 4304 1458 4373 ἀναγκαίου
1471 4307 1559 4378 χώραν

201 4395 313 4468 ἔχουσιν,
331 4393 422 4461 μηκέτι
441 4389 467 4442 δὲ
486 4395 639 4459 συνεργοῦσιν
658 4391 718 4459 πρὸς
736 4393 780 4448 τὰς
798 4389 919 4461 ἐνεργείας
936 4394 982 4460 τῆς
1000 4390 1102 4459 ἀρετῆς,
1125 4389 1168 4442 τύν
1188 4390 1223 4442 ὧν
1242 4390 1289 4443 οὐκ
1308 4391 1367 4443 ἄνευ
1385 4391 1458 4462 λόγον
1476 4394 1559 4468 ἔχοιεν

202 4482 239 4534 ἄν.
277 4478 342 4532 εἰδὲ
361 4478 436 4549 πρὸς
454 4481 497 4546 τῷ
515 4478 647 4545 ἀναγκαῖαι
665 4477 725 4529 εἰναι
743 4479 794 4529 καὶ
814 4483 1077 4547 συνεργοῦσιν...,
1095 4477 1151 4529 οὐκ
1171 4478 1298 4551 ἔχουσιν
1316 4479 1359 4532 τὸν
1378 4479 1414 4532 ὧν
1432 4480 1480 4533 οὐκ
1499 4483 1559 4536 ἄνευ

200 4568 275 4638 λόγον
358 4567 388 4617 Ιῖ)
406 4565 442 4633 μὴ
462 4565 497 4616 V:
516 4566 595 4632 μὲνιι
679 4565 708 4616 Π
728 4565 835 4618 fortasse
853 4565 916 4636 ἦσαν
934 4565 987 4629 (ἂν)
1064 4566 1095 4618 18
1113 4565 1161 4618 οὐκ
1180 4565 1221 4638 ἄρ’
1243 4567 1386 4620 Usenerus:
1405 4568 1434 4620 οὐ
1453 4571 1500 4641 γάρ
1520 4571 1559 4623 Va

204 4657 234 4708 19
253 4655 282 4707 οὐ
301 4654 406 4721 scripsi:
426 4651 471 4705 οὐν)
490 4652 550 4718 (sic)
572 4653 604 4704 V:
625 4651 702 4705 οὐνιι
782 4653 812 4705 21
834 4652 954 4723 ἐκλογὴν]
973 4673 990 4705 κ
1010 4655 1037 4705 in
1057 4654 1130 4705 lit.V
1208 4652 1358 4723 ὑγιαίνοντος
1376 4671 1426 4708 om.
1446 4658 1559 4711 Vualder

201 4743 234 4795 22
253 4740 323 4810 ἄνευ]
342 4740 497 4794 tuinlit.V
569 4739 602 4792 23
621 4741 789 4810 ποιήσαντοιι
861 4741 894 4793 24
912 4741 981 4814 περὶ]
1000 4742 1039 4794 ἐπὶ
1052 4740 1164 4793 θυυΙιΙοι
1176 4746 1207 4792 ut
1218 4742 1291 4794 solet.
1319 4743 1433 4813 Sylburg
1446 4747 1560 4799 correxit

200 4833 228 4885 in
247 4831 336 4883 adnot.
442 4827 476 4881 30
494 4827 650 4899 παρουσίρε
755 4828 864 4896 τούτων]
883 4848 896 4879 ν
915 4831 943 4882 in
962 4829 1037 4882 lit.v
1144 4827 1176 4880 31
1199 4828 1246 4881 οὐκ
1264 4844 1349 4883 σακε
1455 4832 1489 4885 33
1508 4833 1559 4904 ὐγι-

201 4919 264 4973 αίνοι
282 4915 320 4986 τι]
341 4917 426 4970 ιτίυ
445 4917 519 4971 lit.v
611 4913 711 4985 αὐλούς]
731 4935 747 4968 α
765 4919 792 4970 in
811 4918 851 4970 lit.
862 4919 885 4969 V
974 4918 1007 4970 34
1026 4914 1110 4969 αὐτῶν
1129 4916 1259 4990 ἐνοχλιῖιι
1348 4919 1559 4991 ἐναβουλητοιςε
