3548 5604
599 324 727 383 ΗΘΙΚΩΝ
750 323 1014 383 ΠΡΟΒΛΗΜΑΊῺΝ
1035 329 1117 380 9-11
1474 329 1534 393 131

233 527 319 578 νεται,
342 506 374 566 τδ
398 504 440 575 δέ,
464 504 498 567 οὖ
514 506 598 588 χάριν
614 503 720 584 γίνεταί
741 526 813 576 τινα,
835 501 917 570 τέλος
939 502 1067 576 ἐκείνων,
1091 503 1196 570 ἐντοῖς
1218 501 1303 585 φύσει
1325 498 1483 583 γινομένοις

233 606 315 675 τέλος
336 608 364 669 τί
385 607 470 670 ἐστιν.
506 607 581 670 ἀλλὰ
604 608 661 689 μήν
685 607 716 668 τὸ
739 605 820 674 τέλος
842 608 901 667 τῶν
924 610 974 668 τοῦ
994 604 1094 673 τέλους
1116 607 1200 689 χάριν
1223 605 1380 687 γινομένων
1402 603 1481 685 άμει·

233 733 291 785 νον,
316 711 392 773 ὥστε
415 712 463 774 καὶ
486 716 544 773 τῶν
560 710 644 794 φύσει
666 708 821 791 γινομένων
844 708 880 771 τὰ
902 708 972 792 τέλή
994 714 1051 771 τῶν
1076 709 1193 771 ἐκείνων
1216 708 1372 790 γινομένων
1396 708 1481 792 χάριν
1495 720 1522 762 2⁶

233 813 351 894 ἀμείνω.
386 813 448 876 έστι
470 815 503 877 δὲ
525 814 572 876 καί
596 814 612 875 ὁ
635 812 790 897 ἄνθρωπος
812 816 869 873 τῶν
892 811 977 894 φύσει
992 811 1159 893 γινομένων,
1184 811 1262 874 ὥστε
1284 810 1361 873 ἐστίν
1384 835 1410 874 τι
1432 810 1479 873 καί

198 936 212 984 5
232 915 326 1001 τούτῳ
352 916 354 1002 ί
379 917 475 991 τέλος,
502 920 551 981 καὶ
575 920 659 979 τοῦτο
682 921 739 978 τῶν
767 912 812 998 ἐφ’
841 913 885 982 οἷς
911 918 995 976 τοῦτο
1022 914 1143 998 βέλτιον.
1187 913 1270 983 τέλος
1293 915 1324 976 δέ
1346 918 1397 977 τοῦ
1420 913 1465 975 ἀν·
1488 918 1534 976 251

233 1020 354 1103 ὓρῶποο
382 1024 413 1084 τὸ
437 1023 591 1085 σπουδαῖον
619 1019 774 1103 ἄνθρωπον
800 1017 949 1099 γενέσθαι,
976 1017 1077 1079 τούτου
1101 1017 1185 1101 χάριν
1214 1018 1229 1078 δ
1253 1016 1422 1100 ἅνθρωπος,
1449 1016 1482 1078 τὸ

234 1124 266 1185 δέ
293 1127 448 1189 σπουδαῖον
474 1124 609 1206 γενέσθαι
636 1123 698 1187 ἐστὶ
726 1122 758 1184 τὸ
789 1118 868 1205 ἔχειν
897 1120 948 1189 τάς
977 1119 1134 1203 ἀνθρώπου
1162 1120 1274 1203 ἀρετάς.
1323 1120 1398 1182 ἀλλά
1426 1120 1482 1201 μὴν
1509 1134 1524 1177 ε

232 1224 289 1311 οὐχ
311 1226 372 1290 οἶόν
395 1250 426 1290 τε
449 1231 532 1312 σχεῖν
554 1232 598 1310 τᾳῖ
622 1227 772 1309 ἀνθρώπῳ
794 1223 845 1292 τὰς
868 1224 986 1307 ἀρετάς,
1010 1223 1036 1285 εἰ
1060 1224 1100 1306 μή
1124 1228 1239 1307 πρῶτον
1263 1222 1417 1306 ἀνδρωπος
1438 1223 1481 1304 γέ·

232 1351 317 1392 νοιτο.
353 1331 368 1392 ὁ
392 1328 546 1413 ἄνθρωπος
569 1328 625 1413 ἀρα
647 1333 700 1412 τῆς
722 1333 779 1390 τῶν
802 1327 914 1411 ἀρετῶν
935 1325 1067 1408 κτήσεως
1088 1327 1183 1410 χάριν,
1208 1322 1267 1387 ἀλλ’
1288 1325 1344 1409 οὐχ
1367 1326 1396 1387 αί
1419 1325 1482 1409 ἀρε·

182 1452 213 1497 10
231 1433 277 1493 ταί
300 1437 351 1496 τοῦ
375 1433 543 1516 ἀνθρώπου.
589 1432 634 1495 διὸ
657 1432 704 1494 καί
727 1430 852 1513 ἀμείνων
880 1430 896 1491 ὁ
919 1427 1093 1511 κεκτημένος
1121 1428 1171 1496 τὰς
1198 1428 1301 1511 ἀρετὰς
1327 1427 1481 1511 ἅνθρωπος
1496 1445 1523 1487 ιο

233 1539 283 1599 τοῦ
306 1536 399 1620 χωρὶς
420 1537 529 1599 τούτων
558 1536 725 1619 ἀνθρώπου.
771 1533 805 1596 οδ
828 1531 883 1616 γάρ
905 1533 935 1594 αί
963 1532 1061 1614 ἀρεταί
1087 1530 1220 1614 γίνονται.
1265 1531 1375 1614 οὐγὰρ
1398 1533 1483 1615 ἡμεῖς

231 1637 320 1706 αδτάς
346 1638 486 1718 κτώμεθα
513 1641 552 1706 ῶς
580 1638 689 1722 χωρίον
717 1637 736 1719 ἢ
760 1637 938 1719 ἀνδράποδον
967 1635 985 1717 ή
1009 1634 1115 1707 οἰκίαν,
1144 1633 1204 1697 ἀλλ’
1232 1635 1250 1717 ή
1274 1640 1331 1696 τῶν
1359 1636 1482 1699 ἑκάστου

232 1743 342 1825 ἀρετῶν
364 1740 473 1822 γένεσις
496 1741 526 1802 ἐν
548 1743 587 1823 τή
603 1743 703 1824 κτήσει
726 1738 831 1802 αὐτῶν.
868 1739 894 1801 εί
916 1739 949 1801 δὲ
971 1739 990 1820 ή
1009 1737 1119 1820 γένεσις
1141 1737 1237 1800 αὐτῶν
1260 1737 1290 1799 ἐν
1313 1743 1350 1819 τῇ
1372 1738 1481 1820 κτήσει,

232 1845 281 1908 καὶ
302 1847 335 1906 τ“ο
352 1843 424 1906 εἶναι
448 1842 548 1911 αὐταῖς
570 1844 601 1906 ἐν
623 1843 727 1927 τούτῳ,
751 1841 812 1906 ἔστι
834 1843 867 1905 δὲ
889 1843 921 1904 τδ
945 1842 1026 1909 τέλος
1048 1843 1117 1924 ήμῖν
1141 1843 1275 1924 ήκτήσις
1297 1840 1403 1917 αὐτῶν,
1426 1841 1483 1904 εἶεν
1498 1858 1524 1902 ιο

183 1968 213 2016 15
234 1945 267 2009 ἀν
290 1948 338 2010 καὶ
366 1947 396 2008 αἱ
419 1948 517 2030 ἀρεταὶ
547 1946 616 2029 τέλη
643 1948 728 2029 ήμῶν
756 1945 935 2008 καὶτούτων
962 1945 1047 2028 χάριν
1070 1945 1163 2026 ἡμεῖς.
1210 1944 1253 2005 διδ
1281 1945 1328 2007 καὶ
1352 1943 1485 2024 ἀμείνους

231 2052 316 2133 ήμῶν
339 2051 368 2111 αἱ
391 2050 500 2134 ἀρεταί,
523 2048 595 2111 διότι
618 2049 721 2128 καὶτὸ
744 2048 826 2116 τέλος
848 2050 933 2131 ήμῶν
956 2048 985 2109 ἐν
1009 2051 1045 2129 τῇ
1069 2051 1127 2109 τῶν
1150 2048 1262 2130 ἀρετῶν
1286 2047 1429 2131 παρουσίᾳ
1450 2070 1483 2113 τε

234 2155 280 2215 καί
303 2154 413 2237 κτήσει.

231 2393 286 2458 XI.
317 2388 387 2458 Ὅτι
411 2394 456 2476 μή
473 2398 662 2479 πολλαχῶς
683 2396 720 2456 τὸ
736 2392 915 2465 ἀκούσιον,
939 2391 1014 2454 ἐπεὶ
1031 2393 1086 2454 καὶ
1110 2392 1167 2477 βίᾳ
1189 2394 1246 2456 καὶ
1269 2391 1310 2456 δι’
1331 2390 1525 2474 ἄγνοιανυυ

308 2560 419 2650 Ὥσπερ
440 2564 474 2627 οὐ
497 2565 610 2647 λέγεται
633 2568 790 2650 πολλαχῶς
812 2565 844 2628 τδ
868 2567 956 2648 ζῷον,
982 2563 1045 2626 ἐπεὶ
1068 2566 1101 2627 τὸ
1125 2564 1176 2647 μέν
1199 2565 1275 2628 ἐστιν
1298 2565 1387 2628 αὐτοῦ
1410 2568 1482 2646 λογι·

179 2687 212 2733 20
232 2668 282 2731 κὸν
304 2673 337 2731 τὸ
361 2666 387 2732 δ’
415 2666 534 2751 ἄλογον,
562 2665 622 2730 ἀλλ’
651 2668 718 2731 οὐδὲ
744 2670 763 2751 ή
787 2667 872 2730 κακία
899 2670 1072 2751 πολλαχῶς,
1101 2667 1164 2731 ἐπεὶ
1187 2669 1206 2750 ή
1231 2669 1282 2750 μὲν
1306 2665 1372 2732 καθ’
1402 2668 1485 2751 ὑπερ·

232 2772 335 2855 βολήν,
362 2772 382 2853 ή
406 2772 438 2834 δὲ
466 2770 539 2834 κατὰ
566 2768 690 2847 ἔνδειαν,
721 2771 815 2839 οὕτως
836 2770 905 2833 οὐδὲ
932 2771 965 2833 τδ
994 2767 1138 2854 ἀκούίσιον
1165 2774 1338 2855 πολλαχῶς,
1367 2771 1430 2834 ἐπεὶ
1452 2771 1526 2834 τὸυο

232 2874 283 2954 μὲν
306 2873 396 2936 αὐτοῦ
413 2873 471 2958 βίᾳ,
495 2875 527 2936 τὸ
551 2871 640 2936 δέδι’
663 2873 788 2956 ἄγνοιαν.
825 2871 899 2957 μέρή
921 2873 975 2956 γὰρ
998 2874 1017 2957 ἦ
1040 2872 1103 2957 εἴδη
1126 2879 1177 2938 τοῦ
1200 2875 1340 2938 ἀκουσίου
1364 2879 1464 2939 ταῦτα.
1487 2884 1539 2940 252

232 2976 257 3039 εἰ
280 2977 312 3039 δὲ
335 2977 376 3059 μὴ
399 2980 557 3061 πολλαχῶς
583 2977 616 3039 τὸ
644 2977 795 3052 ἀκούσιον,
823 2974 886 3040 οὐδ’
915 2975 949 3038 ἀν
973 2977 988 3039 δ
1011 2976 1099 3045 τάπυς
1126 2975 1168 3040 ἔτι
1195 2977 1242 3040 διά
1263 2981 1348 3041 τοῦτο
1371 2979 1486 3062 διαβάλ·

234 3081 312 3141 λοιτο
335 3080 351 3140 δ
375 3078 462 3147 ἀξιῶν
484 3075 525 3140 ‘el
552 3080 585 3141 τὸ
608 3078 705 3164 ἕτερον
732 3084 790 3142 τῶν
813 3080 949 3143 ἐναντίων
973 3083 1144 3164 πολλαχῶς,
1171 3081 1219 3143 καὶ
1241 3082 1274 3144 τδ
1298 3080 1395 3166 ἕτερον
1417 3086 1484 3146 πολ·
1511 3099 1526 3142 ε

179 3201 212 3248 25
233 3184 348 3266 λαχῶς·
378 3181 411 3244 οδ
432 3183 589 3266 πολλαχῶς
611 3183 643 3245 δὲ
664 3183 697 3245 τὸ
718 3183 847 3246 ἑκούσιον
870 3188 920 3245 τοῦ
941 3184 1079 3247 ἀκουσίου
1102 3188 1153 3246 τοῦ
1169 3183 1297 3247 ἐναντίου
1320 3184 1402 3268 αὐτῷ
1419 3189 1485 3248 πολ·

235 3288 336 3369 λαχῶς
366 3283 548 3365 λεγομένου’;
579 3285 647 3347 οὐδὲ
672 3284 726 3368 γάρ
754 3286 773 3368 ή
801 3285 887 3348 κακία
917 3289 1090 3371 πολλαχῶς,
1123 3287 1186 3349 ἐπεὶ
1218 3288 1237 3370 ή
1268 3285 1319 3368 μέν
1350 3286 1425 3351 ἐστιν
1455 3289 1484 3351 ἐν

235 3388 381 3472 ὑπερβολή
406 3388 425 3469 ή
448 3387 481 3450 δέ
506 3387 537 3448 ἐν
560 3387 664 3471 ἐνδείᾳ.
708 3388 788 3470 γένος
810 3390 865 3472 γάρ
888 3390 952 3472 τιή
975 3390 1061 3453 κακία
1087 3387 1135 3452 ἐπὶ
1157 3387 1261 3452 εἴδεσιν
1287 3394 1324 3473 πή
1348 3413 1379 3453 τε
1402 3390 1484 3473 ὑπερ·
1500 3404 1526 3446 1⁰

235 3490 310 3574 βολῇ
333 3491 382 3552 καὶ
397 3494 434 3572 πή
451 3489 556 3573 ἐνδείᾳ,
580 3491 628 3552 καί
647 3490 747 3574 ῶσπερ
770 3492 855 3554 κακία
879 3493 930 3574 μὲν
954 3492 1087 3576 ἑκατέρα,
1109 3494 1158 3556 καὶ
1181 3492 1246 3576 ήέν
1263 3493 1411 3577 ὑπερβολή
1436 3494 1483 3555 καὶ

232 3594 250 3675 ἡ
274 3593 305 3654 ἐν
328 3592 422 3674 ἐνδείᾳ
444 3591 527 3674 (οὐδὲ
549 3592 603 3676 γὰρ
625 3591 687 3654 οἶόν
709 3616 740 3655 τε
762 3593 824 3675 ἅμα
846 3595 894 3656 τὸν
917 3596 1005 3658 κακὸν
1028 3594 1091 3659 κατ’
1119 3594 1209 3679 ἄμφω
1232 3597 1320 3659 κακὸν
1343 3595 1425 3675 εἶναι,
1448 3594 1482 3657 οὐ

179 3714 214 3762 3ο
233 3693 328 3778 μέντοι
355 3695 444 3776 καλή
469 3695 558 3777 ἀρετή
586 3694 642 3777 ήδη
670 3696 757 3779 διπλῆ
781 3697 904 3781 ἑκατέρᾳ
931 3704 988 3760 τῶν
1011 3703 1118 3762 κακιῶν
1147 3699 1204 3761 ἰδία
1226 3722 1267 3767 τις
1289 3697 1484 3780 ἀντικειμένη·
1500 3714 1526 3756 ιε

232 3798 266 3860 οὐ
288 3797 343 3881 γὰρ
365 3794 505 3879 αὔταρκες
531 3798 603 3881 πρὸς
626 3798 731 3882 ἀρετήν
758 3801 791 3861 τὸ
815 3801 855 3883 μή
880 3800 952 3863 εἶναι
980 3801 1010 3863 ἐν
1039 3802 1203 3886 ὑπερβολή,
1235 3801 1254 3885 ἢ
1278 3803 1362 3864 πάλιν
1385 3802 1418 3863 τὸ
1443 3803 1483 3884 μή

232 3899 305 3963 εἶναι
321 3901 351 3962 ἐν
367 3899 472 3983 ἐνδείᾳ,
495 3899 569 3962 ἀλλά
585 3902 638 3976 δεῖ,
662 3902 688 3963 εἰ
702 3901 792 3984 ἀρετὴ
808 3900 912 3977 ἔσοιτο,
936 3903 966 3966 ἐν
983 3883 1133 3988 μηδετέρῳ
1150 3904 1265 3967 ἐκείνων
1282 3903 1371 3986 εἶναι)
1393 3903 1485 3971 οὕτως

232 4006 280 4067 καὶ
301 4005 335 4066 τδ
364 4003 496 4066 ἑκούσιον
524 4002 554 4065 ἐν
581 4008 618 4086 τή
642 4003 781 4087 ἐκατέρου
809 4010 868 4067 τῶν
895 4007 925 4068 ἐν
953 4006 997 4074 οἷς
1021 4012 1064 4089 τῷ
1092 4007 1221 4091 ἀκουσίῳ
1250 4008 1283 4069 τὸ
1306 4006 1382 4070 εἶναί
1406 4006 1483 4070 ἐστιν

232 4105 379 4169 ἀντιθέσει
402 4106 464 4188 ἅμα
486 4106 519 4169 τδ
542 4105 613 4169 εἶναι
636 4102 709 4192 ἔχει.
752 4109 799 4171 δεῖ
822 4107 876 4193 γὰρ
904 4111 952 4172 τὸν
976 4109 1116 4178 ἑκουσίως
1144 4134 1169 4173 τι
1192 4115 1328 4174 ποιοῦντα
1350 4111 1380 4173 ἐν
1403 4111 1485 4196 αὑτῷ
1499 4127 1527 4170 ου

181 4328 261 4401 6γὰρ
281 4331 352 4401 χάριν
372 4329 407 4381 B²
426 4330 495 4381 coni.
513 4331 557 4395 Sp.
674 4328 842 4398 Ἰαρετάσλῖ
948 4327 974 4382 τ’
995 4331 1059 4401 ἔχειν
1079 4335 1147 4384 coni.
1166 4335 1210 4400 Sp.
1322 4334 1410 4404 9ἀρα
1428 4336 1467 4402 (in
1488 4352 1537 4405 mg.

181 4418 232 4482 τοί)
252 4420 312 4468 VB:
341 4416 354 4469 δ
373 4417 419 4485 γὰρ
442 4412 576 4487 ἅνθρωπος
595 4418 660 4469 GFS
679 4415 721 4481 (8¹³
739 4417 767 4468 in
787 4432 838 4484 mg.
857 4417 916 4488 ἀρα)
936 4422 1025 4470 MNL:
1054 4417 1067 4471 δ
1087 4418 1220 4490 ἅνθρωπος
1242 4421 1289 4492 ἀρα
1309 4440 1323 4472 ε
1341 4425 1385 4490 Sp.

182 4504 211 4554 ll
232 4502 427 4573 οὒ-γίνονται]
448 4503 578 4555 sententia
596 4508 642 4554 aut
659 4519 751 4555 manca
769 4504 866 4575 (ἀρεταὶ
885 4507 983 4576 (χωρίς)
1003 4507 1084 4571 Diels)
1104 4518 1149 4558 aut
1167 4507 1278 4561 delenda
1365 4509 1403 4560 12.
1427 4512 1457 4561 13
1480 4511 1538 4562 ἑκά-

181 4606 241 4644 στου
259 4593 369 4664 ἀρετῶν]
393 4593 456 4663 υάρ
476 4594 504 4643 in
523 4591 605 4643 lit.v
712 4591 742 4642 21
772 4590 829 4644 οὐδὲ
853 4594 920 4645 coni.
941 4597 997 4661 Sp.:
1026 4594 1083 4646 οὔτε
1100 4596 1160 4647 libri
1267 4596 1300 4648 ἳῖ
1327 4597 1355 4665 ἡ]
1374 4597 1433 4664 ήν

180 4677 214 4730 24
241 4687 301 4747 post
320 4677 333 4731 δ
353 4680 432 4731 litura
450 4683 475 4731 V
580 4678 614 4731 26
638 4677 695 4731 οὐδὲ
714 4681 771 4746 Sp.:
800 4679 857 4732 οὔτε
877 4681 936 4732 libri
1043 4682 1076 4734 ⁶27
1100 4682 1179 4751 γένος]
1198 4683 1297 4741 τινὸςυ
1404 4685 1436 4735 29
1459 4684 1484 4735 ἐν
1504 4687 1540 4738 Sa

181 4768 239 4833 Sp.:
267 4767 307 4820 ἐπὶ
328 4770 373 4819 VB
493 4765 528 4819 30
555 4766 572 4836 ή
597 4782 647 4819 οιυ.
667 4785 682 4818 ο
701 4769 744 4834 Sp.
864 4767 940 4838 διπλῇ
963 4788 979 4820 a
997 4772 1041 4837 Sp.
1156 4771 1262 4841 ἑκατέρα
1286 4787 1349 4823 corr.
1373 4773 1400 4823 in
1424 4772 1540 4842 ἐκατίραι

181 4857 277 4906 v.c.V
385 4853 416 4906 31
436 4852 453 4923 ἡ
473 4853 531 4906 add.
551 4869 574 4905 τ.
589 4869 610 4905 τ.
624 4858 648 4905 V
755 4853 856 4924 32διῑ]
876 4855 937 4925 δήε
1042 4857 1077 4909 34
1095 4857 1133 4909 δεῖ
1149 4858 1202 4911 S²B
1222 4861 1261 4923 <in
1280 4859 1330 4925 lit.)
1349 4877 1376 4910 a:
1397 4858 1436 4910 διὰ
1449 4859 1503 4910 VS¹

185 4937 298 5010 αίντᾳῖλί
