3540 5610
209 316 269 381 122
527 318 730 372 ALEXANDRI
752 319 797 372 1>ss
820 319 928 372 ANfflA
953 318 1044 373 LIBRI
1066 320 1237 374 MANTISSA

259 491 394 571 σώματος
417 490 458 559 είς
483 489 550 553 τόῦε
577 490 650 553 κατὰ
676 493 728 574 τὴν
756 495 806 555 τοῦ
829 491 923 561 είῦους
951 492 1118 575 ὑπαλλαγὴν
1145 494 1265 574 γίνεται,
1293 496 1369 558 ὥστε
1396 495 1429 558 ἐκ
1455 498 1507 556 τοῦ

258 614 332 660 τινος
355 591 491 674 σώματός
519 617 543 656 τι
566 598 653 677 σῶμα
680 595 801 677 γίνεται,
829 594 886 679 οὑχ
909 594 1010 664 ἁπλῶς
1037 601 1124 678 σῶμα
1150 597 1183 660 ἐκ
1209 600 1353 681 σώματος.
1399 598 1506 678 ἐγίνετο

240 691 285 755 ’δ’
314 692 348 756 ἂν
376 698 462 779 σῶμα
488 697 604 772 ἁπλῶς,
633 695 664 759 εί
686 720 757 760 ποτε
784 697 911 781 ἐνεργείᾳ
932 699 1148 782 κεχωρισμένον
1171 701 1204 762 τὸ
1231 699 1307 769 εἶδος
1329 702 1377 763 καὶ
1403 702 1423 783 ἡ
1452 701 1506 781 ὑλη

258 794 418 879 συνῄεσαν,
444 800 493 861 καὶ
515 799 607 868 οὑτως
628 800 661 863 ἐκ
684 800 725 883 μὴ
748 801 903 881 σωμάτων.
948 804 1011 868 πῶς
1032 799 1082 864 οὑν
1104 801 1140 864 τὰ
1163 802 1214 884 μὲν
1238 801 1311 886 μέρη
1324 808 1386 886 ’τῆς
1408 800 1508 870 οὐσίας

231 897 358 962 σούσίαν
381 898 512 983 λέγομεν,
534 904 583 965 καὶ
605 902 651 966 διὰ
674 906 758 965 τοῦτο
781 903 814 965 τὸ
837 901 913 972 εἶδος
934 902 983 965 καὶ
1005 903 1056 986 τὴν
1073 903 1143 986 ῦλην
1167 903 1266 967 οὐσίαν
1288 903 1393 988 φαμέν,
1416 904 1452 966 τὰ
1474 904 1507 966 ῦέ

258 1000 333 1085 μέρη
356 1006 406 1065 τοῦ
429 1006 565 1087 σώματος
587 1004 683 1069 οὐκέτι
705 1008 839 1086 σώματα,
865 1005 896 1069 τί
913 1029 945 1087 γε
967 1007 1126 1069 καὶταῦτα
1148 1005 1224 1091 μέρη
1246 1010 1391 1089 σώματος,
1414 1008 1448 1070 τὸ
1470 1005 1507 1068 εί·
1520 1022 1550 1064 οο

258 1104 307 1174 θος
329 1106 378 1168 καὶ
399 1107 419 1188 ἡ
443 1105 511 1189 ὑλη;
546 1107 565 1190 ἢ
589 1107 642 1171 οὑκ
664 1105 778 1171 ἔστιτὸ
803 1107 880 1177 εἶδος
906 1110 954 1172 καλ
976 1110 995 1192 ἡ
1018 1108 1074 1192 ὑλη
1101 1110 1142 1176 ὑς
1163 1111 1300 1193 σώματος
1322 1109 1407 1193 μέρη.
1451 1112 1525 1179 σόν,

258 1229 348 1287 ματος
370 1208 422 1292 μὲν
437 1208 492 1293 γὰρ
509 1209 583 1295 μέρη
605 1210 641 1274 τά
656 1209 885 1295 συμπληρωτικὰ
907 1215 1118 1294 τοῦσώματος,
1140 1215 1230 1274 ταῦτα
1245 1211 1277 1274 δέ
1292 1210 1332 1273 οὐ
1341 1215 1509 1298 συμπληροῖ

257 1308 290 1371 τὸ
312 1314 408 1394 σῶμα.
454 1315 495 1382 ιὺς
522 1314 555 1376 δὲ
582 1312 681 1388 οὐσίας
707 1314 768 1378 ἐστὶ
797 1313 887 1398 μέρη·
922 1314 969 1377 διὰ
991 1317 1095 1393 ταῦτα,
1123 1313 1157 1377 οῦ
1181 1314 1232 1396 μέν
1259 1313 1320 1377 ἐστι
1347 1313 1432 1397 μέρη,
1454 1320 1508 1398 τῆς

219 1426 243 1469 ιο
256 1409 347 1496 αὐτῆς
368 1413 484 1497 φὺσεως
510 1415 587 1479 ἐστίν
610 1416 725 1500 ἐκείνιρ,
753 1416 786 1479 οὑ
810 1417 843 1479 δὲ
865 1418 905 1500 μή
929 1416 990 1480 ἐστι
1013 1416 1104 1501 μέρη,
1131 1416 1185 1479 οῦκ
1198 1414 1267 1483 ,ἔστι
1289 1415 1379 1481 ταῦτὰ
1402 1417 1506 1502 τοὺτιρ.

258 1516 301 1579 ότι
323 1516 356 1578 δέ
378 1519 419 1585 ὡς
441 1515 540 1585 οὐσίας
565 1517 626 1582 ἐστὶ
650 1518 739 1602 με’ρη,
768 1520 856 1603 δῆλον
879 1519 913 1582 ἐκ
933 1524 983 1582 τοῦ
1010 1520 1062 1602 τὴν
1088 1518 1187 1582 οὐσίαν
1215 1519 1266 1602 τὴν
1291 1517 1507 1603 συναμφότερον

255 1619 304 1680 καὶ
330 1618 405 1682 καθὸ
433 1619 580 1684 ὑπόκειται
606 1620 704 1684 οὐσίαν
730 1621 867 1704 λέγεσθαι
895 1623 943 1684 καὶ
971 1623 1047 1686 καθὸ
1074 1621 1141 1685 τόδε
1168 1623 1195 1685 τί
1216 1622 1276 1685 ἐστι
1301 1622 1334 1684 τὸ
1357 1621 1441 1692 είδος.
1486 1623 1505 1704 ἡ

255 1719 309 1804 γὰρ
331 1721 415 1785 οὑσία
438 1723 640 1807 ὑποκείμενον·
676 1722 759 1787 οὐδὲν
781 1726 814 1788 δὲ
835 1725 896 1801 οἶόν
919 1748 950 1787 τε
972 1725 1144 1788 ὑποκεῖσθαι
1172 1725 1212 1808 μὴ
1235 1723 1301 1787 τὺῦε
1323 1748 1349 1786 τι
1372 1723 1414 1787 ὃν.
1458 1723 1505 1807 εἴη

256 1820 291 1884 ἐν
314 1823 386 1906 πρὸς
406 1825 439 1888 τὺ
462 1826 649 1915 ὑποκείμενον
671 1826 744 1890 εἶναι
766 1829 785 1910 ἡ
809 1826 892 1890 οὐσία
915 1827 1100 1912 βοηθουμένη
1127 1827 1182 1889 ὑπὸ
1205 1830 1256 1905 τοῦ
1278 1824 1384 1893 είῦους.
1430 1828 1506 1889 ὥστε
1520 1842 1548 1883 υτ

218 1940 242 1984 ιο
256 1924 323 2009 παρ’
352 1928 396 1990 ὧν
415 1925 479 2014 ἔχει
499 1929 533 1991 τὸ
556 1930 727 1994 ὑποκεῖσθαι
750 1933 769 2013 η
792 1928 876 1992 οὐσία
898 1930 973 1993 καθό
996 1930 1072 1999 ἐστιν
1095 1927 1188 2006 οὐσία,
1211 1927 1295 1992 οὐσία
1317 1933 1415 1993 ταῦτα.

1282 2020 1294 2043 .

590 2166 660 2235 Ὁτι
684 2171 718 2233 αἱ
741 2168 927 2255 ποιότητες
949 2169 987 2233 οὐ
1010 2174 1163 2253 σώματα.

330 2340 367 2406 El
389 2343 408 2425 ἡ
432 2341 551 2425 ποιότης
572 2347 659 2426 σῶμα
682 2341 818 2426 φυσικόν,
841 2346 897 2404 πᾶν
922 2343 953 2405 ὑὲ
977 2348 1063 2426 σῶμα
1085 2342 1207 2427 φυσικόν
1229 2338 1323 2413 οὐσία,
1345 2341 1365 2423 ἡ
1388 2338 1508 2422 ποιότης

256 2443 349 2507 οῦσία.
395 2469 414 2528 η
439 2447 458 2529 ἡ
481 2444 600 2529 ποιότης
622 2445 707 2529 ἑτέρα
729 2450 781 2528 τῆς
803 2445 994 2529 ὑποκειμένης
1015 2444 1092 2527 αὐτη
1115 2443 1245 2528 φύσεως,
1269 2443 1380 2529 οὐγὰρ
1402 2441 1507 2505 ταύτὸν

256 2547 333 2629 ὕδωρ
356 2548 404 2610 καὶ
426 2549 527 2632 ἡπερὶ
549 2546 619 2610 αὐτὸ
642 2548 799 2633 ψυχρότης,
823 2548 886 2610 ἐπεὶ
907 2547 942 2632 ἦν
966 2546 1000 2610 ἂν
1016 2551 1072 2610 πᾶν
1094 2547 1127 2608 τὸ
1150 2546 1262 2630 ψυχρὸν
1284 2546 1361 2629 ῦδωρ
1384 2545 1432 2608 καί
1448 2549 1505 2608 πᾶν
1519 2562 1548 2604 ιο

214 2663 242 2709 20
255 2648 333 2733 ὑδωρ
355 2649 477 2735 ψυχρόν,
500 2651 547 2714 καὶ
571 2648 646 2713 ἔστιν
669 2675 688 2733 η
709 2650 883 2734 ὑποκειμένη
907 2655 944 2733 τῇ
964 2648 1095 2733 ποιότητι
1115 2648 1200 2733 φὺσιτ
1222 2647 1315 2710 οὐσία.
1351 2647 1506 2732 ηποιότης

255 2751 308 2815 οὐκ
330 2752 428 2842 οὐσία,
450 2752 549 2836 ἑτέρας
570 2753 625 2836 γὰρ
647 2752 772 2837 φύσεως.
817 2757 901 2815 τοῦτο
928 2753 960 2815 δέ
981 2776 1017 2836 τη
1044 2751 1183 2832 ἐπαγωγῇ
1206 2750 1377 2813 πιστωτέον·
1411 2753 1508 2836 πάσης

184 2878 189 2888 ·
255 2855 309 2938 γὰρ
331 2853 430 2925 οὐσίας
453 2856 537 2939 ἑτέρα
564 2880 583 2939 η
606 2858 671 2938 περὶ
694 2855 783 2938 αὑτὴν
811 2853 938 2937 ποιότης.
989 2854 1064 2916 ἀλλὰ
1096 2854 1152 2936 μὴν
1175 2853 1208 2915 τὸ
1231 2859 1360 2936 πρῶτον,
1390 2853 1422 2916 τὸ
1450 2852 1508 2937 ἄρα

256 2957 398 3042 δεύτερον.
432 2959 452 3041 ἡ
468 2956 586 3042 ποιότης
608 2955 657 3020 οὑν
673 2958 770 3042 ἕτερον
794 2957 901 3031 οὐσίας,
923 2958 956 3020 τὺ
972 2957 1069 3041 ἕτερον
1086 2955 1184 3025 οὐσίας
1199 2955 1252 3019 οὑκ
1275 2955 1370 3030 οὐσία,
1392 2954 1507 3040 ηποιό-

254 3084 306 3145 της
328 3060 384 3144 ἄρα
406 3060 458 3149 οὐκ
481 3060 573 3124 οὐσία.
618 3060 693 3122 ἀλλὰ
714 3061 742 3122 εἰ
764 3064 819 3122 πᾶν
849 3066 935 3141 σῶμα
962 3059 1061 3134 οὑσία,
1091 3084 1109 3142 η
1133 3060 1165 3122 δὲ
1187 3057 1306 3142 ποιότης
1335 3058 1389 3122 οὑκ
1410 3058 1507 3133 οὐσία,

214 3179 242 3223 25
255 3164 309 3227 οὑκ
330 3163 387 3247 ἄρα
409 3162 563 3248 ηποιότης
586 3167 681 3246 σῶμα.
716 3161 757 3225 ἔτι
781 3163 806 3225 εἰ
828 3184 847 3245 η
868 3162 1007 3246 λευκότης
1030 3167 1117 3246 σῶμα
1137 3160 1269 3246 φυσικόν,
1292 3165 1348 3224 πᾶν
1365 3162 1397 3224 δέ
1419 3167 1506 3245 σῶμα
1521 3178 1550 3220 ιο

255 3266 374 3351 φυσικὸν
401 3264 506 3346 ἁπτόν,
534 3268 553 3349 ἡ
580 3264 721 3350 λευκότης
748 3263 813 3349 ἄρα’
831 3265 918 3349 ἁπτή.
964 3264 1039 3327 ἀλλὰ
1066 3266 1123 3348 μὴν
1150 3263 1208 3350 οὐχ
1237 3264 1325 3347 άπτή.
1370 3262 1423 3327 οῦκ
1450 3264 1508 3350 ἄρα

257 3375 353 3455 σῶμα.
387 3369 413 3433 εἰ
434 3369 488 3454 γὰρ
511 3368 588 3452 ἁπτὴ
612 3369 631 3451 ἡ
654 3367 805 3449 λευκότης,
828 3369 937 3451 πάσχοι
962 3366 995 3430 ἄν
1017 3369 1037 3451 ἡ
1061 3368 1122 3451 ἁφὴ
1147 3366 1195 3429 ὑπ’
1216 3366 1316 3451 αὐτῆς.
1350 3367 1425 3430 ἀλλὰ
1448 3369 1506 3452 μὴν

254 3473 288 3536 οὑ
311 3474 428 3558 πάσχει.
473 3470 525 3534 οὐκ
548 3470 605 3554 άρα
628 3471 714 3554 άπτή.
760 3468 842 3553 ἔτιῖη
869 3470 931 3553 ἁφὴ
960 3470 1015 3532 ὑπὸ
1041 3476 1099 3532 τῶν
1122 3470 1256 3533 ἐναντίων
1286 3470 1421 3538 ἐναντίως
1447 3472 1507 3533 δια·

255 3575 364 3639 τίθεται
386 3576 434 3638 καλ
456 3576 579 3659 πάσχει,
607 3577 751 3657 σκληροῦ,
780 3575 926 3654 μαλακοῦ,
956 3573 1086 3656 θερμοῦ,
1112 3576 1234 3657 ψυχροῦ.
1280 3573 1356 3635 ὥστε
1377 3573 1425 3636 καί
1448 3573 1506 3636 ὑπὺ

214 3694 242 3739 ³0
255 3678 429 3762 λευκότητος
449 3677 497 3741 καὶ
521 3675 669 3760 μελανίας,
699 3675 716 3738 ὅ
737 3675 814 3739 ἐστιν
835 3675 960 3738 ἐναντίον
987 3681 1029 3759 τῷ
1053 3679 1164 3760 λευκῷ,
1193 3675 1368 3744 ὑπεναντίως
1395 3677 1506 3761 πάσχοι

257 3781 290 3845 ἂν
316 3782 364 3845 καὶ
389 3780 564 3863 γλυκύτητος
590 3779 639 3842 καί
666 3778 844 3862 πικρότητος.
888 3776 963 3839 ἀλλὰ
985 3778 1042 3860 μὴν
1072 3776 1106 3840 οὑ
1129 3779 1238 3862 πάσχει
1264 3778 1408 3847 ἐναντίως.
1453 3780 1507 3842 οὑκ

787 4051 803 4105 3
831 4050 892 4122 ὑλης
911 4052 951 4104 Ka
1074 4052 1260 4123 κεχωρισμένον
1279 4052 1386 4121 scripsi:
1403 4056 1560 4125 κτχωρισμί·

201 4161 245 4195 νου
264 4144 304 4196 Va
408 4141 493 4210 θμλν
511 4156 561 4193 om.
581 4141 622 4191 Ka
726 4139 777 4191 4.5
797 4139 904 4192 fortasse
923 4137 1007 4196 οὐσίας
1025 4136 1130 4196 οὐσίας
1236 4139 1318 4210 5τλγν
1336 4137 1399 4210 ὑλην
1417 4140 1507 4193 καὶτὸ
1527 4142 1559 4194 τί·

202 4230 244 4288 θος
262 4232 303 4283 Ka
405 4227 436 4279 12
454 4227 483 4280 τὸ
502 4227 565 4285 εἶδος
582 4228 725 4280 insiticium
746 4227 846 4279 videtur
952 4226 984 4277 14
1003 4225 1033 4277 ἂν
1051 4227 1086 4277 V:
1106 4224 1137 4277 ἂν
1156 4224 1199 4278 οὑν
1217 4228 1258 4280 Ka
1276 4228 1308 4280 cf.
1327 4228 1384 4280 Ind.
1403 4243 1424 4280 s.
1437 4245 1461 4280 v.
1480 4245 1559 4297 asyn-

203 4319 281 4370 deton
300 4320 425 4385 quaeest
443 4315 668 4383 hypomnematica
691 4315 720 4367 in
737 4315 787 4367 hoe
804 4314 871 4366 libro
889 4314 1020 4366 scribendi
1044 4314 1124 4378 ratio,
1147 4316 1274 4383 permulta
1292 4314 1413 4367 dissoluti
1433 4318 1560 4369 sermonis

202 4405 322 4472 exempla
340 4403 413 4456 nolui
433 4408 531 4456 mutare
620 4402 654 4455 ·20
671 4403 687 4472 ἡ
706 4401 810 4471 ποιότης
828 4400 874 4454 οὑκ
894 4401 977 4470 οὑσία]
997 4402 1029 4454 τί.
1048 4418 1114 4469 quae
1132 4402 1187 4455 dixi
1207 4403 1239 4455 ad
1258 4420 1282 4454 v.
1297 4403 1337 4467 14,
1357 4418 1423 4470 quae
1441 4403 1493 4455 nisi
1513 4405 1559 4457 ob·

200 4496 311 4556 starent,
330 4491 504 4544 confidentius
522 4495 605 4543 totum
619 4491 784 4543 enuntiatum
803 4490 841 4542 ita
860 4489 1057 4542 conformarem:
1076 4487 1150 4558 ἢ<εί>
1161 4488 1177 4559 ἡ
1190 4489 1292 4559 ποιότης
1311 4490 1384 4560 ἑτέρα
1395 4492 1441 4559 τῆς
1459 4488 1560 4543 ὑποκαι-

202 4581 278 4648 μίνης
291 4578 356 4649 αὐτῇ
369 4577 468 4649 φὺσεως
486 4576 526 4645 (οὑ
544 4579 590 4649 γάρ
603 4578 693 4631 ταύτὸν
711 4576 780 4649 ὑῦωρ
799 4577 843 4629 καὶ
860 4577 876 4646 ἡ
890 4576 945 4648 περὶ
964 4574 1025 4627 αὑτὸ
1039 4573 1176 4648 ψυχρότης,
1195 4578 1247 4630 ἐπεὶ
1265 4577 1297 4648 ἦν
1310 4576 1340 4629 ἂν
1353 4583 1401 4629 πᾶν
1419 4576 1448 4628 τὸ
1461 4575 1560 4646 ψυχρὸν

202 4664 271 4736 ὑῦωρ
289 4666 332 4718 καλ
352 4671 400 4718 πᾶν
418 4664 487 4736 ὑὺωρ
507 4665 623 4735 ψυχρόν),
642 4667 685 4718 καλ
704 4666 768 4718 ἔστιν
786 4664 969 4735 ἠὺαοκειμίνη
988 4666 1022 4732 τγῙ
1040 4663 1152 4733 ποιότητι
1171 4662 1241 4732 φὺσις
1260 4663 1339 4728 οὑσία,
1357 4666 1373 4733 ἡ
1392 4664 1494 4733 ποιότης
1512 4665 1560 4717 οὑκ

202 4753 273 4806 οὐσία
345 4790 348 4795 «
371 4752 404 4805 22
423 4752 487 4805 ἀλλὰ
505 4754 555 4823 μὴν
575 4751 605 4805 τὸ
623 4760 733 4825 πρῶτον,
750 4754 779 4806 τὸ
798 4751 866 4821 κτλ]
885 4752 917 4804 cf.
937 4752 993 4803 lud.
1087 4750 1121 4802 28
1139 4751 1258 4803 ἐναντίων
1277 4752 1425 4808 ἐναναντίως
1443 4751 1504 4817 (sic)
1525 4753 1560 4805 V:

202 4840 321 4898 ἐναντίως
340 4841 378 4892 K:
397 4839 516 4897 ἐναντίως
534 4840 687 4898 ἐναντίωςε
804 4840 838 4892 30
865 4838 983 4907 μελανίας
1002 4839 1062 4890 VK:
1081 4837 1243 4908 μελανείαςο
1360 4839 1393 4894 32
1420 4838 1488 4910 ἁπτή
1508 4841 1561 4892 Κατ

146 4969 150 4980 .
202 4924 300 5002 waic)
318 4927 426 4999 ἁπτηλί
