3540 5610
650 326 707 401 [Dii
729 329 840 385 11111111
862 328 965 385 LIBER
986 324 1113 399 ALTER]
1482 326 1542 392 129

245 498 328 563 κενόν
355 499 432 566 ἐστιν
458 501 661 588 ἀφωρισμένον
687 503 707 587 ἢ
730 502 956 587 ἀντιπερίστασις
982 502 1102 582 γίνεται,
1127 499 1154 563 εί
1176 500 1227 582 μέν
1249 499 1280 563 έν
1303 498 1366 585 ἀέρι
1388 496 1492 580 ἑκπέμ·
1505 514 1534 558 το

247 625 340 679 ποιτο,
361 604 458 689 ἀέρος,
481 605 508 668 εἰ
529 606 561 669 δὲ
582 604 613 668 ἐν
629 605 720 682 όδατι,
743 605 859 675 ύδατος·
882 605 923 674 εἰς
943 604 995 688 μὲν
1017 601 1068 667 ούν
1087 603 1140 687 τήν
1161 601 1250 687 κόρην
1273 601 1379 666 ἄτοπον
1401 602 1493 685 λέγειν

246 705 280 768 τό
302 704 381 790 ὕδωρ
407 707 678 791 ἀντιμεθίστασθαι,
703 708 763 793 χρὴ
786 709 819 771 δὲ
846 712 940 791 ζητεῖν
965 706 1008 776 εἰς
1033 706 1069 769 τί.
1112 705 1182 769 ούδὲ
1206 704 1260 788 γὰρ
1286 703 1328 773 εἰς
1353 704 1406 788 τήν
1428 706 1494 769 ἀνα·

246 810 347 893 πνοήν.
391 809 460 872 odii
480 809 536 894 ηάρ
557 809 680 874 ἀναπνεῖ
704 810 741 873 τὰ
762 810 793 874 ἐν
819 814 861 895 τῷ
890 810 970 873 ύδατι
992 809 1118 892 δρῶντα,
1145 805 1213 870 οὐδὲ
1235 806 1312 875 όλως
1332 805 1369 869 τά
1391 804 1493 892 ἔνυδρα

191 962 195 967 .
217 911 338 996 οχωρίς
358 933 453 976 τινων.
498 910 540 976 ἔτι
560 912 586 975 εί
607 913 648 983 είς
668 913 721 996 τήν
743 909 832 996 κόρην
853 911 1100 994 ἀντιμεθίσταται,
1128 907 1162 973 ού
1185 909 1266 991 ποίση
1289 906 1364 992 αὐτη
1387 909 1494 992 ἐκπέμ-

246 1019 354 1099 ψομιν,
381 1013 450 1078 οὐδὲ
472 1012 618 1099 ὀψόμεθα,
644 1014 705 1078 ἀλλ’
732 1012 813 1078 ἔσται
835 1038 877 1084 τις
898 1014 1075 1098 εὐρυχωρία,
1100 1011 1104 1097 Ι
1128 1009 1196 1077 καθ’
1223 1011 1259 1094 ἢν
1281 1010 1314 1073 τδ
1336 1011 1478 1095 ἀντιμεθι-
1499 1028 1548 1073 lior

247 1117 389 1199 στάμενον
410 1119 511 1202 χώραν
534 1117 599 1188 ἕξει.
643 1119 717 1182 κατυί
742 1141 769 1180 τι
790 1114 840 1181 ούν
862 1115 952 1201 αὐτῆς
978 1115 1114 1202 ὀψόμεθα
1139 1115 1187 1179 καλ
1212 1114 1286 1177 κατοί
1307 1137 1334 1176 τι
1356 1117 1407 1199 μή.
1452 1114 1494 1180 ἔτι

247 1217 296 1281 διὰ
321 1218 350 1281 τί
374 1222 433 1281 τῶν
462 1218 547 1304 ζῴων
572 1220 609 1283 τά
635 1220 676 1304 μὴ
702 1217 859 1302 ἐπιμύοντα
884 1219 915 1282 έν
941 1225 983 1303 τῷ
1011 1217 1170 1302 κοιμᾶσθαι
1196 1215 1250 1280 ούκ
1272 1214 1387 1301 ὄψεται,
1413 1217 1445 1282 εί
1462 1243 1496 1303 γε
1577 1300 1581 1307 Ι

249 1321 369 1405 πλήρεις
391 1319 456 1407 ἔχει
478 1321 545 1391 τοδς
565 1326 617 1385 τού
639 1324 775 1406 σώματος
794 1321 913 1406 πόρους;
936 1322 963 1385 εἰ
978 1322 1011 1385 δὲ
1032 1321 1072 1405 μὴ
1094 1321 1216 1406 συνεχὲς
1237 1317 1338 1389 ἔξεισιν
1360 1321 1393 1383 τδ
1409 1326 1496 1406 σῶμα

206 1438 234 1483 1⁰
247 1427 332 1487 τοῦτο
353 1424 387 1487 τὸ
409 1429 463 1509 τῆς
483 1421 586 1509 κόρης,
613 1424 688 1488 ἀλλά
709 1423 897 1509 διηρημένον,
923 1422 989 1507 ἤτοι
1011 1425 1175 1487 διεκπῖπτον
1196 1423 1357 1508 συμφύεται
1380 1425 1428 1487 καλ
1450 1445 1496 1488 συ·

248 1526 335 1612 νεχές
353 1527 462 1609 γίνεται
488 1526 507 1610 ἢ
532 1526 609 1609 μένει
634 1526 818 1611 διηρημένον.
862 1526 888 1589 εἰ
911 1526 963 1609 μὲν
985 1523 1035 1589 ούν
1057 1525 1234 1610 συμφύεται,
1262 1532 1325 1596 πῶς
1346 1528 1433 1589 πάλιν
1455 1526 1497 1595 εἰς

252 1633 345 1692 ιιιῖινον
367 1626 568 1714 συμφοόμενον
587 1628 759 1699 ἐῖαπλοδται
781 1630 829 1692 καὶ
843 1631 1023 1712 Ιτηλικοῦτον,
1047 1631 1088 1698 ὡς
1109 1627 1326 1712 ἀποτέμνεσθαί
1344 1651 1419 1699 τινος
1440 1630 1496 1692 κιύ·
1522 1645 1536 1687 ο

249 1753 302 1794 νου
316 1731 400 1816 βοίσει
422 1733 455 1794 τδ
471 1735 603 1795 πλεῖστον
625 1730 711 1815 μέρος
732 1735 783 1794 τοιῖ
798 1730 936 1816 ούρανοῦ,
957 1731 1049 1816 ἐχρῆν
1063 1731 1117 1816 γὰρ
1136 1730 1217 1808 αύτό,
1240 1730 1397 1814 ἀρξάμενον
1420 1731 1496 1801 ἅπαξ

250 1831 371 1902 ξυνιέναι
394 1835 442 1897 καὶ
464 1833 664 1919 συμφύεσθαι,
691 1834 747 1897 ύπδ
768 1837 820 1897 τού
842 1833 1025 1919 περιέχοντος
1046 1833 1132 1919 ἀέρος
1157 1836 1266 1919 μᾶλλον
1289 1833 1497 1898 συστέλλεσθαι

204 1951 236 1996 15
249 1937 299 2000 καλ
321 1937 362 2005 εἰς
386 1937 483 1999 στενδν
506 1938 690 2020 συνάγεσθαι.
724 1934 766 2000 ἔτι
788 1936 815 1999 εί
837 1934 886 1999 ὑπ’
913 1935 1035 2000 ἀκτίνων
1058 1936 1188 2006 ό“κῶνος
1209 1934 1375 2021 περιέχεται
1397 1938 1496 2021 διηρη-

250 2037 347 2122 μένων
368 2039 417 2102 καὶ
439 2039 674 2123 κεχωρισμένων,
697 2039 723 2102 εἰ
745 2038 797 2122 μὲν
819 2037 866 2122 εἴη
889 2036 958 2122 [μὴ]
982 2042 1078 2122 μεῖζον
1099 2039 1132 2102 τδ
1156 2039 1260 2124 μεταξύ
1283 2044 1340 2104 τῶν
1362 2039 1495 2116 ἀκτίνων,

249 2139 339 2204 πλέον
361 2139 442 2204 ἔσται
463 2142 497 2204 τδ
520 2141 561 2224 μὴ
585 2141 733 2226 δρώμενον
754 2144 805 2204 τοῖν
828 2140 988 2225 ὁρωμένου,
1014 2142 1117 2227 καὶιτδ
1140 2142 1192 2224 μέν
1218 2141 1298 2226 πέριξ
1324 2142 1497 2228 ὀφθήσεται,

247 2244 326 2307 καθδ
352 2244 383 2306 αῖ
409 2242 522 2307 εδθεῖαι
552 2245 795 2328 προσβάλλουσιν,
823 2244 857 2307 τό
883 2245 916 2307 δὲ
943 2242 1031 2328 μέσον
1057 2242 1101 2308 ού.
1146 2245 1171 2307 εί
1198 2245 1231 2309 δὲ
1256 2243 1332 2321 ἴσον,
1359 2243 1420 2308 ἴσον
1442 2243 1496 2308 οὐκ

254 2346 428 2430 ὀφθήσεται.
466 2343 583 2409 ἔλαττον
606 2347 723 2416 δέπῶς
745 2345 780 2410 ἂν
795 2345 841 2430 εἴη
863 2344 922 2430 (τὸ)
944 2351 1002 2410 τῶν
1024 2345 1147 2410 εύθειιῖιν
1163 2347 1278 2431 μεταξύ,
1300 2350 1358 2410 τῶν
1373 2347 1496 2411 εὐθειῶν
1510 2363 1538 2407 ιο

207 2463 238 2509 m
251 2448 426 2533 τηλικαύτην
456 2449 539 2534 βάσιν
559 2453 718 2531 ποιουσιῖιν;
752 2447 795 2513 ἔτι
815 2470 846 2512 τε
868 2452 931 2517 πῶς
955 2448 1070 2513 οἷόντε
1096 2449 1188 2519 ούτως
1209 2450 1260 2520 τάς
1286 2451 1402 2520 ἀκτῖνας
1423 2450 1498 2516 εῖναι

250 2552 351 2636 παχέα
373 2554 497 2636 σώματα
523 2551 557 2615 ἐκ
577 2556 630 2636 τῆς
651 2552 739 2638 κόρης
761 2550 991 2636 προπεμπόμενα
1016 2553 1074 2616 ἀπό
1100 2552 1196 2634 δλίηου
1218 2555 1368 2637 σώματος;
1402 2550 1444 2616 ἔτι
1466 2556 1499 2618 δὲ

252 2655 284 2718 αί
306 2656 417 2724 ἀκτῖνες
442 2655 474 2718 αῖ
495 2654 713 2738 ἐκπεμπόμενοι
738 2654 767 2716 τί
794 2654 831 2738 δή
859 2677 929 2716 ποτε
950 2651 1017 2717 ούτε
1045 2654 1101 2718 ύπδ
1127 2658 1185 2718 τῶν
1210 2654 1325 2740 ἀνέμων
1353 2653 1420 2720 οὔτε
1442 2656 1499 2720 ὑπὸ
1546 2666 1552 2679 ’

253 2762 313 2820 τῶν
334 2756 448 2820 ὑδάτων
469 2759 528 2819 τῶν
549 2754 723 2840 κινουμένων
743 2754 953 2840 περιφέρονται,
976 2755 1036 2834 ἀλλ’
1056 2755 1102 2820 ἐπ’
1122 2757 1237 2826 εύθείας
1258 2757 1304 2821 ἀεὶ
1319 2760 1368 2823 καὶ
1388 2759 1498 2823 τούτων

254 2858 345 2924 ὄντων
368 2860 501 2943 δρῶμεν,
528 2859 554 2922 εἰ
575 2861 594 2943 ἡ
617 2859 769 2943 ἐπιφάνεια
795 2862 846 2921 τοῦ
869 2858 972 2928 ύδατος
998 2859 1029 2921 ἐν
1051 2858 1150 2945 ταύτῷ
1177 2859 1270 2943 μένοις
1304 2858 1346 2925 ἔτι
1367 2866 1431 2932 πῶς
1452 2860 1500 2925 διά

211 2979 240 3024 τε
253 2967 312 3053 τῶν
334 2966 460 3047 στερεῶν
483 2965 630 3047 διαφανῶν
651 2962 682 3025 αἱ
703 2961 817 3030 ἀκτῖνες
838 2959 1016 3045 διέρχονται;
1039 2962 1067 3025 εἰ
1083 2961 1138 3046 γὰρ
1159 2962 1269 3047 λέγοιεν
1291 2963 1399 3049 πόρους
1421 2963 1500 3051 ἔχειν
1514 2980 1541 3023 ιο

253 3070 359 3141 ταῦτα,
385 3063 452 3150 ἦτοι
472 3065 574 3135 κενούς
593 3064 652 3134 ἕξει
673 3065 722 3128 καὶ
744 3061 825 3127 ἔσται
849 3086 876 3126 τι
901 3064 983 3127 κενδν
1005 3064 1205 3149 ἀφωρισμένον
1233 3067 1252 3151 ἢ
1274 3069 1394 3153 πλήρεις
1415 3068 1500 3153 ἀέρος

252 3169 372 3254 ἤτινος
392 3167 484 3233 ἄλλου
506 3170 652 3252 σώματος,
673 3168 799 3231 καὶτοῦ
820 3170 905 3230 τοῦτο
927 3168 1073 3253 χωρησει;
1106 3171 1169 3238 πῶς
1191 3168 1224 3232 δὲ
1245 3171 1294 3233 καὶ
1315 3171 1430 3240 πλείους
1451 3171 1500 3234 διὰ

254 3275 306 3336 τοῦ
328 3271 418 3336 αδτοδ
441 3270 633 3355 όφθήσονταις
668 3269 759 3333 πλείω
780 3268 835 3353 γὰρ
858 3272 981 3351 σώματα
1006 3270 1053 3333 διὰ
1074 3275 1134 3333 τῶν
1158 3270 1254 3335 αδτῶν
1276 3270 1374 3357 πόρων
1396 3273 1501 3337 διελεύ-

255 3397 345 3440 σεται.
389 3372 488 3438 έπειτα
513 3372 561 3438 διδ
588 3373 747 3458 τίσυνεχῆ
773 3372 811 3435 τὰ
835 3373 960 3456 διαφανῆ
991 3374 1108 3456 όροῖται;
1143 3373 1247 3456 μόνους
1267 3374 1322 3460 γὰρ
1349 3373 1409 3439 έδει
1434 3376 1501 3446 τοδς

213 3494 243 3540 ε)
256 3475 364 3564 πόρους
383 3475 481 3541 αδτιῖιν
504 3477 629 3561 δρᾶσθαι
650 3477 670 3559 ἢ
693 3475 897 3539 διαλείπουσοίν
916 3499 949 3559 γε
970 3476 1023 3559 τὴν
1045 3454 1212 3561 έπιφάνειαύ
1232 3476 1344 3555 αὐτῶν,
1366 3477 1499 3562 καθάπερ

253 3588 314 3646 τῶν
334 3580 487 3645 κοσκίνων.
533 3578 641 3663 όμοίως
663 3578 696 3641 δὲ
717 3578 765 3641 καὶ
786 3577 823 3640 τδι
848 3576 885 3641 δι’
912 3577 1008 3641 αὐτῶν
1030 3578 1166 3663 δρώμενα
1191 3578 1405 3644 ἐπισκοτεῖσθαι
1433 3576 1501 3655 ἔδει,

254 3684 335 3749 καθά
361 3684 403 3767 μὴ
430 3681 536 3767 πόρους
562 3678 626 3767 ἔχει
652 3679 689 3744 τό
714 3681 849 3765 διαφανῆ.
893 3678 984 3744 πόθεν
1006 3682 1039 3744 δὲ
1064 3682 1111 3745 ιιαλ
1138 3683 1171 3745 τὸ
1198 3686 1334 3745 τοσοῦτον
1362 3687 1449 3766 σῶμα
1471 3682 1542 3744 ἐνεο

254 3788 340 3872 ἡμῖν,
370 3786 515 3850 ὥστεκαὶ
545 3783 632 3869 μέχρι
658 3786 716 3846 τῶν
742 3782 856 3868 ἄστρων
878 3783 1078 3866 ἐκπέμπεσθαι
1104 3784 1152 3848 καὶ
1176 3782 1254 3848 τοῦτ’
1281 3785 1355 3850 ἐστιν
1378 3785 1409 3848 έν
1431 3785 1501 3868 ἡμῖν

201 4064 218 4119 9
236 4063 341 4135 πλήρεις
357 4062 419 4115 VK:
437 4061 539 4133 πληρτὶς
556 4077 584 4114 οι
602 4060 711 4113 fortasse
729 4058 753 4112 τί
767 4077 796 4128 γε
812 4059 871 4130 (μή)
888 4057 991 4132 πλήρεις
1062 4058 1095 4112 10
1111 4059 1140 4114 τδ
1158 4062 1204 4129 τῆς
1222 4059 1268 4125 m¹,
1285 4061 1331 4129 τῆς
1349 4059 1386 4111 ω’
1397 4060 1433 4112 V:
1451 4063 1497 4130 της
1514 4061 1556 4115 Ka

201 4154 309 4222 (αστμιιε
326 4151 392 4217 quod
409 4150 433 4200 ίπ
448 4149 546 4216 pupilla
564 4151 645 4200 ιάεετε
663 4148 740 4212 τοῖσι)
768 4147 799 4200 cf.
818 4152 893 4200 τοῦτο
911 4146 940 4200 τὸ
959 4153 1033 4215 σῶμα
1050 4147 1080 4200 τό
1097 4153 1150 4200 τῶν
1168 4146 1192 4200 ά.
1214 4147 1306 4213 limi)
1341 4147 1412 4200 τουτὶ
1429 4145 1458 4200 τό
1477 4146 1555 4220 ῥεῦμα

200 4239 230 4293 τδ
248 4242 297 4310 τῆς
314 4237 399 4308 όψειος
418 4236 511 4302 1283ss
621 4236 651 4289 16
675 4250 755 4304 supra
772 4235 815 4288 καλ
832 4251 857 4288 v.
871 4250 894 4288 c.
912 4250 957 4287 συν
974 4236 1119 4303 scripsitv
1224 4235 1308 4304 μεῖζον
1326 4235 1431 4303 scripsi:
1448 4237 1485 4307 μή
1504 4242 1555 4306 μιϊ-

200 4327 246 4389 ζεν
262 4326 330 4379 vida
411 4325 442 4378 19
460 4323 564 4378 ῖλαττον
582 4323 628 4390 m',
646 4321 687 4377 ἀπ’
708 4321 811 4376 έλαττον
829 4340 853 4376 ν.
866 4339 888 4377 c.
907 4324 943 4375 V:
961 4321 1001 4375 ἐπ’
1022 4322 1185 4378 1λαττον11α
1259 4322 1289 4376 τό
1307 4323 1408 4378 addidit
1426 4324 1555 4379 [Ισειιετυε

201 4414 238 4468 30
254 4417 376 4485 πετοῖσαν
392 4413 435 4466 Ka
539 4411 577 4465 ῖτι
593 4429 621 4464 τι
638 4416 694 4469 πῶς
711 4410 779 4480 κτλ]
799 4410 831 4464 οῖ.
850 4410 892 4464 ΑΙ.
910 4411 942 4464 de
959 4426 1028 4464 sens.
1047 4410 1158 4475 ddi-7
1264 4411 1296 4465 21
1316 4411 1353 4465 ῖτι
1370 4406 1404 4464 δῖ’
1414 4411 1440 4464 αλ
1457 4411 1556 4470 ἀκτῖνες

201 4500 272 4571 κτλ]
290 4498 380 4554 σ1.ῖτι
396 4504 452 4558 πῶς
469 4498 499 4552 οδ
511 4499 658 4570 συηχίονται
676 4498 698 4550 oi
710 4502 817 4551 τοιοῦτοι
834 4496 915 4564 τύποι,
932 4497 1031 4552 ἐπειδὰν
1049 4497 1093 4571 ρίη
1111 4498 1141 4555 τό
1152 4496 1229 4573 ὕδωρ,
1247 4498 1277 4553 τό
1295 4498 1321 4553 di
1340 4498 1411 4564 αύτό,
1428 4498 1450 4552 τί
1468 4498 1511 4551 καλ
1529 4498 1555 4551 όν

202 4590 257 4660 ἀέρι
273 4592 373 4656 πνεῦμα
391 4586 454 4640 πολὺ
472 4586 510 4657 τίη
531 4586 606 4652 134,9
685 4585 719 4639 23
737 4586 923 4656 παραφέρονται
938 4586 1069 4640 Ποοιιειυο
1144 4585 1302 4640 καὶτούτων
1321 4585 1388 4655 κτλ]
1407 4586 1555 4654 διωρίσω

101 4746 104 4753 Ι
201 4676 292 4730 fluviis
310 4677 395 4730 dicere
412 4674 522 4740 videtur,
539 4689 648 4743 quorum
668 4673 760 4726 vadum
780 4675 902 4741 perlucet,
920 4673 1015 4726 dumne
1028 4673 1179 4742 superficies
1196 4676 1345 4742 perturbata
1363 4674 1405 4726 sit.
1423 4673 1469 4726 sed
1480 4673 1556 4740 plura

203 4762 359 4818 exciderunt
427 4762 461 4815 26
480 4762 524 4815 καλ
541 4762 610 4816 ῖσται
628 4762 681 4814 Ka:
699 4759 716 4832 ή
734 4760 803 4814 ῖσται
821 4764 844 4815 V
918 4760 935 4832 1]
954 4760 1055 4832 πλήρεις
1073 4777 1114 4814 ex.
1132 4761 1212 4814 Vici:
1232 4758 1248 4830 ἡ
1267 4759 1359 4833 πλῆρες
1377 4775 1404 4813 οι
1422 4756 1514 4827 πλῆρες
1532 4758 1556 4810 V

204 4851 240 4904 28
257 4851 369 4904 sortasse
386 4847 491 4918 ὄψονται
581 4849 699 4919 σώματος
716 4849 757 4903 Κε
844 4847 876 4902 31
897 4845 1091 4917 ἐπισκοτεῖσθαι]
1111 4866 1119 4900 ι
1136 4848 1165 4901 in
1183 4847 1254 4900 lit.V
1346 4846 1381 4901 32
1398 4845 1427 4899 τό
1445 4861 1496 4898 om.
1514 4844 1556 4898 Κε

205 4936 240 4990 33
256 4937 370 5006 ἀστέρων
387 4937 429 4991 Ka
534 4938 578 4991 καλ
595 4936 680 5006 τοῦτ’]
697 4938 807 4992 fortasse
825 4938 868 4990 καλ
885 4940 942 4988 που

256 5044 367 5095 summ
380 5044 447 5085 επιι
460 5044 489 5084 ιι,
503 5045 608 5084 mannua.
622 5045 643 5084 d.
658 5045 741 5085 ιιιιιι.
1241 5008 1246 5017 ’
1334 5022 1355 5087 9
