3540 5610
638 317 694 388 [οι
711 321 824 374 Αυιιικ
841 316 944 373 LIBER
961 319 1088 388 Αιιιιι]
1480 318 1541 384 105

241 492 334 574 χαίρει
356 494 404 555 καὶ
427 493 567 577 ὀργίζεται
594 496 626 556 τὸ
651 496 702 577 τὴν
725 495 822 578 ψυχὴν
846 492 931 577 ἔχον,
959 490 1017 556 ἀλλ’
1047 494 1114 578 οὸχί
1142 496 1159 576 ὴ
1183 494 1281 577 ψυχὴ·
1315 496 1415 556 πᾶσαι
1431 491 1485 575 γὰρ

242 595 271 655 αἱ
292 595 444 677 λεγόμεναι
466 602 518 680 τῆς
533 602 630 682 ψυχῆς
651 599 776 680 κινήσεις
799 601 848 658 τοῦ
872 597 1088 681 συναμφοτέρου
1111 601 1160 659 τοῦ
1184 593 1292 667 ζώντὸς
1314 595 1394 658 εἰσιν.
1431 594 1487 656 εἰσί

241 697 272 758 δὲ
292 699 322 758 αί
345 704 397 781 τὴς
419 705 516 784 ψυχῆς
539 702 672 781 δυνάμεις
697 700 774 768 τάξιν
802 696 923 782 ἔχουσαι
945 701 1016 783 πρὸς
1039 700 1175 783 ἀλλήλας.
1217 701 1237 781 ὴ
1262 699 1313 782 μὲν
1335 699 1389 781 γάρ
1411 696 1486 759 ἐστιν

242 798 336 863 αὐτῶν
364 805 481 887 πρώτη,
511 804 530 885 ὴ
557 803 589 864 δὲ
616 801 751 884 δευτέρα,
777 804 796 884 ὴ
823 802 855 864 δὲ
881 802 928 864 ἐπὶ
951 803 1074 871 ταύταις.
1121 806 1241 886 σημεῖον
1269 802 1301 863 δὲ
1323 802 1420 864 τοῦδε·
1454 799 1527 860 τδιι

217 903 291 985 ιμὲν
313 903 368 988 γὰρ
388 909 507 989 πρώτην
530 904 599 989 ἔχον
622 903 683 967 οἴύν
706 928 737 966 τε
759 906 799 986 μὴ
823 884 955 988 μετέγειν
978 911 1030 989 τὴς
1052 903 1198 987 δευτέρας,
1222 905 1273 987 τὴν
1296 905 1328 966 δὲ
1350 902 1486 985 δευτέραν

244 1006 381 1069 ἀδύνατον
404 1006 482 1092 ἔχειν
504 1007 572 1071 αῖνευ
594 1013 647 1090 τῆς
669 1010 795 1091 πρώτης.
830 1007 877 1070 καὶ
900 1005 961 1070 ἔστι
984 1011 1083 1092 πρώτη
1107 1008 1159 1091 μὲν
1181 1008 1200 1090 ὴ
1223 1008 1361 1090 θρεπτική
1385 1007 1486 1068 τεκαὶ

164 1094 166 1099 ,
241 1108 377 1193 αὐξητικὴ
405 1113 452 1174 καὶ
479 1113 645 1196 γεννητική,
673 1111 709 1193 ἢν
737 1111 834 1194 ψυχὴν
857 1108 920 1196 ἔχει
947 1113 995 1174 καί
1022 1111 1057 1173 τὰ
1083 1111 1172 1196 φυτά·
1202 1109 1236 1171 οὐ
1259 1110 1327 1192 γάρ,
1354 1109 1395 1177 ὥς
1416 1131 1488 1176 τινες

242 1213 389 1304 ἡγοῦνται,
412 1214 496 1298 φύσις
517 1218 616 1285 τοῦτο,
641 1213 716 1276 ἀλλὰ
738 1219 837 1297 ψυχῆς
858 1213 976 1296 δύναμις
998 1215 1017 1296 ὴ
1040 1218 1156 1298 πρώτη,
1179 1214 1242 1277 ἐπεί
1264 1213 1348 1298 φύσιν
1370 1234 1402 1294 γε
1423 1210 1487 1296 ἔχει

242 1315 286 1376 καὶ
314 1315 350 1376 τὰ
374 1318 452 1378 ἁπλοῖ
479 1323 536 1378 τῶν
559 1318 719 1399 σωμάτων,
747 1316 806 1378 ἀλλ’
835 1314 917 1378 οὔπω
946 1321 998 1399 ζῆν
1025 1341 1119 1401 φαμεν
1142 1321 1240 1379 ταῦτα.
1285 1341 1303 1398 η
1327 1315 1380 1397 γὰρ
1404 1315 1487 1398 φύσις

211 1430 231 1474 ιο
244 1416 319 1502 α’ρχὴ
335 1420 479 1502 κινήσεώς
501 1421 586 1483 ἐστιν.
620 1419 708 1481 πλέον
730 1419 763 1481 δέ
785 1443 811 1481 τι
833 1419 852 1501 ὴ
875 1419 948 1482 κατὰ
971 1419 1075 1502 ταύτην
1098 1419 1161 1504 ἔχει
1185 1420 1218 1482 τὰ
1233 1421 1322 1502 φυτά·
1347 1416 1410 1501 ἔχει
1432 1417 1485 1502 γὰρ
1500 1435 1528 1477 ιιι

243 1524 286 1583 καὶ
309 1523 341 1583 τδ
357 1521 394 1583 δι’
415 1522 510 1584 αύτών
526 1522 685 1606 τρέφεσθαί
699 1544 730 1584 τε
750 1522 798 1583 καί
814 1520 952 1590 αὔξεσθαι
973 1523 1021 1583 καὶ
1036 1522 1184 1607 γεννητικὰ
1208 1522 1352 1585 εἶναιτῶν
1369 1523 1486 1604 ὁμοίων,

243 1624 259 1685 ἃ
279 1624 354 1687 κατὰ
376 1625 409 1686 τδ
436 1630 488 1708 ζῆν
511 1627 643 1708 ὁρίζεται.
688 1625 721 1686 ιδ
744 1624 776 1686 δὲ
799 1627 851 1707 ζῆν
874 1625 1016 1708 παρουσίᾳ
1042 1630 1148 1709 ψυχῆς.
1194 1625 1313 1707 δευτέρα
1335 1625 1368 1687 δὲ
1389 1628 1488 1708 ψυχῆς

242 1725 355 1806 δύναμίς
378 1728 454 1791 ἐστιν
477 1730 496 1810 ὴ
519 1728 686 1811 αἰσθητικὴ,
708 1722 728 1811 γ]
754 1727 789 1788 τὰ
812 1731 875 1810 ζῷα
895 1728 1028 1809 ὁρίζεται,
1051 1727 1086 1809 ὴν
1107 1726 1164 1812 υἰνχ
1186 1726 1247 1790 οίὸν
1269 1751 1300 1789 τε
1321 1727 1413 1810 χωρὶς
1434 1731 1486 1810 τὴς
1509 1748 1517 1764 “

244 1832 358 1913 πρώτης
381 1828 468 1914 ἔχειν.
506 1831 541 1892 τὰ
565 1831 660 1912 μέντοι
683 1830 759 1914 φυτὰ
781 1831 831 1911 τὴν
855 1831 1012 1912 θρεπτικὴν
1035 1831 1132 1912 ψυχὴν
1155 1827 1261 1914 ἔχοντα
1283 1831 1335 1912 τὴν
1357 1830 1486 1912 αἰσθητι-

213 1932 295 2012 ιικὴν
318 1930 372 1994 οὐκ
395 1931 467 2017 ἔχει.
506 1933 553 1997 ἐπὶ
576 1934 610 2019 δέΙ
629 1933 743 2001 ταύταις
765 1939 826 2001 ταῖς
849 1933 1000 2014 δυνάμεσίν
1022 1934 1082 1996 ἐστι
1104 1933 1136 1994 τδ
1160 1933 1315 2015 ὁρμητικὸν
1340 1936 1487 2015 συνεζευγ-

243 2035 323 2114 μένον
346 2041 388 2119 τῷ
412 2036 590 2120 αἰσθητικῷ·
618 2034 776 2118 οὐδὲνγὰρ
799 2035 903 2120 ὄφελος
924 2039 984 2103 τοῖς
1005 2032 1093 2119 ζῴοις
1114 2036 1281 2118 αἰσθήσεως
1305 2037 1344 2119 μὴ
1369 2037 1486 2119 ἐνυπαρ-

241 2137 347 2220 χούσης
371 2140 476 2221 ὁρμῆς·
508 2143 592 2201 τοῦτο
614 2139 668 2222 γὰρ
690 2140 786 2221 πάσης
808 2137 887 2221 ἀρχὴ
914 2137 1053 2219 πράξεως.
1097 2139 1145 2202 καί
1168 2142 1256 2200 ταῦτα
1279 2139 1331 2221 μὲν
1354 2140 1527 2221 οἰναγκαι-κσ

242 2236 327 2302 ὁτατα
349 2242 398 2304 καί
417 2246 517 2325 πρώτα
541 2242 627 2325 μύρια
650 2247 701 2325 τὴς
716 2246 815 2326 ψυχῆς
837 2241 910 2323 τρία,
932 2242 1014 2303 κοινά
1036 2245 1122 2303 πᾶσιν
1145 2239 1213 2303 ὄντα
1236 2247 1294 2309 τοῖς
1318 2238 1413 2325 ζῴοις.
1436 2266 1486 2326 φυ-

242 2342 325 2416 τικόν,
349 2344 527 2425 αἰσθητικόν,
551 2344 716 2429 ὁρμητικὸν,
744 2345 864 2407 ἕκαστον
887 2344 982 2406 αὐτῶν
1006 2346 1150 2429 χρήσιμον
1174 2344 1205 2407 δν
1228 2344 1298 2428 πρός
1320 2369 1345 2406 τι
1367 2345 1486 2418 τούτων,

209 2443 268 2505 ιιέν
291 2445 334 2513 οἷς
357 2450 400 2530 τηῖ
425 2443 496 2532 ζώω
524 2449 556 2510 τὸ
579 2446 660 2510 εἶναι.
705 2445 840 2531 ἔστιγὰρ
867 2445 936 2530 ἔργα
964 2452 1012 2510 τοὸ
1037 2444 1116 2532 ζῴου
1143 2449 1332 2531 πρῶτονμὲν
1359 2448 1392 2510 τδ
1413 2447 1486 2510 εἷναί

243 2551 340 2611 τεκαὶ
365 2555 427 2632 ζῇν,
450 2550 582 2634 δεύτερον
605 2551 637 2614 δὲ
657 2551 746 2633 κρίσις
768 2555 825 2612 τών
841 2550 1087 2632 προσπιπτόντων,
1110 2550 1158 2612 ἐπὶ
1180 2551 1213 2613 δὲ
1228 2551 1336 2619 τούτοις
1359 2551 1486 2633 ἐνέργειά

241 2675 269 2713 τε
291 2654 336 2714 καὶ
360 2654 469 2735 πρᾶξις.
513 2656 532 2737 ὴ
557 2654 607 2734 μὲν
631 2651 681 2716 οὖν
703 2654 808 2736 φυτικὴ
835 2659 886 2737 τὴς
908 2658 1006 2737 ψυχῆς
1029 2651 1145 2735 δύναμις
1172 2654 1214 2722 εἰς
1235 2655 1267 2716 τδ
1290 2653 1365 2716 εἰναί
1384 2677 1415 2716 τε
1437 2654 1497 2716 καί·

241 2758 290 2837 ζὴν
311 2760 354 2838 τῷ
380 2753 450 2840 ζῴῳ
473 2760 613 2836 συντελεῖ,
636 2759 655 2839 ὴ
678 2757 711 2819 δὲ
725 2756 881 2839 αἰσθητικὴ
905 2758 976 2840 πρὸς
999 2756 1049 2838 τὴν
1072 2757 1171 2840 κρίσιν,
1194 2758 1265 2840 πρὸς
1288 2757 1374 2819 δὲτὸ
1397 2757 1485 2839 πράσ-

242 2878 297 2919 σειν
319 2858 353 2920 τὸ
377 2857 542 2942 ὁρμητικύν.
582 2860 682 2943 πρᾶξις
704 2860 736 2921 δέ
759 2859 818 2922 ἐστι
841 2859 946 2943 κυρίως
969 2855 1047 2943 ζῴου
1074 2861 1093 2941 ὴ
1118 2858 1191 2940 μετὰ
1213 2860 1403 2943 συγχρήσεως
1426 2866 1483 2923 τών
1497 2878 1525 2919 ιο

209 2963 397 3045 θὸργανικών
427 2964 478 3023 τοῦ
507 2963 642 3042 σώματος
669 2964 777 3046 μυρίων
801 2961 942 3045 ἐνέργεια,
974 2965 1014 3031 ώς
1037 2963 1069 3024 τδ
1093 2962 1231 3046 βαδίζειν,
1264 2964 1304 3030 ώς
1326 2962 1359 3024 τδ
1381 2963 1482 3043 λέγειν.
1520 2974 1523 2979 “

240 3067 388 3146 διαιρεῖται
408 3063 441 3125 δὲ
463 3065 482 3146 ὴ
507 3064 558 3146 μὲν
582 3064 722 3147 θρεπτικὴ
745 3064 863 3148 δύναμις
889 3064 930 3134 εἰς
953 3088 984 3126 τε
1006 3065 1038 3126 τὸ
1061 3063 1174 3148 τρέφειν
1201 3067 1249 3128 καὶ
1272 3065 1313 3133 εἰς
1335 3067 1367 3127 τδ
1390 3064 1483 3135 αὔξειν

239 3169 283 3228 καί
305 3167 346 3234 εἰς
369 3166 402 3228 τδ
425 3170 539 3247 γεννᾶν,
567 3168 585 3250 ὴ
610 3167 642 3229 δὲ
664 3167 821 3251 αἰσθητικὴ
849 3166 889 3237 εἰς
911 3190 943 3228 τε
969 3167 1001 3229 τδ
1024 3167 1216 3230 αἰσθάνεσθαι
1244 3169 1292 3230 καί
1314 3174 1483 3252 φαντασιού-

241 3270 305 3331 σθαι
332 3271 381 3331 καὶ
408 3270 441 3331 τὸ
470 3269 657 3352 μνημονεύειν
686 3272 733 3332 καὶ
761 3271 793 3332 τδ
817 3270 1092 3353 συγκατατίθεσθαι,
1120 3272 1152 3333 τὸ
1176 3272 1208 3333 δὲ
1231 3269 1385 3354 δρμητικὸν
1408 3272 1484 3334 ἐστιν

241 3372 335 3456 ώσπερ
358 3371 439 3440 τέλος
462 3394 488 3433 τι
509 3377 561 3455 τὴς
584 3372 741 3456 φαντασίας
763 3375 811 3435 καὶ
834 3379 886 3457 τὴς
908 3374 1159 3454 συγκαταθέσεως.
1195 3374 1300 3457 ταύτης
1321 3374 1375 3456 γὰρ
1398 3376 1483 3458 χάριν

210 3477 344 3538 κιὲκεῖνα.
379 3476 494 3544 πάντως
516 3474 569 3558 γὰρ
592 3480 644 3558 τὴς
668 3476 719 3558 μὲν
742 3476 835 3560 ὁρμῆς
856 3478 969 3559 ἡγεῖται
992 3476 1213 3557 συγκατάθεσις,
1235 3477 1338 3559 ταύτης
1362 3477 1394 3539 δὲ
1416 3498 1484 3559 φαν-

241 3581 332 3642 τασία.
377 3579 478 3641 τούτου
502 3578 534 3640 δὲ
556 3583 607 3641 τού
630 3579 788 3662 ὁρμητικοῦ
815 3602 846 3641 τε
868 3580 916 3642 καί
939 3582 1095 3662 πρακτικοῦ
1124 3580 1155 3641 ιδ
1184 3577 1235 3662 μέν
1259 3578 1334 3641 ἐστιν
1357 3581 1398 3649 ώς
1420 3581 1524 3662 ὴγε-ιι

242 3680 370 3762 μυνικύν,
393 3683 425 3744 τδ
449 3681 481 3743 δὲ
504 3683 544 3749 ώς
567 3680 754 3764 ὑπηρετικόν,
778 3682 948 3764 ὴγεμονικὸν
972 3682 1023 3766 μὲν
1045 3682 1078 3744 ιδ
1102 3682 1182 3750 ἰδίως
1204 3680 1358 3765 ὁρμητικὸν
1381 3685 1482 3745 τεκαὶ

241 3785 382 3866 ὁρεκτικδν
397 3785 586 3868 καλούμενον,
610 3785 641 3846 τὸ
664 3785 696 3846 δὲ
712 3784 808 3868 ἕτερον
828 3784 1080 3869 νευροσπαστικὸν,
1103 3784 1132 3846 ἐν
1149 3781 1174 3872 ηὸ
1192 3788 1239 3849 καί
1254 3786 1286 3847 τὸ
1309 3783 1481 3869 φωνητικύν.

241 3892 286 3949 τοῦ
309 3887 341 3950 δὲ
369 3888 527 3970 ὁρμητικοῦ
554 3887 615 3950 ἐστι
642 3886 720 3951 τότ’
749 3889 903 3971 ἐπιθυμεῖν
926 3890 973 3951 καί
996 3889 1164 3972 θυμοῦσθαι
1185 3890 1233 3951 καὶ
1260 3888 1303 3962 ιδ,
1317 3888 1481 3972 βούλεσθαι.

201 4108 585 4178 121215÷21)„]ef.p.16‚19
691 4112 707 4163 4
736 4112 765 4164 τὸ
785 4114 893 4182 μὲνγὰρ
912 4112 980 4181 κτλ]
1000 4112 1032 4166 cf.
1051 4113 1208 4181 p.·29‚“26sq.
1315 4114 1329 4165 7
1354 4114 1398 4165 καὶ
1415 4132 1464 4182 γιν.
1483 4114 1536 4167 Va:

202 4210 220 4244 ιι
235 4198 270 4248 καί
288 4199 380 4266 γεν.Κ
474 4198 606 4268 γεννητική
627 4199 685 4250 VK:
705 4200 857 4270 γενητικὴυ
952 4201 981 4253 ού
999 4203 1028 4254 in
1046 4203 1118 4253 lit.v
1211 4201 1240 4254 ού
1258 4203 1313 4272 γάρ,
1332 4200 1368 4260 ώς
1385 4219 1449 4260 τινες
1467 4201 1536 4280 κτλ]

202 4281 224 4332 tf·
239 4301 258 4352 p.
269 4285 345 4350 3135
420 4287 451 4337 10
469 4284 545 4337 πλέον
563 4285 590 4337 δέ
608 4305 632 4337 τι
650 4284 665 4356 ὴ
686 4285 754 4354 κτλ]
770 4291 828 4352 plus
839 4288 926 4337 λαδειιι
936 4290 1045 4357 plantae,
1065 4307 1136 4355 quam
1148 4291 1262 4339 haberent
1279 4290 1410 4340 secundum
1423 4302 1535 4341 naturam

202 4372 259 4422 ωίωιι
277 4374 307 4424 cf.
326 4371 378 4425 ἀλλ’
401 4372 494 4430 ἐκεῖνος
512 4372 587 4425 πλέον
605 4391 629 4425 τι
647 4375 714 4445 παρὰ
732 4378 821 4426 τοῦτον
840 4375 892 4448 ἔχει
911 4376 1041 4442 p.109‚24
1082 4412 1084 4416 »
1148 4375 1200 4449 ἔχει
1217 4377 1264 4447 γὰρ
1282 4375 1351 4444 κτλ]
1371 4376 1403 4428 τί.
1423 4394 1447 4445 p.
1458 4377 1518 4442 313

205 4455 224 4508 11
241 4459 318 4511 σύτών
339 4461 402 4512 vlia
486 4461 516 4513 12
536 4461 552 4511 ἃ
571 4459 647 4528 κατὰ]
666 4461 775 4514 fortasse
794 4459 893 4514 καθἰἰ
967 4463 1095 4535 παρουσία
1108 4464 1148 4516 Ka
1225 4465 1256 4516 14
1275 4466 1360 4532 μέντοι
1379 4465 1414 4516 V:
1433 4465 1477 4532 μὲν
1495 4466 1536 4518 Ka

206 4542 227 4596 15
249 4547 284 4598 ἐπὶ
303 4549 322 4598 1'
343 4565 384 4601 ex.
403 4550 474 4600 vict:
496 4549 549 4600 ἐπεί
565 4549 607 4600 Ka
725 4547 863 4619 ὁρμητικὸν
883 4551 934 4602 Va:
954 4549 1126 4622 δρεκτικὸνΚ
1244 4553 1276 4604 18
1303 4552 1408 4621 φυτικόν
1427 4554 1534 4620 scripsi:

203 4635 285 4693 Ινισικύν
306 4636 369 4688 1'Ka
474 4635 508 4687 ⁶20
525 4639 562 4704 τηῖ
581 4634 639 4706 ζῴῳ
660 4637 694 4688 V:
712 4635 742 4688 τδ
760 4636 820 4704 ζώῳ
839 4638 879 4689 Ka
984 4637 1017 4688 22
1037 4639 1130 4708 φυσικὴ
1150 4640 1256 4706 scripsi:
1276 4640 1369 4710 φυσικὴ
1390 4641 1454 4693 VKa

204 4719 228 4768 '18
242 4722 265 4772 τὸ
281 4721 303 4773 δ’
324 4721 463 4791 ὁρμητικύν
482 4723 549 4791 κτλ]
569 4725 601 4777 cf.
621 4725 779 4793 p.73‚183q.
863 4724 896 4777 33
916 4724 1046 4795 ύρικτικδν
1068 4727 1125 4778 λ’ἰίι
1145 4724 1290 4795 δρετικδνυ
1376 4727 1410 4779 34
1429 4726 1457 4779 τδ
1476 4731 1536 4794 post

204 4806 236 4855 καὶ
250 4824 293 4861 om.
311 4811 352 4862 Ka
476 4809 608 4879 βούλεσθαι
626 4830 666 4864 ex.
688 4815 759 4864 vict:
785 4810 945 4881 βουλεύεσθαι
965 4813 1028 4864 VKa
1047 4813 1199 4865 ef.146v11
1224 4813 1276 4866 ἔστι
1294 4813 1321 4866 δί
1339 4818 1383 4866 τοῦ
1402 4813 1534 4886 ὁρεκτικυύ

205 4892 236 4942 καί
250 4901 289 4948 τοῦ
306 4895 445 4968 ὁρμητικοῦ
463 4899 492 4951 τύ
510 4917 538 4952 τε
556 4898 684 4968 ἐπιθυμεῖν
703 4900 747 4951 καί
765 4898 794 4952 τδ
813 4897 954 4969 θυμοῦσθαι
971 4901 1016 4952 καί
1033 4900 1062 4953 τὸ
1082 4898 1212 4973 βούλεσθαι
