3540 5610
203 306 245 372 30
680 307 879 362 ALEXANDRI
904 306 947 361 DE
970 306 1078 360 ANlllh

257 480 372 551 ἁπάσας
391 483 529 565 δυνάμεις
550 481 641 566 αὐτῆς
663 479 752 566 ἔχειν,
775 479 809 542 οὐ
829 483 931 543 πασῶν
954 485 1011 543 τῶν
1034 480 1143 547 ἐκείνας
1166 480 1302 564 ἐχουσῶν
1326 481 1372 543 καλ
1396 479 1504 543 τούτων

255 589 400 647 κοινωνεῖν
424 583 598 669 δυναμένων.
644 585 691 649 διὰ
718 588 802 647 τοῦτο
829 582 882 666 γὰρ
909 583 1000 646 καίτοι
1022 585 1137 645 πολλῶν
1165 581 1260 646 οδσῶν
1287 588 1344 645 τῶν
1373 587 1505 667 ψυχικῶν

233 661 416 770 ’δυνάμεων
440 687 469 749 ἐν
492 687 536 756 οἷς
557 689 575 770 ἠ
599 687 699 770 λογικὴ
724 687 842 769 δύναμίς
864 685 933 756 ἐστι,
958 685 1008 766 μία
1029 687 1048 768 ῆ
1071 684 1101 754 ἐξ
1124 686 1245 748 ἁπασῶν
1267 687 1361 769 ψυχή,
1386 684 1428 747 ὅτι
1452 700 1508 767 μη-·

256 789 342 872 δεμία
364 795 421 852 τῶν
445 789 571 873 ύστέρων
595 791 745 872 δυνάμεων
757 789 837 852 ,ἄνευ
860 782 912 870 τῆς
935 789 989 871 πρὸ
1012 787 1102 870 αὐτῆς
1125 789 1171 850 οία
1191 811 1221 849 τε
1244 786 1327 859 εἶναι,
1350 784 1410 850 ἀλλ’
1431 786 1504 849 είσὶν

228 895 297 960 σῶς
319 891 392 975 μέρη
415 898 468 976 τῆς
490 892 581 975 αύτῆς
603 892 713 955 ἅπασαι
736 889 969 975 προστιθεμένων
994 896 1055 959 ταῖς
1071 892 1197 973 πρώταις
1219 895 1275 952 τῶν
1292 889 1432 972 δευτέρων
1456 891 1504 952 καὶ
1518 904 1547 948 εν

255 994 301 1057 διὰ
329 982 414 1057 τοῦτο
440 993 557 1080 αὔξησίν
584 1018 615 1058 τε
639 979 689 1057 καὶ
717 994 842 1082 ἑπιδοσιν
869 998 927 1055 τῶν
953 995 1076 1075 πρῶτων
1103 995 1324 1076 λαμβανουσῶν.
1373 992 1446 1065 κατὰ
1473 993 1505 1055 δὲ
1576 1072 1584 1087 ι

254 1098 306 1180 τῆν
329 1096 539 1181 προειρημένην
567 1103 624 1160 τῶν
647 1102 752 1181 ψυχῶν
781 1119 811 1158 τε
834 1097 881 1158 καὶ
905 1100 1037 1180 Ι’μυγικῶν
1060 1098 1210 1178 δυνάμεων
1239 1094 1377 1178 διαφοράν
1400 1096 1508 1183 γίνεταί
1535 1092 1543 1109 ’

254 1224 296 1269 τις
321 1202 369 1263 καὶ
396 1205 453 1263 τῶν
480 1200 621 1284 ἐμψύχων
655 1199 803 1282 κοινοτέρα
835 1198 983 1282 διαίρεσις,
1017 1195 1084 1261 καθ’
1113 1199 1148 1282 ῆν
1175 1197 1294 1279 λέγομεν
1320 1200 1377 1258 τῶν
1405 1199 1503 1281 ψυχὴν

256 1302 385 1387 ἐχύντων
407 1304 443 1366 τὰ
467 1305 518 1386 μὲν
541 1301 614 1364 εἶναι
628 1305 716 1385 φυτά.
730 1301 775 1363 ’τά
797 1301 829 1363 δὲ
851 1304 924 1385 ζῷα,
947 1303 994 1363 καὶ
1017 1306 1075 1362 τῶν
1098 1297 1183 1385 ζῴων
1206 1301 1241 1362 τὰ
1264 1301 1314 1383 μὲν
1336 1301 1446 1382 λογικά,
1469 1299 1505 1362 τὰ

216 1419 243 1464 10
256 1406 289 1469 δὲ
316 1405 416 1488 άλογα.
468 1405 524 1468 ὅσα
551 1405 603 1484 μὲν
629 1405 684 1488 γὰρ
711 1405 806 1471 πάσας
832 1404 884 1471 τάς
911 1403 1118 1488 προειρημένας
1145 1405 1278 1487 δυνάμεις
1305 1402 1380 1486 ἔχει,
1414 1407 1504 1465 ταῦτα

255 1509 356 1590 λογικά
379 1532 408 1570 τε
428 1511 475 1570 καὶ
498 1508 593 1571 τέλεια
616 1508 674 1570 άπδ
700 1512 752 1590 τῆς
774 1508 951 1589 κυριωτάτης
974 1511 1032 1569 τῶν
1055 1507 1085 1568 ἐν
1112 1506 1209 1574 αὐτοῖς
1231 1508 1380 1589 δυνάμεων
1403 1504 1545 1569 καλού-ετι

255 1635 335 1695 μενα.
381 1615 493 1674 τοιοῦτο
516 1611 548 1673 δὲ
575 1612 591 1672 δ
615 1610 769 1694 ἄνθρωπος
798 1613 874 1693 ζῷον
898 1608 994 1691 μόνον.
1039 1610 1075 1672 τὰ
1101 1611 1133 1671 δὲ
1160 1608 1246 1690 λύγου
1275 1609 1326 1692 μὲν
1350 1609 1390 1691 μῆ
1413 1632 1503 1671 κεκοι-

256 1713 415 1798 νωνηκότα,
438 1713 574 1797 αἴσθησιν
597 1714 629 1775 δὲ
652 1710 767 1798 ἔχοντα,
791 1711 882 1795 ἄλογα
906 1716 971 1796 ζῷα
992 1713 1094 1789 πάντα,
1116 1712 1152 1772 τά
1167 1734 1197 1773 τε
1214 1713 1284 1795 πρὸς
1306 1716 1342 1794 τῆ
1368 1712 1504 1794 αἰσθήσει

254 1819 303 1881 καὶ
325 1819 377 1899 τὴν
400 1816 473 1878 κατὰ
496 1815 583 1879 τύπον
606 1816 751 1900 κινητικὴν
775 1812 880 1899 ἔχοντα
903 1816 951 1877 καὶ
974 1815 1009 1876 τὰ
1031 1815 1121 1898 χωρὶς
1145 1813 1251 1897 ταύτης
1272 1814 1400 1897 ἐκείνην,
1427 1814 1502 1877 κατὰ

217 1937 243 1980 15
256 1920 396 1983 ἀπουσίαν
423 1921 470 1981 καὶ
495 1918 625 2002 στέρησιν
653 1923 705 2001 τῆς
731 1919 911 2001 κυριωτάτης
938 1918 1089 1999 δυνάμεως
1117 1917 1209 1984 οὕτως
1230 1916 1403 2000 καλούμενα.
1449 1916 1505 1980 ὅσα

255 2025 288 2087 δὲ
310 2023 366 2086 ύπδ
388 2027 441 2104 τῆς
465 2022 619 2104 θρεπτικῆς
641 2044 672 2083 τε
695 2020 931 2104 κάλ’-γεννητικῆς
955 2019 1044 2103 μύνης
1067 2022 1213 2082 διοικεῖται
1235 2022 1399 2103 δυνάμεως,
1427 2020 1503 2104 φυτὰ

255 2132 355 2191 ταῦτα.
393 2124 482 2206 οὔσης
504 2125 598 2187 τοίνυν
613 2123 747 2207 τοιαύτης
769 2129 820 2206 τῆς
840 2128 947 2208 ψυχῆς.
971 2125 1018 2185 καλ
1034 2123 1081 2185 διὰ
1097 2127 1180 2185 τοῦτο
1204 2125 1244 2206 μῆ
1265 2123 1426 2205 δυναμένης
1449 2124 1505 2185 ύπδ

254 2235 305 2294 τοδ
328 2233 424 2292 κοινού
447 2226 533 2308 λύγου
553 2227 723 2310 δηλωθῆναι
741 2226 903 2309 γνωρίμως,
927 2227 1078 2307 ἀναγκαῖον
1101 2212 1160 2294 τοῖς
1176 2228 1239 2309 περὶ
1262 2232 1359 2312 ψυχῆς
1374 2226 1503 2308 λέγουσιν
1517 2242 1545 2283 συ

257 2333 313 2416 ἰδία
336 2333 399 2415 περὶ
423 2331 546 2413 ἑκάστης
570 2334 626 2392 τῶν
649 2332 798 2411 δυνάμεων
821 2328 911 2411 αὐτῆς
934 2330 1112 2411 ποιήσασθαι
1135 2331 1183 2392 τὸν
1206 2329 1298 2411 λύγον.
1337 2329 1429 2397 ούτως
1450 2329 1504 2412 γὰρ

214 2436 342 2498 ιοδποία
367 2457 410 2502 τις
431 2433 507 2496 ἐστιν
534 2434 552 2514 ῆ
577 2432 660 2495 οὐσία
688 2456 719 2494 τε
750 2432 797 2494 καὶ
825 2433 844 2515 ῆ
868 2432 959 2516 φύσιξ
982 2431 1072 2514 αὐτῆς
1100 2434 1318 2516 φωραθήσεται.
1364 2429 1443 2495 ἔσται
1472 2433 1504 2495 δὲ

255 2542 324 2624 ῆμῖν
352 2539 367 2601 δ
392 2537 455 2620 περὶ
477 2534 572 2598 αὐτῶν
596 2534 684 2622 λύγος
712 2535 798 2619 μέχρι
825 2538 876 2596 τοῦ
901 2536 953 2618 τῆν
983 2538 1014 2596 τε
1043 2535 1128 2618 φύσιν
1151 2537 1275 2618 ἑκάστης
1302 2534 1398 2597 αὐτῶν
1421 2535 1505 2597 ἑνδεί·

255 2642 359 2711 ξασθαι
381 2641 428 2703 καὶ
451 2632 501 2707 τάς
524 2638 663 2722 διαφορὰς
684 2642 742 2699 τῶν
763 2638 924 2717 δυνάμεων.
958 2638 993 2700 τὰ
1013 2639 1066 2720 γάρ
1089 2640 1153 2720 περὶ
1176 2640 1301 2722 ἑκάστης
1315 2637 1411 2700 αὐτῶν
1435 2639 1503 2701 απο-

255 2743 371 2829 ρεῐσθαί
394 2766 425 2806 τε
454 2742 501 2804 καλ
530 2741 680 2824 ζητεῖσθαι
706 2741 849 2822 δυνάμενα
875 2741 1004 2809 πλείονος
1032 2745 1143 2824 σχολῆς
1173 2741 1296 2823 δεύμενα
1322 2740 1376 2802 οδκ
1398 2739 1431 2802 ἂν
1455 2739 1500 2823 εἴη

228 2830 230 2835 ⁵
256 2852 308 2930 τῆς
329 2843 520 2930 προκειμένης
548 2843 641 2905 οἰκεῖα
664 2843 869 2925 πραγματείας·
905 2844 977 2925 πρὸς
1001 2843 1054 2926 γὰρ
1083 2844 1114 2905 τδ
1144 2843 1294 2926 γνωρίμως
1321 2848 1504 2926 παραστῆσαι

214 2958 242 3010 25
254 2952 306 3034 τῆν
329 2955 380 3032 τῆς
403 2952 502 3032 ψυχῆς
524 2946 607 3029 φύσιν
630 2944 769 3025 ἐμποδὼν·
789 2948 808 3029 ῆ
827 2951 885 3008 τῶν
908 2946 973 3027 περὶ
997 2947 1121 3029 ἑκάστης
1143 2949 1292 3027 δυνάμεως
1314 2945 1404 3029 αὐτῆς
1428 2947 1502 3030 είρη-
1520 2964 1548 3005 er>
1572 2947 1586 2977 “·

254 3052 351 3135 μένων
375 3050 476 3113 τεκαὶ
499 3046 691 3133 ἠπορημένων
715 3047 908 3131 ἐπικύκλησις.
953 3048 1006 3111 οὐκ
1029 3048 1092 3110 ἐπεὶ
1116 3049 1189 3132 μέρη
1213 3049 1245 3110 δὲ
1266 3054 1319 3130 τῆς
1340 3054 1441 3134 ψυχῆς
1456 3052 1506 3115 Ιλε’-

255 3155 342 3238 γομέν
366 3176 436 3229 τινα,
467 3152 524 3235 ἤδη
548 3151 595 3212 καὶ
619 3150 741 3233 μέγεθος
763 3150 854 3234 αδτῆν
876 3155 1023 3234 ποιοῦμεν.
1068 3150 1178 3236 οὐγὰρ
1202 3140 1258 3213 πάν
1280 3153 1313 3245 rh
1337 3150 1410 3236 μέρη
1434 3152 1504 3238 ἔχον

254 3259 408 3340 ἀναγκαῖον
436 3254 509 3316 είναι
533 3251 656 3337 μέγεθός
682 3276 717 3314 τι.
762 3252 830 3316 οὐδὲ
856 3253 909 3336 γὰρ
937 3254 952 3314 ὁ
976 3254 1100 3337 άριθμδς
1127 3254 1248 3335 μέγεθος
1276 3255 1367 3318 καίτοι
1397 3258 1504 3336 συγκεί·

247 3382 341 3445 μενος
368 3357 402 3420 ἐκ
429 3361 533 3439 μερῶν.
578 3355 598 3438 ῆ
621 3355 654 3417 δὲ
680 3355 760 3440 ψυχὴ
789 3356 822 3418 ού
850 3356 936 3439 μύνον
963 3355 1019 3440 οὐχ
1047 3359 1087 3425 ῶς
1115 3357 1253 3438 μέγεθος,
1286 3357 1346 3420 ἀλλ’
1375 3357 1443 3422 οὐδὲ
1466 3360 1506 3429 ῶς

202 3614 256 3666 und
274 3614 321 3666 das
339 3615 498 3677 Wichligere
520 3615 644 3666 clienter
662 3615 697 3665 ist
716 3613 825 3667 hirwahr
847 3616 874 3667 in
898 3614 987 3667 diesen
1007 3615 1096 3681 (durch
1118 3615 1217 3680 dicsel)
1238 3615 1358 3678 lirirlten,
1382 3616 1437 3667 unrl
1459 3616 1493 3668 θα
1517 3616 1560 3671 dic

202 3702 288 3768 Senio,
311 3702 404 3754 welche
427 3702 497 3755 diesc
515 3700 604 3753 Krene
627 3700 684 3765 hat,
707 3702 772 3754 euch
796 3702 845 3754 alle
868 3702 982 3754 anderen
1001 3703 1089 3754 Kre'rhe
1113 3704 1157 3755 ιλιι
1176 3702 1248 3755 Sccle
1272 3704 1378 3777 henim,
1401 3705 1463 3756 aher
1485 3705 1560 3757 nicht

199 3789 259 3858 jede
277 3788 362 3854 Seele,
382 3789 475 3841 welche
494 3788 564 3840 (hese
583 3787 672 3840 Krilte
691 3790 792 3855 hesim,
811 3790 966 3857 vermigend
984 3791 1019 3841 ist
1037 3791 1114 3841 einen
1133 3791 1205 3842 'lhcil
1225 3805 1277 3841 ron
1296 3792 1374 3843 ihnen
1397 3809 1428 3843 zu
1448 3794 1559 3849 nehrncn

205 3876 232 3927 ll
254 3893 281 3927 τι
299 3876 342 3927 καὶ
361 3891 410 3927 orn.
525 3876 556 3927 14
579 3875 814 3947 τὴν-κινητικὴν]
833 3877 875 3930 <lic
894 3878 937 3929 irn·
948 3876 1008 3929 Orlc
1026 3878 1181 3945 bcwegendc
1199 3878 1292 3929 h'rnlt
1401 3880 1431 3931 17
1457 3881 1500 3932 καὶ
1519 3879 1558 3932 διὰ

201 3961 287 4030 τοῦτο]
306 3964 400 4031 incipit
418 3964 540 4031 apodesis
646 3962 679 4014 ‘2⁶2
698 3963 814 4035 διαφορὰς
831 3971 884 4016 τῶν
903 3962 1042 4032 δυνάμεων]
1062 3965 1140 4017 ilcren
1159 3968 1240 4018 Acten
1259 3967 1312 4018 und
1332 3967 1535 4020 Unlcrschiedcu

202 4049 306 4103 22-‘23
324 4048 641 4121 ἀπορεῖσθαι-δυνάμενα]
660 4066 712 4102 was
730 4052 871 4105 hezweilelt
890 4051 990 4105 werden
1008 4052 1079 4103 kann
1102 4052 1154 4104 und
1174 4054 1300 4107 erlorschl
1320 4056 1420 4108 werden
1440 4070 1510 4107 muss

202 4137 305 4190 24-26
332 4137 393 4208 πρὸς
412 4136 675 4207 γὰρ-ἐπικύκλησις]
694 4139 727 4191 δτι
745 4139 787 4191 die
805 4138 1011 4207 Beschilligung
1028 4140 1076 4192 mit
1094 4140 1139 4192 der
1157 4140 1325 4208 Speculnticn
1343 4142 1406 4195 riber
1424 4142 1483 4207 dns,
1506 4159 1558 4195 was

202 4240 254 4279 von
266 4227 315 4279 den
329 4224 466 4278 einzelnen
485 4225 552 4277 ihrer
564 4225 653 4279 Krene
671 4230 762 4295 gesegl
774 4227 846 4292 wird‚
863 4228 917 4280 und
932 4227 974 4279 die
987 4226 1101 4292 Zweiiel‚
1119 4227 1213 4281 welche
1227 4228 1336 4282 daniber
1349 4219 1558 4298 vorgelromrnen,

169 4346 173 4353 ·
203 4313 352 4382 bedringen
374 4313 429 4366 und
448 4312 631 4366 zurichhelten
655 4315 696 4366 ilie
715 4314 886 4367 Erlrenntniss
908 4315 954 4367 der
976 4313 1058 4366 Nelur
1079 4315 1124 4366 der
1146 4315 1231 4379 Seeh,
1254 4330 1283 4368 so
1302 4316 1362 4368 dass
1385 4317 1423 4369 sie
1445 4317 1558 4370 crlrnnnt

202 4400 286 4453 werde
389 4400 422 4451 28
441 4398 509 4467 οὐδὲ]
529 4400 604 4452 nicht
709 4400 742 4452 29
761 4401 837 4468 μόνον
855 4417 906 4454 om.

202 4629 218 4681 2
237 4628 381 4696 δυναμένων
399 4629 504 4696 scripsi:
523 4626 651 4694 δυνάμεων
671 4626 710 4677 Va
792 4592 879 4678 4τῶν
897 4642 947 4678 om.
966 4642 982 4685 a
1072 4625 1097 4676 ll
1120 4635 1181 4693 post
1198 4630 1241 4680 καὶ
1260 4602 1393 4697 paululum
1414 4646 1513 4682 erasnm
1533 4632 1556 4682 λ’

202 4715 319 4769 τελείασ
389 4716 451 4791 Ιἐν
469 4714 570 4785 αδτῆα
595 4746 610 4775 .
678 4712 708 4764 19
737 4710 818 4763 ίδίαε
924 4713 958 4765 23
986 4711 1121 4780 δυνάμενα]
1141 4714 1179 4765 rn'²
1197 4716 1222 4766 in
1243 4732 1322 4784 marg.
1342 4716 1479 4783 adscripsit
1498 4724 1558 4783 post

203 4801 336 4874 ζητεῖσθαι,
354 4818 405 4856 om.
424 4803 459 4855 αι’
478 4803 514 4854 V:
535 4816 619 4854 σοαπ
709 4798 742 4851 il
762 4802 961 4871 προιιημένηςα
1045 4801 1078 4851 25
1097 4800 1214 4869 ἐμποδῶν
1234 4803 1254 4851 l'
1344 4803 1377 4853 28
1397 4802 1502 4871 μέγεθος
1520 4804 1555 4854 ιιι1

204 4896 230 4946 in
249 4892 375 4960 murell
