3540 5610
593 305 629 356 lll
668 304 711 357 ur:
730 303 909 358 coniciens
929 302 1021 356 LIBRI
1041 304 1084 357 bu
1103 303 1192 356 FATO
1498 310 1566 349 xxxi

205 475 369 559 sequioris
396 475 549 559 temporis
577 474 824 560 explicationem
852 474 1005 559 optimam
1034 475 1276 540 subministrant
1303 475 1418 542 Veneti
1445 476 1472 540 V
1501 497 1567 542 cor·

205 603 367 675 tecturae,
401 615 482 678 quas
504 594 624 661 librarii
648 615 705 679 pro
728 615 786 660 suo
809 594 943 678 quisque
965 594 1097 660 arbitrio
1121 594 1217 660 modo
1240 594 1340 659 secuti
1368 604 1441 660 sunt
1469 596 1565 662 modo

205 734 372 797 sprevere.
417 714 480 780 boo
494 714 663 780 observavi
687 735 714 780 e.
730 735 757 780 υ.
784 713 897 796 16623
921 715 1034 796 17126
1060 715 1172 796 17723
1197 714 1312 795 18020
1336 715 1563 797 184241862

209 834 323 916 18721
352 834 509 917 194214
538 833 861 916 19628-272829
894 833 1018 917 19922.
1031 834 1072 898 26
1106 834 1200 917 2022
1232 833 1358 916 20623.
1413 835 1471 900 sed
1505 835 1566 901 boo

207 951 287 1016 mibi
311 953 425 1018 credas
447 953 673 1035 contionesque
696 961 843 1019 exactam
865 952 978 1017 barum
1002 952 1207 1017 minutiarum
1229 952 1381 1017 tabulam.

295 1070 363 1135 lam
385 1092 463 1137 vero
485 1071 518 1137 in
541 1071 623 1139 duas
646 1074 766 1139 classes
789 1079 981 1138 sevocantur
1003 1071 1194 1155 apographa
1215 1071 1348 1155 lacunis,
1376 1093 1440 1155 qua
1467 1074 1564 1139 laceri

207 1195 284 1252 sunt
319 1190 475 1274 mae-6
508 1191 637 1258 codices
670 1190 887 1257 Acsseuaa’
920 1190 1007 1275 (item
1047 1189 1234 1273 2042-6),
1268 1190 1382 1273 integri
1417 1211 1565 1258 mansere

210 1304 331 1373 BHES.
376 1307 494 1375 deiude
519 1310 553 1375 in
581 1310 642 1376 bac
667 1311 771 1376 altera
797 1309 920 1376 familia
945 1331 1035 1375 suum
1063 1311 1167 1375 locum
1191 1310 1336 1376 obtinent
1358 1309 1419 1394 ES,
1448 1311 1501 1393 qui
1529 1319 1561 1377 et
1582 1312 1629 1377 ES

207 1426 319 1492 multis
342 1428 558 1512 peculiaribus
580 1428 704 1495 lacunis
726 1429 845 1495 turbati
868 1435 951 1513 sunt,
979 1438 1010 1495 et
1034 1429 1147 1495 Veneti
1170 1429 1325 1511 quasdam
1349 1430 1564 1513 proprietates

206 1544 335 1613 fidelius
356 1555 566 1614 servaverunt
589 1568 684 1632 quam
707 1548 815 1615 ceteri.
860 1547 1009 1613 omittunt
1032 1568 1058 1613 e.
1083 1568 1129 1630 gr.
1154 1547 1268 1630 17623
1291 1549 1498 1633 καί-σιγῆσαι
1522 1551 1564 1614 24

206 1688 269 1728 τινα
290 1665 332 1729 27
352 1666 640 1754 τοὶ-ἐνδεχομένως.
680 1667 973 1752 κατὰ-εἱμαρμένην
1000 1675 1106 1733 autem
1129 1667 1202 1733 ideo
1223 1665 1315 1732 deest
1337 1667 1465 1752 16920,
1488 1669 1564 1751 quia

206 1784 289 1851 baec
300 1785 401 1852 verbs
412 1785 458 1852 m'
470 1787 604 1872 margini
620 1787 800 1872 adscripsit.
822 1788 868 1853 ita
879 1787 938 1853 soli
947 1787 997 1852 ES
1006 1788 1165 1853 retinuere
1180 1789 1265 1850 πάλιν
1276 1787 1398 1871 17228.
1423 1794 1562 1851 ceterum

207 1906 338 1988 pessimi
354 1913 429 1997 sunt
450 1906 483 1971 hi
505 1906 621 1973 fratres
636 1907 784 1992 vitiisque
800 1906 924 1973 referti:
952 1908 1068 1991 16624
1090 1906 1209 1991 οδκεο’]
1233 1907 1269 1970 αδ
1294 1906 1423 1970 καθόλου
1448 1907 1563 1990 17126

204 2024 275 2088 ὅσον
291 2024 353 2110 ἐπὶ]
377 2027 562 2113 δσωιιροίτης
579 2028 693 2111 17228
716 2024 913 2112 ἐμμενόντων]
931 2026 1069 2110 κειμένων
1094 2027 1209 2109 17722
1232 2033 1305 2110 post
1319 2028 1484 2112 ναυμαχίαν
1508 2025 1562 2090 ad·

204 2144 288 2210 dunt
304 2146 358 2211 οδιι
373 2145 454 2212 ἔσται
469 2147 628 2233 ναυμαχία,
645 2148 671 2211 εί
685 2148 719 2211 δὲ
733 2145 813 2211 ἔσται
830 2147 881 2230 μὲν
898 2183 938 2194 -
955 2146 1013 2211 sed
1029 2147 1138 2212 taedet
1155 2147 1234 2213 haec
1251 2147 1388 2231 amplius
1404 2145 1560 2230 persequi.

293 2266 399 2332 Etiam
421 2267 555 2333 alterius
577 2267 720 2333 familiae
746 2274 834 2332 certa
864 2271 938 2331 sunt
964 2285 1085 2348 genera
1106 2266 1254 2332 Ababa
1278 2275 1310 2333 et
1332 2264 1398 2331 Ka'
1425 2272 1457 2331 et
1480 2265 1562 2331 inter

203 2385 263 2450 illa
285 2386 421 2470 primum
449 2406 579 2470 prorsus
601 2385 787 2470 conspirare
807 2386 836 2449 A
859 2392 892 2451 et
914 2384 939 2450 6
962 2386 1152 2451 notaverim.
1196 2386 1242 2451 ita
1271 2386 1419 2451 omittunt
1443 2384 1633 2487 16622110

204 2504 333 2590 ἔπραξαν
359 2508 397 2574 19
419 2506 455 2569 τὰ
477 2505 555 2570 αἴτια
578 2505 668 2588 167,7
694 2506 750 2568 ὑπὸ
772 2509 824 2570 τοῦ
846 2506 977 2590 τεχνίτου
1001 2506 1119 2589 21124
1140 2529 1171 2569 τε
1193 2507 1236 2570 20
1257 2507 1403 2591 ἐπιστήμη
1426 2505 1468 2570 29
1489 2528 1561 2587 γινο-

204 2625 313 2709 μένων.
357 2624 481 2690 addunt
503 2626 595 2709 1772
620 2632 694 2709 post
716 2623 797 2689 data:
821 2622 892 2690 οὖσι,
909 2623 943 2687 ἂν
964 2630 1025 2695 τοῖς
1049 2626 1194 2710 μάντεσιν,
1222 2624 1338 2708 legitur
1364 2625 1397 2689 in
1425 2632 1561 2707 utroque

205 2744 323 2829 16723
346 2744 454 2809 τούτων
476 2750 534 2808 τῶν
557 2744 656 2809 αἰτίων
678 2744 822 2809 τοσούτων
846 2744 963 2828 21226
986 2743 1060 2830 βίον]
1083 2744 1177 2827 λόχον.
1208 2782 1247 2792 -
1270 2766 1403 2828 quorum
1425 2744 1558 2810 fratrum

201 2865 400 2931 deteriorem
421 2884 494 2931 esse
517 2863 541 2929 0
564 2871 711 2946 apertum
738 2871 796 2929 est.
840 2864 869 2930 is
891 2865 979 2931 solus
1007 2865 1122 2930 omittit
1151 2865 1350 2949 16720-11
1378 2867 1411 2929 τὸ
1436 2864 1559 2934 τέλος-

200 2985 293 3054 θεοὺς
320 2983 525 3068 20122-13
557 2983 747 3069 εί-μέτμων
774 2985 933 3069 boat-8
960 2985 1153 3067 οὐκ-νόμος
1176 2985 1334 3068 alae-9
1365 2983 1559 3055 τοῖς-εῖναι.

202 3103 316 3186 itaque
343 3105 479 3186 neglego
507 3103 591 3168 buno
617 3105 819 3191 μοε11662;
847 3126 921 3172 nam
943 3106 1067 3171 initium
1090 3104 1161 3170 libri
1184 3104 1216 3169 in
1240 3103 1265 3169 0
1288 3106 1357 3170 solo
1381 3112 1495 3170 exstat.

293 3222 431 3288 Aldinae
453 3244 547 3307 porro
565 3243 635 3288 cum
651 3223 761 3291 codice
776 3226 804 3289 A
820 3225 994 3291 similitudo
1010 3232 1059 3292 est
1079 3224 1229 3289 maxima.
1273 3232 1380 3290 tamen
1397 3245 1501 3307 neque
1517 3243 1557 3289 cx
1580 3225 1641 3288 Ac¹

201 3342 266 3407 boc
281 3341 440 3425 impressa
454 3348 625 3424 estusque
640 3342 692 3407 bic
707 3363 748 3409 ex
762 3344 819 3409 illa
834 3345 1023 3428 descriptus.
1047 3343 1180 3410 evitavit
1196 3343 1279 3409 enim
1289 3344 1317 3407 Α
1329 3343 1409 3409 baec
1421 3345 1558 3409 Aldinae

202 3461 286 3527 vitia
302 3462 396 3544 164,8
420 3461 534 3534 16624
558 3463 669 3545 16727
695 3464 810 3547 16925
836 3466 944 3547 17021
973 3465 1065 3545 1712
1090 3462 1242 3547 173,4.11
1271 3463 1420 3545 176216
1445 3464 1558 3544 17922

204 3581 325 3663 18022
354 3581 447 3664 1822
475 3565 645 3665 183219.
676 3583 794 3666 18726
825 3584 931 3667 1892.
944 3584 986 3649 28
1015 3584 1123 3665 190,9.
1139 3585 1186 3647 19.
1200 3584 1243 3646 20
1270 3583 1409 3665 193219
1440 3583 1556 3663 19421

205 3700 319 3784 19627
343 3700 459 3783 20022
487 3701 581 3776 2032
604 3701 783 3785 2052028
805 3703 900 3787 2062
924 3705 1019 3786 207,9
1046 3704 1163 3785 20928
1185 3701 1367 3782 2102418
1389 3702 1514 3785 21126.

289 3818 457 3884 Accedunt
478 3821 511 3884 in
527 3821 556 3884 A
574 3819 659 3886 aliae
681 3820 882 3887 differentiae
906 3823 998 3906 1732
1021 3824 1053 3885 τὸ
1075 3823 1130 3906 γὰρ
1152 3845 1200 3906 πρ.
1225 3821 1266 3884 14
1280 3822 1491 3906 προειρημένην
1513 3846 1557 3907 χρ.

201 3937 424 4025 προηγουμένην
456 3939 548 4022 1772
578 3938 646 4003 ὄντα
675 3938 739 4003 οὖσι
766 3941 800 4004 ἂν
823 3945 882 4010 τοῖς
911 3943 1028 4024 μάντεσι
1051 3945 1182 4010 δυνατοῖς
1207 3942 1299 4024 1822
1322 3941 1489 4025 δυναμένων
1519 3945 1557 4005 16

200 4058 269 4143 τὴν]
292 4061 341 4123 καὶ
365 4059 405 4123 16
428 4058 594 4129 συνθέσεως
615 4059 658 4124 20
679 4059 776 4142 ὀλίγου
801 4060 915 4143 18322
937 4062 1041 4145 γίνοιτο
1065 4062 1180 4146 18424
1199 4060 1256 4145 τῷ]
1274 4062 1305 4124 τὸ
1329 4061 1370 4125 26
1386 4060 1467 4145 ὄντα]
1485 4062 1557 4125 εἶναι

204 4178 297 4261 1862
321 4179 501 4264 βουλοίμεθα
523 4180 566 4244 20
587 4180 786 4263 περιεστάσαις
809 4180 847 4245 31
873 4185 1007 4244 συντελεῖ
1030 4181 1119 4263 1872
1144 4183 1258 4245 πάντων
1281 4182 1301 4246 8
1323 4187 1462 4266 τροσυιῖσι
1485 4185 1557 4246 τισὶν

203 4295 318 4372 18823
340 4299 375 4361 cb
397 4304 489 4363 ποιεῖν
518 4298 633 4381 19024
655 4299 727 4362 εῖναι
751 4301 782 4362 τὸ
806 4321 866 4366 om.
899 4302 937 4367 19
960 4324 985 4362 τι
1009 4302 1056 4363 καὶ
1079 4298 1125 4386 ἐφ’
1160 4302 1274 4385 19124
1297 4300 1413 4387 ἔχοντες
1443 4304 1558 4386 19220

199 4418 339 4502 λογισμὸν
372 4419 415 4484 22
437 4439 523 4502 φησιν
558 4418 600 4482 23
622 4418 638 4480 δ
661 4420 693 4482 τὲ
716 4420 768 4503 μὲν
796 4417 837 4502 μὴ
865 4418 957 4487 οὕτως
980 4420 1130 4504 συμβαίνει
1167 4421 1336 4504 19324το
1371 4423 1410 4486 27
1436 4422 1556 4505 ἀναχιισί-

201 4543 303 4610 ζοντας
338 4537 433 4621 1952
455 4537 471 4600 δ
493 4542 658 4623 περιπατῶν
694 4539 734 4605 18
755 4537 845 4602 αἴτιον
879 4538 920 4602 24
943 4540 991 4602 καὶ
1013 4539 1122 4609 sicidae<
1158 4541 1273 4623 19624
1295 4540 1341 4603 ὑπ’
1371 4541 1466 4606 αὐτῶν
1494 4565 1554 4607 om.

203 4777 243 4840 12
264 4775 328 4839 οὐδ’
355 4774 405 4859 ἂν]
428 4775 462 4839 οδ
484 4777 538 4861 γὰρ
560 4776 677 4861 20222
699 4799 786 4862 φησιν
809 4779 851 4843 24
873 4782 1050 4863 γεννώμενον
1074 4779 1190 4862 20323
1211 4803 1237 4841 τι
1260 4782 1307 4843 καὶ
1324 4781 1487 4851 ἀιδίως...
1504 4787 1554 4845 τοῦ

199 4896 313 4981 κόσμου
334 4894 377 4959 24
398 4893 465 4960 κατ’
492 4894 580 4960 ἄλλον
602 4896 718 4980 20622
740 4899 878 4983 χαρίεντα
900 4899 1013 4982 20727
1038 4903 1259 4984 συγχωροῦντας
1281 4900 1323 4964 28
1345 4899 1455 4984 αὐτοῖς]
1478 4903 1552 4984 αὐτὴ
