3540 5610
564 260 793 319 ΑΛΕΞΑΝΔΡΟΥ
811 261 963 319 ΑΙΙΟΡΙΩΝ
984 260 1044 317 ΚΑΙ
1064 259 1196 317 ΛΥΣΕΩΝ

256 441 370 525 βάνοιτο
395 438 546 522 μετὰτῶν
570 440 676 502 ὑλικῶν
701 439 899 522 περιστάσεῶν
922 460 953 499 τε
976 439 1023 500 καὶ
1047 439 1207 521 διαφορῶν,
1235 435 1302 519 μεθ’
1331 437 1372 499 ῶν
1395 439 1414 520 η
1438 434 1504 499 ὑπό·

257 564 353 611 στασις
376 543 486 610 αὐτῶν,
510 544 545 606 αί
563 544 633 605 εἰσιν
657 541 748 605 ἄλλου
772 541 872 616 ἄλλαι,
899 545 977 603 ποιεῖ
997 541 1045 604 τόν
1068 539 1211 624 Σωκράτη
1233 541 1280 602 καὶ
1303 539 1351 603 τδν
1374 537 1501 604 Καλλίαν
1515 552 1546 595 9⁰

256 648 303 709 καὶ
327 645 394 713 τοὺς
420 646 587 709 καὺέκαστα
614 645 801 728 ἀνθρώπους,
832 645 857 707 εἰ
880 645 912 706 δὲ
940 645 1032 728 χωρὶς
1060 644 1169 706 τούτων
1196 645 1384 728 λαμβάνοιτο,
1411 643 1505 706 κοινὸν

255 751 369 831 γίνοιτο,
393 749 450 833 οὐχ
473 747 516 811 ότι
540 751 580 833 μὴ
597 747 674 812 ἔστιν
699 749 729 810 ἐν
746 749 861 832 ἑκάστῳ
884 751 942 809 τῶν
959 747 1126 810 καὺέκαστα
1147 747 1313 831 ἀνθρώπων
1335 746 1422 829 (μετὰ
1445 745 1506 808 τοὺ

222 873 236 920 5
256 874 313 913 των
336 851 391 934 γὰρ
414 851 450 913 τὰ
473 849 531 914 ίδια
553 856 611 914 τῶν
634 850 803 914 καὺέκαστά
826 849 932 933 ἐστιν),
955 847 1015 912 ἀλλ’
1044 849 1088 912 ότι
1110 849 1186 913 ἐστίν
1209 850 1238 912 ἐν
1261 855 1347 913 πᾶσιν
1370 851 1403 911 τδ
1424 846 1505 911 αὑτό.
1521 864 1550 906 fl

257 960 307 1017 τοῦ
331 956 366 1036 δὴ
391 954 520 1016 τοιοὺτου
544 955 591 1016 καὶ
614 955 691 1017 οὑτω
714 957 826 1025 κοινοῦ,
857 953 956 1035 διόπερ
979 955 1095 1029 πολλοῖς
1122 958 1179 1015 τῶν
1202 952 1370 1016 καὺέκαστα
1393 949 1506 1027 ταύτόν,

257 1059 283 1119 οἱ
308 1056 429 1139 όρισροί.
475 1058 520 1119 διδ
543 1055 609 1118 οὔτε
636 1057 794 1136 ἀσωμάτου
821 1056 895 1124 τινός
922 1055 1039 1139 φόσεως
1065 1057 1112 1118 καὶ
1138 1060 1197 1117 τῶν
1220 1055 1387 1119 καδέκαστα
1414 1079 1508 1140 κεχω·

257 1160 392 1243 ρισμένης
415 1161 441 1222 οἱ
464 1165 523 1221 τῶν
545 1159 682 1222 τοιούτων
706 1158 710 1241 λ
735 1159 857 1241 όρισμοί.
892 1163 942 1220 τοῦ
964 1157 1018 1241 γάρ
1042 1159 1201 1242 ἀνθρώπου
1224 1158 1353 1243 ὁρισμός,
1376 1158 1407 1221 τὸ
1431 1163 1507 1243 ζῷον
1533 1163 1561 1220 21

256 1264 343 1333 πεζὸν
370 1262 483 1336 δίττυυν,
510 1262 603 1325 κοινόν
626 1263 716 1340 ἐστιν,
744 1263 774 1324 ἐν
797 1267 883 1325 πᾶσιν
912 1260 944 1324 δν
975 1265 1034 1329 τοῖς
1057 1261 1224 1326 καὺέκαστα
1252 1263 1416 1346 ἀνθρώποις
1445 1261 1509 1325 όλό·

208 1388 238 1433 10
257 1369 362 1450 κληρον
385 1367 415 1429 ἐν
432 1367 557 1449 ἑκάστῳ,
581 1367 674 1427 κοινδν
698 1371 739 1449 τῳ
758 1365 788 1426 ἐν
804 1365 930 1427 πλείοσιν
953 1364 1025 1428 εἶναι
1048 1366 1080 1426 τδ
1096 1364 1177 1439 αὑτό,
1201 1364 1261 1428 ἀλλ’
1282 1365 1316 1428 οὐ
1339 1371 1381 1451 τῷ
1400 1364 1508 1449 μέρους

257 1471 345 1533 αὐτοῦ
370 1468 502 1551 μετέχειν
526 1468 657 1530 ἕκαστον.
696 1468 817 1536 ἕκασκος
839 1472 907 1550 γοῦν
930 1472 987 1530 τῶν
1011 1469 1175 1553 ἀνθρώπων
1199 1473 1276 1553 ζῷον
1299 1470 1386 1542 πεζόν
1409 1469 1509 1532 δίπουν
1538 1483 1552 1524 ⁶

258 1574 328 1635 ἐστί.
362 1572 406 1633 διδ
430 1570 498 1633 οὐδὲ
520 1576 578 1632 τῶν
594 1577 698 1633 κοινῶν
722 1574 761 1639 ῶς
782 1576 886 1634 κοινῶν
909 1573 936 1633 οἱ
958 1573 1081 1654 ὑρισμοί,
1105 1572 1180 1634 ἀλλὰ
1195 1573 1315 1646 τούτων,
1337 1572 1381 1640 οῖς
1403 1576 1509 1640 κοινοῖς

258 1674 324 1737 καθ’
353 1676 478 1757 ἑκάστην
505 1673 589 1757 φύσιν
618 1673 690 1735 εἶναι
718 1674 911 1758 συμβέβηκεν.
956 1675 1079 1758 καὶγὰρ
1103 1675 1167 1742 ἑνδς
1193 1674 1274 1744 ὄντος
1296 1675 1327 1738 ἐν
1350 1676 1510 1739 ὑποστάσει

257 1780 415 1861 ἀνθρώπου
440 1775 527 1857 μόνου
555 1780 571 1840 ό
594 1777 681 1845 αὐτὸς
707 1781 758 1838 τοῦ
786 1777 943 1860 ἀνθρώπου
969 1776 1064 1859 λόγος·
1099 1778 1133 1840 οδ
1154 1777 1209 1862 γὰρ
1238 1777 1310 1841 διότι
1338 1779 1368 1841 ἐν
1392 1781 1511 1846 πολλοῖς
1526 1792 1552 1834 ιυ

209 1901 238 1949 15
259 1883 335 1944 ἐστιν
359 1879 442 1948 οὑτος
465 1880 480 1941 ό
503 1879 586 1962 λόγος
609 1881 708 1953 αὑτοῦ,
732 1881 807 1942 ἀλλὰ
830 1879 901 1941 διότι
924 1881 998 1942 κατὰ
1020 1882 1072 1963 τὴν
1095 1882 1228 1965 τοιαύτην
1252 1883 1336 1964 ρόσιν
1359 1883 1375 1944 ό
1399 1881 1511 1965 ἅνθρω-

259 2007 312 2052 πος
334 1982 489 2066 ἅνθρωπός
512 1983 603 2055 ἐστιν,
631 1982 689 2045 εἴτε
712 1983 827 2050 πλείους
856 1982 913 2045 εἶεν
935 1982 1177 2066 κεκοινωνηκότες
1204 1987 1292 2067 τῆσδε
1318 1989 1371 2067 τῆς
1393 1985 1512 2067 φύσεως

258 2086 316 2151 εῖτε
340 2089 391 2170 μη.
437 2085 567 2167 λέγονται
591 2087 622 2149 δὲ
645 2092 702 2148 τῶν
725 2089 878 2168 νοημάτων
905 2087 953 2148 καὶ
976 2092 1034 2148 τῶν
1056 2093 1160 2149 κοινῶν
1183 2089 1210 2150 οἱ
1234 2088 1364 2170 όρισμυί,
1394 2087 1438 2150 ότι
1461 2092 1512 2150 νοῦ
1528 2103 1553 2145 15

258 2192 289 2253 τό
315 2190 440 2274 χωρίσαι
470 2190 518 2252 τδν
546 2188 701 2272 ἄνθρωπον
730 2189 787 2250 ἀπὸ
814 2194 871 2252 τῶν
899 2188 949 2252 σὺν
978 2189 1020 2257 οἷς
1047 2191 1208 2274 ὑφέστηκεν
1236 2190 1332 2254 ἄλλων
1362 2193 1408 2253 καὶ
1437 2189 1506 2254 καθ’

257 2293 345 2355 αὑτὸν
368 2294 480 2376 λαβεῖν,
512 2293 527 2354 ὑ
556 2293 588 2354 δὲ
609 2297 660 2354 τοῦ
688 2294 855 2377 ὑφεστῶτος
878 2293 930 2372 μὲν
954 2291 1015 2374 μετ’
1043 2291 1151 2366 άλλιυν,
1179 2293 1336 2374 νοουμένου
1364 2295 1397 2357 δὲ
1420 2296 1513 2379 χωρὶς

157 2464 162 2480 Ι
205 2416 238 2461 ‘20
257 2395 372 2457 ἐκείνων
399 2395 446 2456 καὶ
474 2393 569 2456 ἄλλων
597 2395 644 2456 καὶ
672 2395 728 2479 οὐχ
757 2397 796 2462 ιὺς
823 2393 982 2478 ὑφέστηκεν
1010 2396 1129 2476 ὁρισμός
1158 2398 1302 2479 νοήματος
1328 2397 1401 2460 εἶναι
1430 2399 1512 2460 δοκεῖ

260 2500 307 2561 καὶ
330 2502 437 2569 κοινοῦ,
461 2497 504 2558 ότι
527 2500 618 2581 χωρὶς
641 2503 698 2558 τῶν
715 2497 940 2582 συμβεβηκότων
963 2499 996 2559 τδ
1013 2502 1141 2561 τοιοῦτον
1164 2499 1194 2560 ἐν
1218 2501 1332 2585 ἑκάστῳ
1356 2501 1510 2583 νοοὺμενον
1525 2517 1554 2558 νυ

259 2599 353 2663 κοινόν
380 2601 408 2661 τί
430 2601 560 2663 ἐστικαὶ
589 2600 618 2661 ἐν
642 2603 754 2663 πλείοσι
780 2599 893 2662 ταύτόν.
938 2600 1074 2685 ἄφθαρτα
1097 2603 1186 2664 δὲτὰ
1213 2605 1295 2666 κοινὰ
1322 2607 1360 2686 τῇ
1383 2610 1441 2667 τῶν
1463 2627 1512 2667 κα-

260 2704 388 2767 ὑέκαστα
416 2704 446 2765 ἐν
476 2704 518 2771 οἷς
545 2703 620 2766 ἐστιν
654 2703 687 2765 ἐκ
715 2705 855 2787 διαδοχῆς
884 2702 1033 2787 οὶιδιότητι,
1061 2709 1112 2766 τοῦ
1141 2704 1195 2789 γὰρ
1223 2706 1253 2769 ἐν
1280 2730 1316 2789 τη
1347 2713 1404 2769 τῶν
1428 2707 1513 2770 καδέ-

262 2828 353 2870 καστα
376 2807 484 2888 γενέσει
508 2809 622 2868 πάντων
650 2807 751 2888 όμοίου
780 2830 811 2869 τε
834 2809 881 2869 καὶ
908 2807 1013 2869 ταότυδ
1042 2807 1177 2888 μένοντός
1204 2809 1274 2871 ἐστι.
1319 2814 1436 2873 τοιαῦτα
1459 2811 1555 2894 γὰρκε

207 2931 239 2979 25
259 2909 294 2972 τὰ
317 2912 409 2985 κοινά,
433 2909 486 2972 οὐκ
509 2909 538 2971 ἐν
562 2914 621 2978 τοῖς
641 2911 875 2992 συνυπάρχουσιν
899 2911 1035 2994 ἀλλήλοις
1057 2917 1115 2973 τῶν
1131 2911 1299 2975 καὺέκαστα
1323 2912 1420 2994 μόνοις
1443 2913 1513 2977 ὄντα

260 3014 308 3076 καὶ
336 3013 383 3075 διὰ
406 3018 490 3075 τοῦτο
519 3010 587 3075 όντα
612 3014 707 3086 κοινά,
736 3012 795 3075 ἀλλ’
824 3014 853 3075 ἐν
882 3018 952 3076 πᾶσι
979 3020 1038 3082 τοῖς
1065 3014 1234 3096 ὑμοειδέσιν.
1280 3016 1325 3077 διδ
1353 3017 1399 3078 καὶ
1429 3016 1512 3079 οὐδὲν

261 3116 430 3201 κελκῶλυται
455 3115 560 3199 ὑνητόν
585 3140 609 3177 τι
633 3115 664 3178 δν
688 3116 777 3179 ἀίδιον
799 3115 884 3178 εἶναι·
910 3117 1015 3199 θνητὸν
1037 3120 1092 3201 γὰρ
1115 3116 1146 3180 δν
1171 3121 1211 3186 ῶς
1233 3117 1401 3181 καδέκαστα
1425 3120 1515 3183 ἀίδιόν
1534 3127 1570 3183 22

261 3221 346 3284 ἐστιν.

261 3462 314 3524 lv.
360 3460 510 3545 Σχόλιον
534 3461 567 3522 ἐν
588 3459 738 3542 διαλόγῳ
762 3462 838 3545 περὶ
862 3465 934 3537 τοὺ,
958 3462 988 3523 εἰ
1011 3464 1119 3524 πάντα
1141 3463 1273 3543 γίνοιτο
1297 3462 1371 3527 ταδ’
1394 3464 1514 3548 είμαρ-

209 3583 242 3632 30
387 3564 507 3646 μένην,
531 3563 755 3645 ἀναιρεῖσθαι
777 3567 814 3626 τὸ
838 3564 981 3626 δυνατόν
1004 3567 1117 3627 τεκαὶ
1140 3565 1385 3650 ἐνδεχόμενον.
1542 3583 1558 3624 ε

351 3738 377 3798 l.
424 3733 459 3797 Α.
487 3730 566 3817 Ἀρά
582 3756 626 3798 σοι
643 3736 724 3796 δοκεῖ
745 3735 779 3796 τὰ
796 3734 865 3797 καθ’
888 3737 987 3818 εἱρμὸν
1011 3735 1107 3797 αἰτίων
1123 3734 1258 3819 γινόμενα
1280 3737 1373 3807 οὑτως
1388 3739 1516 3819 γίνεσθαι

264 3843 304 3906 ῶς
326 3840 440 3899 πάντων
464 3861 494 3899 τε
516 3839 612 3899 αὐτῶν
629 3839 921 3921 προκαταβεβλησὺαι
943 3838 994 3905 τόις
1016 3839 1106 3905 αἰτίας
1130 3839 1177 3900 καὶ
1200 3839 1228 3906 ἐξ
1252 3840 1379 3925 ἀνάγκης
1393 3842 1514 3905 ἕκαστον

264 3941 359 4003 αὐτῶν
383 3940 507 4003 ἕπεσθαι
529 3946 570 4022 τῳ
595 3941 678 4023 αἰτίῳ
701 3941 1018 4025 προκαταβεβλημένιρ;
1530 3964 1559 4006 ιο

350 4041 386 4105 Β.
434 4043 500 4111 [Ιῶς
522 4043 576 4125 γὰρ
599 4042 695 4110 ἄλλως
718 4043 778 4105 οἷόν
805 4068 836 4105 τε
858 4045 987 4125 γίνεσθαι
1011 4043 1102 4125 λέγειν
1130 4045 1166 4107 τὰ
1187 4050 1286 4108 τοῦτον
1309 4047 1445 4128 γινόμενα
1467 4051 1515 4112 τόν

213 4168 245 4215 35
264 4148 383 4232 τρόπον;

212 4389 227 4440 ‘2
247 4390 381 4459 σωκράτην
401 4406 416 4438 ιι
529 4386 544 4435 λ
563 4385 656 4453 γίνεται
674 4386 720 4436 B'2:
741 4385 770 4438 ἂν
794 4388 884 4454 γίνοιτο
903 4389 971 4439 coni.
991 4388 1034 4454 Sp.
1154 4385 1217 4440 καθ’
1238 4389 1342 4440 ἕκαστον
1361 4409 1377 4441 a
1484 4392 1569 4445 Ποτ-

213 4485 281 4529 tasse
301 4476 357 4529 οὑδέ
449 4476 476 4524 ll
500 4472 614 4541 ἕκαστος]
634 4474 739 4525 ἕκαστον
760 4476 824 4527 V¹G
940 4477 968 4525 13
988 4476 1147 4546 καθεκάστην
1166 4495 1182 4527 ε
1202 4477 1244 4543 Sp.
1355 4479 1386 4531 18
1410 4479 1439 4530 τὸ
1460 4483 1481 4530 V

213 4564 296 4616 ἄλλων
314 4564 365 4616 8ῑέ
384 4563 441 4630 Spa
462 4561 545 4617 ἄλλοις
565 4563 718 4615 VFGBS'L
829 4564 858 4614 19
878 4563 961 4620 άλλως
982 4565 1049 4617 3²5²
1155 4565 1189 4615 *20
1209 4565 1222 4618 δ
1240 4565 1339 4633 ὁρισμός
1357 4585 1373 4618 ε
1467 4567 1501 4619 28
1520 4569 1572 4621 for·

213 4661 281 4704 tasse
300 4652 364 4703 ἐστιν
388 4646 459 4713 (κατ’
480 4649 553 4711 εἶδος)
695 4650 727 4700 29
756 4651 787 4701 cf.
807 4666 871 4718 quae
897 4653 1026 4718 disputavi
1053 4653 1083 4704 de
1109 4654 1156 4704 hoc
1179 4655 1264 4719 capite
1287 4656 1314 4704 in
1339 4655 1405 4707 Mus.
1426 4655 1508 4707 Rhen.
1527 4658 1572 4723 44,

792 4750 806 4776 a

215 4790 313 4857 filvsq.
422 4787 530 4855 διαλόγω
550 4791 573 4836 V
681 4790 711 4841 31
734 4790 821 4841 αἰτίων
841 4793 975 4855 (accentus
995 4796 1069 4844 eta?
1089 4791 1182 4857 m2')V
1297 4791 1330 4846 33
1349 4793 1421 4863 αιτίιμ
1442 4796 1476 4846 V¹

214 4877 246 4928 34
268 4876 351 4935 ἄλλως
371 4878 516 4931 Feswa
534 4877 590 4945 Spa
611 4875 678 4929 όλωσ
697 4879 718 4930 εἰ
739 4881 794 4930 vB¹
