3540 5610
208 290 277 330 xm
790 289 986 347 PRAEFATIO

138 459 190 543 Sp.
299 458 492 526 Victorianis
518 462 653 544 primum
688 482 763 526 usus
791 469 840 528 est
862 462 1070 549 Srasosnrus,
1102 465 1153 531 eui
1176 464 1257 531 baec
1279 484 1350 530 cum
1372 465 1566 532 ‘l’rincavelli

209 579 352 645 editione
384 579 626 646 fundamentum
659 579 748 647 luere
781 582 852 648 libri
879 584 932 667 qui
963 584 1080 668 prodiit
1106 583 1267 649 Monacbii
1298 584 1389 650 1842.
1441 585 1474 650 16
1501 607 1564 670 666

209 700 310 763 multa
333 698 437 764 editor
460 696 654 783 emendavit,
677 721 760 783 6666
775 722 839 767 666
862 703 966 786 potuit
981 724 1045 770 nou
1061 701 1214 788 expedire
1232 701 1282 767 vir
1299 703 1404 770 utillo
1419 703 1564 771 eximius.

209 817 274 884 Sed
299 819 391 902 plura
413 826 620 902 expectamus
642 840 663 885 a
685 820 752 886 tali.
795 841 871 886 nam
894 842 974 907 paee
996 822 1056 887 viri
1079 821 1252 887 doctissimi
1275 822 1395 888 dictum
1417 823 1460 888 sit
1478 823 1565 890 festi·

209 938 358 1023 nationis,
383 958 446 1022 qua
469 936 549 1004 liber
572 938 735 1005 confectus
758 941 808 1024 sit,
831 941 969 1025 vestigia
990 961 1055 1006 non
1077 961 1208 1025 prorsus
1230 943 1341 1008 latere.

293 1060 381 1125 Inter
395 1060 565 1125 Exosaers
587 1059 816 1143 manuscripta,
839 1079 922 1142 quae
937 1059 1014 1125 mihi
1029 1059 1246 1145 innotuerunt,
1269 1062 1358 1126 nulla
1372 1068 1457 1146 sunt,
1479 1082 1564 1146 quae

206 1178 249 1243 ad
265 1178 364 1243 alium
379 1178 500 1244 fontem
516 1177 660 1261 redeant,
673 1198 768 1261 quam
784 1178 936 1245 librorum
953 1199 1033 1262 quos
1048 1180 1306 1246 commemorari.
1341 1181 1452 1265 itaque
1467 1201 1562 1265 qnam

206 1299 394 1365 brevissime
416 1298 457 1364 de
480 1297 527 1364 eis
548 1296 696 1363 referam.

292 1417 373 1482 Sunt
394 1423 502 1483 autem
525 1415 731 1501 physicorum
755 1419 861 1503 capita
886 1417 989 1485 1-16
1012 1417 1082 1483 libri
1107 1417 1240 1483 alterius
1255 1427 1407 1504 excerpta
1428 1421 1462 1486 in
1478 1421 1563 1487 Hav-

206 1559 326 1620 616666,
354 1537 395 1601 de
422 1557 484 1619 quo
517 1557 591 1600 mox
617 1536 732 1603 iterum
762 1537 943 1621 disputabo.
993 1557 1076 1621 quae
1103 1557 1124 1602 a
1146 1537 1268 1604 Veneto
1291 1538 1319 1603 V
1345 1540 1488 1623 pendere
1515 1561 1563 1606 ar·

205 1656 273 1741 guit
296 1657 348 1722 vel
371 1675 436 1720 una
458 1658 641 1738 corruptela
663 1658 767 1732 4814.
812 1655 870 1723 sed
892 1678 958 1721 non
981 1677 1020 1722 ex
1042 1657 1113 1740 ipso
1130 1655 1293 1740 descripta
1308 1665 1390 1743 sunt,
1413 1661 1472 1727 etsi
1490 1681 1562 1728 cnm

204 1776 267 1842 fide
294 1796 366 1842 eum
397 1784 641 1859 repraesentare
668 1777 784 1842 solent.
843 1776 980 1843 fortasse
1007 1773 1120 1842 Veneti
1147 1773 1208 1839 261
1245 1775 1340 1840 simili
1374 1778 1455 1846 libro
1485 1802 1563 1847 usus

204 1903 253 1961 est
277 1901 456 1978 excerptor,
479 1895 555 1979 quia
577 1895 736 1977 55,14.15
758 1895 842 1962 inter
864 1894 1100 1978 manuscriptos
1123 1894 1317 1961 Hauniensis
1339 1917 1422 1964 nnus
1443 1900 1563 1965 oumB

205 2014 371 2082 consentit.
417 2034 510 2097 6666
535 2014 560 2079 61
583 2015 751 2099 exscripsit
766 2020 944 2098 excerptor,
968 2020 1137 2097 praeterea
1158 2014 1240 2080 alios
1262 2015 1361 2083 libros
1383 2018 1562 2104 usurparit,

203 2155 278 2201 nam
302 2135 471 2201 lectionem
494 2134 590 2218 48,14
611 2155 675 2200 666
699 2134 804 2218 potuit
825 2153 865 2199 ex
890 2134 914 2197 B
942 2151 1078 2197 sumere.
1122 2140 1197 2198 sunt
1221 2143 1328 2202 autem
1357 2136 1453 2201 etiam
1477 2138 1564 2203 Hau-

202 2254 304 2321 nicnsi
328 2253 458 2338 propria
479 2254 644 2336 nonnulla,
667 2255 819 2338 614725
842 2254 914 2337 48,7
937 2253 1041 2336 49,11.
1056 2253 1105 2316 12.

160 2378 187 2440 11
294 2372 404 2439 Codex
431 2372 709 2439 Ρ661661661996
742 2373 967 2439 miscellaneus
999 2389 1084 2436 saec.
1106 2370 1184 2436 XVI
1216 2373 1359 2441 continet
1390 2375 1445 2442 161.
1465 2378 1561 2443 5-9.

202 2493 423 2580 quaestionem
446 2493 503 2575 Ι,4
524 2493 642 2576 ΙΙ,4.5
664 2494 722 2578 ΙΙΙ,
737 2494 786 2559 13.
812 2489 1057 2577 6466661661
1080 2488 1238 2557 Immisch.

289 2613 399 2678 Codex
428 2613 606 2678 Lnxnsxsrs
633 2611 789 2695 Scaligeri
821 2613 861 2676 51
897 2629 981 2676 saec.
1008 2607 1190 2674 XV-XVI
1222 2611 1364 2678 continet
1396 2613 1450 2680 iol.
1478 2618 1561 2681 1-3

202 2739 325 2816 quaest.
350 2733 407 2816 Ι,4
434 2732 487 2815 (cf.
506 2731 608 2797 06161.
634 2730 714 2796 Bibl.
738 2731 824 2814 publ.
852 2731 933 2795 1716
955 2728 1058 2812 Lugd.
1082 2751 1113 2812 p.
1133 2729 1224 2815 341);
1255 2731 1375 2797 contuli
1400 2731 1481 2816 ipse.
1527 2743 1562 2801 et

202 2851 382 2918 Parisiuum
406 2859 439 2916 et
459 2851 660 2935 Leydensem
684 2870 725 2915 ex
748 2851 853 2935 eapite
875 2851 992 2916 collato
1016 2851 1074 2934 Ι,4
1096 2857 1185 2932 patet
1208 2870 1249 2916 ex
1269 2851 1383 2919 Veneti
1398 2852 1461 2918 258
1483 2873 1562 2938 apo·

200 2971 324 3055 grapho
348 2971 526 3053 descriptos
548 2989 629 3053 esse,
663 2970 753 3036 cuius
779 2969 848 3036 fere
875 2989 986 3036 omnes
1020 2969 1175 3035 lectiones
1208 2969 1372 3056 exhibent,
1406 2973 1459 3039 ubi
1492 2995 1559 3040 non

200 3090 324 3154 lacunis
348 3088 518 3155 deformati
541 3096 625 3171 sunt,
647 3088 762 3172 quibus
785 3098 918 3172 uterque
941 3087 1085 3153 abundat
1105 3086 1161 3171 (61.
1181 3089 1265 3173 9,14,
1293 3090 1347 3157 nbi
1368 3092 1460 3175 legas
1483 3094 1559 3177 μόνα

200 3209 342 3295 1181180
365 3209 467 3291 10,23.
480 3209 530 3273 24.
544 3209 586 3274 30
610 3210 691 3292 11,5,
704 3209 745 3273 33
772 3214 805 3273 61
827 3215 944 3291 cetera,
967 3226 1051 3291 quae
1074 3226 1114 3271 ex
1136 3206 1165 3270 R
1185 3207 1218 3272 in
1240 3210 1485 3278 adnotationem
1510 3234 1556 3280 re

200 3331 281 3415 cepi,
305 3348 440 3413 quocum
463 3347 591 3412 semper
606 3328 765 3394 consentit
780 3326 968 3412 Leydensis.
1013 3346 1089 3391 nam
1106 3326 1224 3409 gemini
1240 3336 1324 3413 sunt,
1348 3331 1434 3414 quod
1458 3332 1555 3400 etiam

199 3450 283 3516 salsa
305 3449 470 3531 ulliusque
491 3448 656 3532 inscriptio
683 3449 717 3513 ἐκ
744 3451 794 3511 τοῦ
821 3450 938 3532 πρώτου
962 3447 1072 3532 βιβλίου
1099 3450 1157 3510 τῶν
1180 3449 1318 3533 ἠθικῶν
1341 3452 1555 3537 προβλημάτων

198 3570 302 3636 (16661.
348 3568 401 3633 ubi
423 3570 583 3634 aVeneto
598 3566 800 3650 dissentiunt,
824 3585 950 3632 errores
972 3573 1055 3633 sunt.
1099 3565 1236 3632 fructum
1255 3587 1297 3634 ex
1318 3577 1432 3636 neutro
1456 3572 1554 3638 critici

199 3688 385 3774 percipient.

151 3812 177 3876 N
286 3806 418 3872 Moralis
441 3805 512 3870 libri
535 3806 642 3890 capita
656 3806 715 3889 III,
738 3805 844 3889 XXX,
866 3806 898 3870 X
921 3811 1074 3888 excerpta
1095 3805 1245 3888 leguntur
1265 3807 1298 3872 in
1322 3809 1553 3878 recentioribus

196 3925 359 3993 nonnullis
378 3925 540 3991 codicibus
560 3926 807 4010 (Laruasrrano
822 3927 893 4011 85,l
921 3928 1094 3992 Vsnrcaurs
1113 3925 1205 4008 1622,
1228 3926 1290 3992 269
1311 3928 1343 3993 ΙΙ
1365 3929 1553 4000 1166666666

197 4048 240 4126 ll,
252 4047 294 4113 44
316 4047 498 4111 1166616661
512 4047 571 4111 197
594 4047 639 4129 (ll
653 4047 682 4112 G
694 4047 730 4128 4)
745 4048 961 4114 8666666666
973 4048 1100 4110 Access.
1115 4044 1198 4110 1889
1220 4047 1317 4131 304¹)
1333 4053 1552 4118 commentarii

196 4165 363 4231 Michaelis
376 4165 418 4231 ad
427 4165 609 4230 Aristotelis
620 4166 736 4232 Ethiea
747 4168 974 4247 Nicomachea,
986 4163 1041 4228 fini
1056 4161 1128 4228 libri
1144 4163 1244 4245 quinti
1260 4165 1330 4234 sine
1345 4170 1554 4256 inscriptione

273 4466 291 4532 ¹)
315 4465 383 4518 idem
409 4465 534 4519 exhibent
559 4473 707 4535 excerptum
731 4469 843 4524 Parisini
867 4470 935 4524 2077
960 4471 1088 4536 612544,
1113 4473 1155 4525 bic
1178 4473 1226 4525 sub
1248 4472 1337 4526 eodem
1361 4473 1450 4539 titulo,
1473 4477 1553 4541 61666

194 4556 330 4608 Parisinus
346 4552 412 4605 1996
431 4558 456 4606 61
470 4553 622 4622 Leydcnsis.
659 4572 712 4609 666
731 4560 840 4611 6661611.
875 4559 905 4611 16
923 4560 1041 4628 catalogo
1060 4561 1183 4612 librorum
1201 4561 1379 4613 Parisiuorum
1394 4562 1468 4627 (anni
1485 4561 1553 4614 1740

195 4661 221 4712 p.
234 4643 269 4710 ll)
292 4647 392 4711 praeter
415 4642 461 4694 hos
489 4641 568 4695 libros
598 4651 763 4698 recensentur
790 4647 830 4698 hi:
862 4647 1045 4700 solutiones
1069 4647 1269 4716 quarundam
1296 4648 1551 4703 difficultatum:

197 4730 356 4784 12681630
374 4731 587 4798 quaestiones
606 4734 772 4786 naturales
794 4733 868 4786 1883.
891 4734 964 4787 1884.
987 4736 1062 4788 1893.
1082 4736 1157 4788 2047.
1171 4736 1271 4789 20476
1292 4736 1368 4789 2048.
1383 4736 1460 4790 2230.
1474 4737 1553 4791 2381.

195 4817 272 4871 3044.
309 4833 398 4869 omnes
417 4819 552 4870 continent
572 4818 672 4872 divorsa
691 4822 818 4889 sequioris
837 4823 929 4874 aetatis
949 4823 1118 4889 problemata,
1144 4822 1287 4876 Alexandri
1311 4826 1479 4890 quaestiones
1498 4841 1553 4881 non

194 4906 286 4958 insunt
303 4904 455 4972 (Immiscb).
