3540 5610
200 309 261 373 108
517 312 719 366 ALEXANDRI
741 312 785 366 DE
809 314 917 366 ANIMA
940 308 1033 366 LIBRI
1055 312 1230 367 MANTISSA

251 487 349 545 οῦτον·
374 490 456 549 τοῦτο
480 487 533 570 γὰρ
557 485 703 570 ποιητικόν
725 511 757 549 τε
779 490 829 548 τοῦ
851 488 926 547 νοεῖν
948 486 996 547 καὶ
1018 485 1058 553 εἰς
1080 484 1222 568 ἐνέργειαν
1238 485 1307 568 ἅγον
1329 490 1377 548 τὸν
1400 486 1498 549 ὑλικόν
1512 502 1540 545 ιε

251 589 329 650 νοῦν.
362 591 428 656 νοῦς
451 585 500 650 οῦν
523 591 571 652 καὶ
594 588 693 658 αὐτός·
716 587 823 671 τὸγὰρ
846 586 933 650 υίῦλον
954 587 1039 665 εἰδος,
1063 586 1135 672 όπερ
1158 589 1218 651 ἐστὶ
1242 586 1328 671 μόνον
1351 594 1389 672 τῇ
1413 590 1502 653 αὑτοῦ

251 687 337 770 φύσει
360 689 476 774 νοητόν,
504 695 577 760 νοῦς.
623 692 733 774 τὰμὲν
761 692 814 774 γὰρ
841 688 928 754 ἔνυλα
955 689 1018 774 εἰῦη
1046 691 1102 753 ὑπὸ
1129 694 1181 752 τοῦ
1202 695 1253 753 νοῦ
1280 691 1369 775 νοητὰ
1396 693 1501 774 γίνεται

254 787 322 853 όντα
344 794 465 877 δυνάμει
488 796 586 876 νοητά.
629 794 764 877 χωρίζων
786 792 840 877 γὰρ
863 793 937 855 αὐτὰ
959 799 1012 877 τῆς
1035 795 1105 877 ῦλης
1128 795 1143 856 ό
1167 797 1246 870 νοῦς,
1270 794 1338 877 μεθ’
1365 795 1401 879 ῆς
1423 796 1501 859 ἐστιν

224 890 348 962 οαῦτοῖς
370 895 506 972 τὸεῖναι,
529 897 656 980 ἐνεργείᾳ
678 895 767 978 νοητὰ
789 895 875 964 αὐτὸς
889 896 963 958 αὐτὰ
985 901 1070 972 ποιεῖ,
1093 897 1140 958 καὶ
1164 897 1228 960 τότε
1250 896 1370 961 ἕκαστον
1393 897 1501 973 αὐτῶν,

255 995 321 1059 όταν
344 1003 459 1081 νοῆται,
487 999 614 1082 ἐνεργείᾳ
640 1022 672 1062 τε
694 999 796 1080 νοητὸν
825 1001 872 1061 καὶ
894 1003 960 1067 νοῦς
981 1000 1086 1080 γίνεται
1110 998 1113 1083 ί
1138 999 1172 1062 οὐ
1195 1000 1332 1083 πρότερον
1355 1000 1423 1064 οὐδὲ
1445 1006 1481 1085 τῆ
1506 1017 1556 1063 ιιει

253 1100 349 1163 αὑτῶν
371 1101 456 1185 φύσει
483 1099 552 1164 ὄντα
576 1105 701 1164 τοιαῦτα.
745 1101 760 1162 ό
783 1100 836 1184 γὰρ
864 1100 926 1163 κατ’
953 1100 1095 1185 ἐνέργειαν
1121 1106 1187 1171 νοῦς
1214 1102 1296 1165 οὐδὲν
1324 1103 1396 1166 ἄλλο
1425 1105 1501 1187 ῆτό

251 1203 405 1286 νοούμενον
433 1203 508 1273 εἶδός
538 1205 630 1277 ἐστιν,
659 1205 736 1266 ὥστε
762 1204 809 1266 καὶ
838 1204 945 1266 τούτων
973 1204 1094 1268 ἕκαστον
1121 1209 1178 1267 τῶν
1206 1203 1259 1268 οὐκ
1286 1203 1376 1268 όντων
1399 1209 1500 1278 ἁπλῶς

251 1311 362 1389 νοητῶν
390 1311 472 1381 νοῦς,
502 1306 569 1369 όταν
596 1311 710 1389 νοῆται,
737 1306 853 1387 γίνεται.
897 1309 937 1374 ίυς
963 1305 1016 1390 γὰρ
1045 1309 1064 1390 ῆ
1093 1304 1155 1370 κατ’
1184 1306 1326 1391 ἐνέργειαν
1354 1309 1501 1395 ἐπιστήμη

213 1424 238 1468 10
250 1410 353 1472 ταύτὸν
376 1414 418 1494 τῷ
440 1408 503 1472 κατ’
531 1409 672 1492 ἐνέργειαν
695 1408 856 1492 ἐπιστητῷ,
885 1409 933 1470 καί
956 1412 996 1476 ὡς
1022 1411 1041 1491 ῆ
1063 1406 1126 1472 κατ’
1154 1409 1296 1494 ἐνέργειαν
1320 1411 1457 1496 αἴσθησις
1478 1437 1498 1496 η

251 1513 325 1595 αὐτὴ
349 1515 391 1597 τῷ
415 1509 477 1575 κατ’
502 1512 644 1596 ἐνέργειαν
666 1510 811 1595 αἰσθητῷ,
834 1513 881 1572 καί
904 1510 1019 1574 τὸκατ’
1044 1511 1187 1595 ἐνέργειαν
1209 1512 1349 1596 αἰσθητόν
1372 1521 1408 1598 τῆ
1432 1512 1496 1578 κατ’

252 1614 393 1698 ἐνέργειαν
417 1615 565 1699 αἰσίίήσει,
592 1614 683 1683 οὕτως
710 1613 743 1676 δέ
766 1615 813 1675 καί
836 1614 852 1675 ό
875 1612 937 1675 κατ’
966 1614 1107 1697 ἐνέργειαν
1135 1619 1199 1683 νοῦς
1225 1616 1241 1677 ό
1264 1615 1351 1684 αὐτός
1373 1618 1433 1681 ἐστι
1454 1626 1499 1704 τῷ
1525 1634 1539 1675 7·

251 1716 315 1779 κατ’
337 1717 479 1800 ἐνέργειαν
502 1723 597 1803 νοητῷ
622 1718 669 1780 καί
691 1717 724 1778 τό
747 1712 810 1778 κατ’
837 1715 978 1798 ἐνέργειαν
995 1718 1102 1800 νοητὸν
1124 1721 1166 1802 τῷ
1191 1715 1251 1781 κατ’
1280 1719 1422 1803 ἐνέργειαν
1444 1726 1499 1805 νῷ.

252 1821 267 1881 ό
290 1819 343 1903 γὰρ
366 1824 431 1888 νοῦς
454 1821 486 1882 τὸ
508 1819 584 1889 εἶδος
606 1824 656 1882 τοῦ
680 1819 834 1900 νοουμένου
857 1820 1011 1902 λαμβάνων
1034 1821 1081 1882 καὶ
1105 1821 1238 1905 χωρίζων
1261 1821 1332 1884 αὐτὸ
1354 1827 1407 1906 τῆς
1429 1823 1500 1907 ῦλης

213 1938 239 1981 15
252 1921 315 1984 κατ’
336 1922 477 2006 ἐνέργειαν
501 1923 593 1986 ἐκεῖνό
610 1946 641 1984 τε
661 1923 762 2005 νοητόν
785 1927 864 1985 ποιεῖ
876 1923 923 1984 καὶ
939 1927 1004 1990 νοῦς
1026 1920 1113 1990 αὐτὸς
1134 1922 1197 1985 κατ’
1218 1923 1361 2008 ἐνέργειαν
1383 1926 1498 2007 γίνεται.

252 2026 278 2088 εἰ
301 2027 336 2109 δή
365 2032 470 2088 τιτῶν
499 2024 588 2088 όντων
615 2025 691 2089 ἐστὶν
718 2025 844 2108 ἐνεργείᾳ
871 2026 973 2107 νοητὸν
1000 2029 1037 2107 τῆ
1061 2025 1150 2087 αὑτοῦ
1172 2026 1258 2108 φύσει
1284 2029 1332 2089 καὶ
1359 2029 1389 2098 ἐξ
1411 2029 1501 2092 αὑτοῦ

200 2138 209 2156 ·
253 2129 284 2191 τὺ
308 2127 379 2191 εἰναι
400 2133 527 2191 τοιοῦτον
550 2127 619 2213 ἔχον
642 2134 685 2213 τῷ
709 2127 797 2191 οἷόλον
820 2125 902 2202 εἰναι,
930 2126 963 2189 οὐ
987 2128 1064 2210 παρὰ
1086 2132 1137 2190 τοῦ
1160 2129 1333 2213 χωρίζοντας
1355 2131 1426 2194 αὐτὸ
1448 2137 1501 2215 τῆς

254 2231 324 2314 ῦλης
347 2236 408 2301 νοῦ,
431 2234 463 2294 τὸ
486 2236 613 2294 τοιοῦτον
633 2231 759 2315 ἐνεργείᾳ
782 2235 848 2298 νοῦς
869 2230 945 2292 ἐστιν
965 2230 1020 2292 οἰεί.
1055 2234 1121 2299 νοῦς
1143 2232 1196 2314 γὰρ
1218 2233 1250 2294 τὸ
1273 2231 1337 2295 κατ’
1359 2233 1501 2317 ἐνέργειαν

252 2333 364 2417 νοητόν.
410 2338 493 2396 τοῦτο
516 2335 553 2418 δὴ
575 2334 608 2395 τὸ
631 2332 732 2416 νοητόν
760 2356 791 2395 τε
814 2336 851 2415 τῷ
874 2333 963 2394 αὑτοῦ
986 2333 1070 2416 φύσει
1097 2334 1145 2395 καὶ
1166 2332 1229 2395 κατ’
1258 2334 1400 2418 ἐνέργειαν
1423 2343 1499 2412 νοῦς,
1514 2356 1543 2395 ιο

212 2435 343 2500 ευαίτιον
367 2437 513 2520 γινόμενον
544 2441 586 2521 τῷ
614 2436 705 2520 ῦλιτιῷ
733 2440 775 2518 νῷ
800 2440 849 2498 τοῦ
876 2435 950 2498 κατὰ
976 2436 1027 2518 τὴν
1050 2436 1121 2519 πρὸς
1146 2437 1179 2498 τό
1201 2441 1314 2499 τοιοῦτο
1336 2438 1412 2508 εἶδος
1434 2441 1500 2503 οἰνα-

253 2540 344 2624 ᾳορὰν
367 2542 501 2625 χωρίζειν
524 2563 555 2602 τε
577 2540 624 2602 καὶ
648 2541 799 2622 μιμεῖσθαι
825 2541 871 2602 καὶ
894 2544 968 2601 νοεῖν
991 2540 1118 2600 καὶτῶν
1141 2539 1249 2602 ἐνῦλων
1271 2541 1357 2603 εἰδῶν
1381 2542 1501 2606 ἕκαστον

253 2645 300 2705 καὶ
323 2648 413 2705 ποιεῖν
436 2644 537 2725 νοητὸν
559 2641 646 2713 αὐτό,
670 2641 798 2725 θῦραίίέν
820 2642 880 2705 ἐστι
903 2640 1056 2724 λεγόμενος
1078 2646 1144 2710 νοῦς
1166 2643 1181 2704 ό
1204 2642 1360 2725 ποιητικός,
1383 2645 1437 2707 οῦν,
1460 2647 1502 2707 ὢν

254 2745 352 2828 μόριον
376 2746 423 2807 καὶ
439 2745 556 2827 δύναμίς
578 2769 619 2812 τις
642 2750 693 2827 τῆς
709 2744 851 2828 ῆρετέρας
874 2749 980 2828 ψυχῆς,
1003 2743 1063 2805 ἀλλ’
1085 2742 1192 2812 ἔξωθεν
1211 2745 1358 2827 γινόμενος
1374 2747 1403 2809 ἐν
1419 2749 1500 2831 ἡμῖν,

253 2850 320 2911 όταν
343 2848 429 2911 αὐτὸν
451 2855 574 2928 νοῦνμεν,
596 2847 670 2928 εἴγε
692 2848 765 2909 κατὰ
789 2848 840 2928 μὲν
862 2847 914 2929 τὴν
937 2851 986 2909 τοῦ
1009 2846 1102 2916 εἰῦους
1124 2849 1210 2931 λῆψιν
1234 2849 1266 2911 τὸ
1288 2854 1363 2911 νοεῖν
1385 2850 1500 2932 γίνεται,

212 2967 239 3010 ε’)
253 2952 284 3013 τὸ
312 2952 344 3015 δέ
371 2951 446 3013 ἐστιν
473 2950 548 3017 εἰῦος
575 2949 663 3012 οἶῦλον
692 2950 763 3012 αὐτὸ
795 2948 828 3011 οὐ
857 2948 923 3030 μεθ’
957 2949 1026 3032 ῦλης
1053 2947 1085 3011 όν
1113 2973 1182 3013 ποτε
1209 2951 1276 3014 οὐδὲ
1303 2953 1500 3037 χωριζόμενον

253 3054 342 3138 αὐτῆς
365 3055 480 3117 ἐπειδὰν
502 3059 611 3136 νοῆται.
648 3053 793 3136 χωριστὸς
815 3052 847 3115 δέ
868 3052 945 3114 ἐστιν
967 3053 1051 3134 ἡμῶν
1074 3059 1201 3122 τοιοῦτος
1223 3055 1263 3116 ὢν
1286 3054 1415 3135 εἰκότως,
1438 3056 1545 3119 ἐπείτε

253 3261 342 3322 αὑτοῦ
373 3260 456 3344 φύσει
483 3264 624 3333 τοιοῦτος,
655 3258 782 3342 ἐνεργείᾳ
810 3261 875 3325 νοῦς
903 3280 934 3319 τε
962 3259 1002 3320 ὢν
1033 3260 1081 3321 καί
1108 3258 1219 3342 νοητός.
1264 3260 1352 3323 τόῦέ
1373 3267 1502 3325 τοιοῦτον

253 3362 329 3431 εἶόος
351 3363 398 3425 καὶ
421 3364 440 3445 ῆ
464 3363 554 3445 χωρὶς
581 3362 650 3443 ῦλης
676 3360 760 3423 οὐσία
781 3359 939 3443 ἄφθαρτος.
984 3361 1096 3423 διὸκαὶ
1119 3363 1267 3444 ποιητικός
1288 3367 1368 3433 νοῦς,
1395 3366 1411 3427 ό
1434 3362 1498 3428 κατ’

213 3482 240 3526 30
254 3465 396 3549 ἐνέργειαν
420 3465 546 3547 θόραίίεν
574 3465 614 3525 ὧν
638 3465 669 3526 τὸ
691 3467 819 3565 τοιοῦτον
841 3462 933 3536 εἶδος,
960 3462 1079 3531 εἰκότως
1101 3464 1246 3533 οἰίίοίνατος
1267 3463 1316 3528 ὑπ’
1340 3464 1502 3550 Ἀριστοτέ-

201 3741 216 3793 2
244 3740 321 3793 αὑτοῦ
340 3742 374 3791 V:
394 3738 470 3792 αὐτοῦ
488 3739 555 3791 MKa
677 3737 763 3790 3-15
791 3738 822 3789 τὰ
841 3738 886 3804 μὲν
904 3737 1117 3809 γὰρ-ἐνέργειαν
1135 3740 1237 3809 γίνεται]
1257 3741 1288 3792 cf.
1307 3742 1349 3794 Ps.
1370 3742 1445 3794 Alex.
1464 3743 1493 3794 in
1512 3743 1559 3795 Ar,

201 3836 261 3881 met.
281 3826 490 3893 wasa-6023
608 3826 676 3878 3-4
703 3826 735 3877 τὰ
753 3827 798 3892 μὲν
816 3825 996 3896 γὰρ-νοητά]
1016 3822 1061 3877 όαα
1079 3834 1131 3877 τῶν
1150 3827 1223 3879 εἰῦων
1242 3827 1316 3880 ἐνυλοί
1334 3829 1385 3880 ἐστι
1403 3828 1489 3880 καὶέν
1510 3826 1559 3900 ῦλη

201 3916 229 3968 τό
247 3916 308 3967 εἶναι
326 3915 390 3984 ἔχει,
408 3919 488 3966 ταῦτα
505 3913 553 3966 ὑπὸ
572 3918 616 3966 τοῦ
634 3917 677 3965 νοῦ
696 3912 787 3982 γίνεται
805 3914 895 3983 νοητά,
919 3910 1020 3980 δυνάμει
1039 3913 1098 3965 ὄντα
1117 3917 1194 3984 νοητὰ
1213 3917 1256 3966 καὶ
1275 3917 1310 3985 μὴ
1329 3914 1390 3968 καθ’
1411 3915 1474 3967 αὑτὰ
1494 3916 1560 3985 μηδὲ

135 4028 138 4033 ’
201 4002 308 4075 ἐνεργείᾳ
328 4002 369 4054 Ps.
389 4002 430 4055 Al.
450 4001 553 4054 24-‘25
664 4001 772 4052 ἐίστιν
791 4016 841 4052 om.
860 4002 885 4053 M
991 3999 1118 4058 5αῦτοῖς
1136 4002 1196 4054 VM:
1215 4003 1293 4073 αὐτῆς
1312 4004 1351 4055 Ka
1458 4002 1559 4072 6221]

201 4091 315 4143 ἐστικαὶ
334 4090 376 4142 Ρε,
396 4089 437 4142 ΑΙ.
456 4089 489 4141 ’28
594 4089 609 4139 7
629 4087 713 4140 αὐτῶν
732 4089 765 4139 V:
785 4087 870 4140 αἰιτιῐιν
887 4088 967 4140 MKa:
988 4088 1077 4140 ἑαυτοῦ
1096 4090 1138 4141 Ρε.
1160 4090 1200 4142 ΑΙ.
1220 4092 1253 4140 28
1354 4091 1423 4158 178
1441 4090 1470 4142 τὸ
1488 4089 1560 4143 νυοῦ·

201 4196 275 4245 μενον
293 4179 379 4230 VKM:
397 4176 440 4229 τὸν
458 4175 624 4243 νυοῦμενονυ
721 4176 737 4228 8
756 4175 843 4233 ἁπλῶς
861 4176 919 4227 VM:
940 4174 1027 4227 ἁπλῶν
1046 4177 1086 4227 Ka
1183 4176 1270 4228 9-10
1291 4178 1476 4247 ἐπιστήμη-,ἡ
1496 4176 1557 4230 κατ’

201 4267 323 4336 ἐνέργειαν
342 4280 392 4317 om.
411 4265 454 4317 Ps.
475 4265 515 4316 Δί.
625 4265 650 4316 11
675 4262 750 4332 αῦτη]
771 4262 834 4332 αῦτῆ
853 4264 904 4315 ἐστι
923 4263 966 4315 Ps.
986 4262 1027 4315 Al.
1046 4263 1077 4314 31
1186 4267 1218 4333 τῆ
1238 4264 1314 4315 vKa:
1332 4263 1422 4316 ταύτόν
1440 4267 1473 4333 τῷ
1492 4266 1517 4317 Μ

205 4355 235 4405 12
253 4353 279 4407 δὲ
298 4354 342 4405 καί
360 4369 410 4405 om.
428 4355 471 4405 Ps.
491 4353 546 4404 AL:
564 4352 591 4403 δέ
610 4352 659 4404 del.
679 4349 861 4403 Freudenthal.
881 4349 934 4402 sed.
954 4349 986 4402 εί.
1006 4350 1062 4401 Ind.
1173 4350 1273 4403 12-13
1292 4350 1305 4403 ό
1324 4350 1560 4421 αὑτὸς-ἐνέργειαν

200 4445 237 4512 νῷ
256 4442 349 4493 0111.ἐί
458 4440 489 4490 14
512 4438 648 4508 λαμβοίνιυν
666 4454 716 4490 om.
735 4440 772 4491 M:
792 4437 878 4507 λαβὼν
898 4437 938 4489 Ps.
960 4436 999 4488 Αἰ.
1106 4439 1216 4509 χωρίσας
1234 4438 1276 4489 l‘s.
1296 4437 1337 4490 Al.
1445 4438 1477 4491 15
1497 4437 1556 4491 κατ’

201 4529 323 4600 ἐνέργειαν
341 4533 402 4580 ante
422 4527 502 4579 ἐκεῖνο
521 4544 571 4579 om.
589 4528 613 4579 M
740 4525 770 4577 16
798 4524 829 4593 δή
850 4525 924 4576 vKa:
944 4523 969 4575 δέ
989 4526 1011 4576 Μ
1143 4526 1286 4594 ἐνέργειαα
1414 4526 1505 4594 νοητὸν
1523 4528 1560 4578 V:

200 4621 257 4673 νοῦς
275 4616 341 4668 ΜΚε
454 4622 486 4685 τῆ
506 4615 582 4665 vssa:
601 4620 639 4666 τῶ
658 4614 733 4682 τῆΒΙ
849 4610 925 4663 αὺτοῦ
945 4612 1034 4663 ῊΙΚυ
1053 4613 1094 4665 bis
1213 4613 1241 4664 17
1270 4617 1314 4664 τοῦ
1333 4611 1451 4665 ἄυλονίνί

202 4702 262 4756 αῦτό
281 4704 304 4755 M
323 4719 364 4755 ex.
383 4703 463 4756 vict:
485 4700 555 4771 αὐτῷ
575 4702 638 4753 VKa
746 4701 776 4750 19
796 4698 872 4750 αῦτοῦ
894 4700 925 4749 V:
946 4698 1023 4750 αὐτοῦ
1041 4701 1107 4751 mia
1171 4709 1174 4713 '
1214 4700 1248 4751 :³0
1266 4705 1378 4752 τοιοῦτον
1396 4701 1463 4752 ΜΚα

201 4791 235 4842 24
254 4789 314 4842 αέτὸ
333 4795 431 4857 νοῶμεν
449 4789 515 4841 mia
620 4788 653 4841 ‘25
676 4786 785 4839 sortasse
804 4785 859 4838 τόδε
877 4785 903 4837 δέ
1010 4786 1112 4838 ἐό-’Ζίὶ
1135 4789 1165 4840 τὸ
1183 4787 1341 4857 ῦέ-νυῆται
1360 4805 1411 4840 om.
1429 4790 1453 4840 M

202 4877 235 4929 26
254 4877 360 4936 εἰκότως
379 4875 461 4946 ἐπειδὴ
481 4876 576 4928 imin
673 4874 705 4927 27
725 4873 828 4927 αὐτὸΜ
921 4873 954 4926 ’28
973 4873 1050 4927 αὐτοῦ
1070 4877 1104 4928 V:
1123 4875 1200 4927 αἰετοῦ
1218 4875 1284 4927 ΔἰΙίιίε
1380 4875 1413 4927 29
1433 4874 1446 4928 ό
1465 4891 1515 4927 om.
1536 4877 1562 4930 M
