3540 5610
204 280 263 345 152
430 277 596 349 [ΑΠΟΡΙΩΝ
615 277 675 334 ΚΑΙ
695 277 827 335 ΛΥΣΕΩΝ
847 276 990 335 ΒῙΒΛΙΟΝ
1009 275 1195 334 TETAPTON
1214 277 1329 347 26-27]

254 452 303 514 τὸν
327 450 388 518 οἱόν
411 477 442 516 τε
464 454 555 535 λέγειν
577 450 649 516 εἰναι
672 453 705 515 τδ
727 452 816 516 καλόν
838 477 869 517 τε
893 454 940 516 καί
963 455 1016 537 τὴν
1039 452 1161 538 ἡδονὴν,
1189 450 1235 537 ἐρ’
1265 454 1305 514 ῶν
1329 454 1509 534 συνυποίρχει
1535 464 1550 507 ε

257 577 287 617 τε
309 557 357 619 καὶ
379 557 442 638 ἅμα
463 556 539 619 ἐστὶν
563 555 707 636 ἀλλήλοις.
752 557 778 618 εἰ
799 556 855 640 γάρ
877 556 923 640 εἴη
946 556 1049 619 ταύτὸν
1072 556 1169 623 αὐτοῖς
1190 557 1223 619 τὸ
1245 555 1328 629 εἰναι,
1362 552 1507 637 ἀντιστρέ-

256 680 320 741 ρειν
343 658 416 722 αὐτὰ
439 660 576 743 ἀλληλοις
600 659 726 742 ἀνάγκη,
758 663 799 728 ῶς
821 663 877 721 πᾶν
899 660 932 722 τδ
955 661 1043 722 καλὸν
1072 660 1102 722 ἐν
1124 664 1168 744 τῷ
1191 659 1281 721 καλὸν
1308 656 1381 719 εἰναι
1402 657 1452 719 καί
1476 656 1508 718 τδ

257 760 312 840 ἡδύ
340 759 414 824 εἰναι
442 758 535 846 ἔχειν,
566 761 615 823 καί
642 764 698 823 πᾶν
725 763 757 825 τδ
785 763 840 845 ἡδύ
871 762 933 844 ἅμα
961 785 993 825 τε
1018 762 1074 844 ἡδύ
1101 760 1174 824 εἶναι
1201 760 1250 822 καί
1276 757 1374 822 καλόν.
1423 759 1450 820 εἰ
1477 758 1552 820 δέιυ

221 863 362 945 οψεδδος
388 864 421 926 τὸ
449 863 541 945 λέγειν
569 867 665 925 πᾶσαν
693 864 799 946 ἡδονὴν
830 862 902 927 εἶναι
928 864 1016 926 καλδν
1044 868 1086 947 τῷ
1109 863 1200 946 μηδὲν
1223 858 1339 924 ἔλαττον
1362 863 1433 944 όρδιν
1457 860 1509 930 τὰς

260 963 366 1047 ἡδονάς
392 965 542 1048 γινομένας
572 965 618 1028 ἐπ’
651 966 786 1050 αἰσχραῖς
816 965 984 1049 ἐνεργείαις,
1015 964 1077 1029 οὐδ’
1112 964 1146 1028 ἀν
1173 966 1203 1028 αἱ
1234 964 1283 1026 ἐπί
1314 969 1376 1033 ταῖς
1407 967 1510 1033 καλαῖς

258 1065 411 1150 ἐνεργείαις
433 1069 535 1151 ἡδοναὶ
557 1069 702 1151 γινόμεναι
728 1069 757 1131 αἱ
780 1067 863 1132 αὐτοὶ
887 1068 943 1131 εἶεν
967 1072 1028 1137 ταῖς
1056 1067 1103 1152 ἐφ’
1130 1068 1176 1136 αῖς
1198 1066 1319 1148 γίνονται
1342 1066 1508 1150 ἐνεργείαις.
1523 1081 1550 1124 ιο

258 1167 367 1252 τὸγὰρ
391 1171 465 1254 όμού
493 1170 544 1253 μέν
567 1169 659 1253 λέγειν
686 1169 737 1239 τὰς
764 1172 869 1255 ἡδονὰς
895 1170 969 1234 εἰναι
999 1169 1086 1250 μόνας
1113 1167 1147 1232 δι’
1177 1169 1266 1238 αύτάς
1288 1170 1418 1254 αἱρετάς,
1450 1173 1508 1231 τῶν

258 1266 284 1332 δ’
312 1269 409 1334 ἀλλων
432 1274 554 1356 αἱρετῶν
577 1272 698 1337 ἕκαστον
721 1272 768 1359 ἐφ’
797 1273 865 1337 ὅσον
888 1273 930 1341 εἰς
952 1273 1061 1356 ἡδυνὴν
1084 1297 1110 1336 τι
1133 1274 1278 1348 συντελεῖ,
1300 1272 1347 1334 ἐπὶ
1371 1275 1509 1335 τοσοῦτον

206 1375 303 1439 10καί
326 1376 359 1437 τὸ
382 1376 495 1459 αἱρετὸν
518 1373 608 1460 ἔχειν,
631 1375 705 1457 ὁμοῦ
729 1377 815 1438 δὲτὸ
839 1375 890 1456 μὲν
913 1377 1000 1439 καλὸν
1016 1377 1129 1459 αἱρετδν
1153 1374 1225 1438 εἶναι
1247 1374 1339 1457 λέγειν
1363 1377 1403 1443 ῶς
1426 1397 1509 1457 ποιη-

257 1478 335 1539 τικδν
357 1479 474 1561 ἡδονῆς,
499 1476 601 1561 μηκέτι
625 1479 726 1541 δὲκαὶ
749 1480 781 1542 τὸ
804 1480 926 1564 αἰσχρὸν
955 1481 1075 1563 φάσκειν
1098 1480 1212 1563 αἱρετδν
1234 1479 1362 1562 γίνεσὶἱαι
1385 1477 1432 1540 διὰ
1456 1476 1550 1558 τὴνίν

256 1579 407 1663 γινομένην
430 1581 537 1664 ἡδονὴν
561 1579 609 1643 ὑπ’
638 1580 740 1653 αἰντού,
769 1582 826 1665 οὐχ
849 1581 1066 1663 ὁμολογούμενα
1088 1580 1245 1663 λεγόντων,
1268 1580 1328 1644 ἀλλ’
1356 1579 1510 1648 ἀπιθάνως

256 1681 457 1765 ἀρνουμένων,
484 1684 527 1752 οἷς
550 1688 748 1767 συγχωροῦσιν
772 1684 818 1747 διά
841 1688 899 1747 τῶν
923 1684 1062 1769 αἱρέσεων
1089 1684 1181 1751 οὕτως
1204 1681 1293 1767 ἔχειν.
1337 1682 1432 1751 οὐδεὶς
1454 1682 1509 1764 γὰρ

258 1785 300 1867 μὴ
323 1790 424 1849 τοῦτον
452 1787 723 1870 παρεσκευασμένος
751 1788 800 1850 τδν
829 1787 934 1871 τρόπον
961 1788 1054 1855 οὕτως
1081 1784 1190 1849 ἀτόπου
1218 1785 1387 1869 προΐσταται
1408 1784 1508 1868 δόὶης·
1523 1800 1551 1842 κ

205 1905 236 1955 15
256 1889 288 1951 τὸ
310 1888 365 1973 γάρ
388 1888 480 1970 λέγειν
508 1889 558 1958 τάς
587 1891 638 1972 μὲν
661 1890 708 1953 ἐπί
735 1894 796 1959 ταῖς
823 1893 924 1957 καλαῖς
951 1890 1105 1973 ἐνεργείαις
1134 1888 1284 1971 γινομένας
1309 1888 1416 1971 ἡδονὰς
1442 1889 1509 1951 εἰλι-

256 1994 359 2072 κρινεῖς
382 2013 413 2053 τε
438 1988 441 2075 ἱ
466 1990 538 2054 εἰναι
562 1993 610 2055 καὶ
632 1993 768 2074 ἀμίκτους
791 1997 852 2060 ταῖς
880 1993 1017 2061 ἐναντίαις
1043 1993 1161 2065 λύπαις,
1189 1993 1235 2055 καὶ
1259 1992 1306 2054 διὰ
1333 1995 1417 2054 τοῦτο
1440 1993 1488 2054 καὶ
1511 1999 1563 2054 292

256 2094 306 2162 τάς
328 2094 479 2177 ποιητικὰς
501 2094 596 2157 αὐτῶν
620 2095 764 2178 ἐνεργείας
786 2093 864 2180 ἔχειν
889 2096 920 2158 τὸ
944 2094 1067 2179 αἱρετόν,
1091 2095 1142 2163 ταῖς
1165 2095 1197 2158 δέ
1219 2094 1267 2157 ἐπί
1290 2100 1351 2163 ταῖς
1373 2095 1510 2180 αἰσχραῖς

256 2196 350 2278 ὀλίγον
372 2197 499 2281 ἐχούσας
522 2198 553 2260 τὸ
578 2198 681 2281 τέρπον
705 2197 798 2260 πολλὰ
821 2196 900 2282 ἔχειν
927 2199 974 2261 καὶ
998 2199 1089 2260 πλείω
1118 2198 1153 2261 τά
1175 2200 1337 2272 λυποῦντα,
1365 2199 1409 2260 διὸ
1434 2199 1511 2282 μηδὲ
1537 2214 1552 2255 ε

255 2296 306 2366 τάς
328 2297 470 2383 ἐνεργείας
493 2299 564 2362 εἰναι
587 2299 638 2368 τὰς
660 2301 791 2369 τοιαύτας
814 2300 930 2384 αἱρετὰς
958 2299 1046 2369 ούσας
1068 2303 1219 2382 ποιητικὰς
1241 2300 1333 2386 λύπης
1356 2302 1466 2383 μᾶλλον
1489 2300 1509 2384 ἡ

203 2420 237 2467 20
255 2398 381 2485 ἡδονὴς,Ι
405 2407 468 2471 πῶς
494 2403 527 2466 ού
556 2403 794 2487 συνδιαιρούντων
821 2404 869 2466 ἐπὶ
897 2408 957 2471 ταῖς
985 2401 1138 2486 ἐνεργείαις
1165 2402 1212 2486 ἐφ’
1241 2404 1286 2472 αῖς
1313 2404 1435 2484 γίνονται
1458 2402 1510 2471 τὰς

255 2504 361 2588 ἡδονὰς
388 2506 436 2569 καί
462 2505 519 2590 ούχ
547 2506 690 2588 ὁμοειδεῖς
717 2505 940 2589 φυλασσόντων;
973 2507 999 2568 εἰ
1025 2505 1080 2590 γάρ
1108 2507 1138 2568 αἱ
1169 2507 1220 2589 μὲν
1250 2507 1297 2569 ἐπὶ
1323 2512 1383 2572 τοῖς
1409 2508 1511 2574 καλοῖς

258 2611 394 2682 τοιαῦται,
418 2610 447 2670 αἱ
471 2609 502 2671 δὲ
525 2609 573 2670 ἐπὶ
596 2612 656 2678 τοῖς
678 2609 810 2692 αἰσχροῖς
833 2612 972 2682 τοιαῦται,
996 2607 1042 2691 εἰη
1067 2608 1100 2671 ἀν
1123 2610 1159 2672 τὰ
1174 2609 1249 2672 καλὰ
1271 2610 1318 2671 καί
1340 2608 1375 2671 τὰ
1397 2609 1510 2693 αἰσχρὰ
1524 2624 1551 2667 1⁰

255 2714 307 2792 τὴς
330 2715 387 2773 τῶν
410 2713 522 2794 ἡδονῶν
546 2713 686 2794 διαφοραῖς
708 2709 799 2774 αἴτια·
832 2711 866 2774 ού
888 2709 942 2795 γάρ
966 2712 1023 2773 ἀπὸ
1052 2718 1109 2774 τῶν
1137 2714 1249 2795 ἡδονῶν
1272 2718 1332 2781 ταῖς
1355 2712 1511 2817 ἐνεργείαις

255 2812 316 2876 ἐστὶ
339 2816 371 2875 τδ
394 2812 517 2897 αἱρετόν,
542 2813 616 2876 ἀλλά
640 2815 697 2877 ἀπὸ
720 2820 778 2876 τῶν
801 2814 951 2898 ἐνεργειῶν
977 2820 1039 2883 ταῖς
1062 2817 1189 2897 ἡδοναῖς,
1213 2816 1258 2884 αῖς
1280 2839 1312 2898 γε
1335 2816 1381 2879 διὰ
1404 2815 1510 2884 ταύτας

203 2935 235 2984 ‘25
256 2917 304 2979 καὶ
326 2918 358 2979 τὸ
382 2915 455 2978 εἰναι
478 2916 637 2992 τοιαύταις,
665 2918 712 2980 καὶ
735 2916 792 2980 εἰεν
820 2916 854 2978 ἀν
883 2915 968 2978 ἀλλαι
992 2917 1044 2999 μὲν
1073 2921 1115 3000 τῷ
1144 2916 1214 2982 εῖδει
1242 2922 1271 2982 αἱ
1299 2921 1356 2982 ἀπὸ
1379 2925 1437 2980 τῶν
1461 2942 1510 2981 κα·
1526 2933 1551 2975 ιε

254 3021 329 3094 λῶν,
352 3018 438 3082 ἀλλαι
462 3021 494 3082 δὲ
515 3022 546 3082 αἱ
568 3021 626 3083 ἀπὸ
650 3025 707 3083 τῶν
730 3021 875 3104 αἰσχρῶν,
904 3019 985 3102 εἴγε
1007 3024 1099 3083 πᾶσαι
1122 3021 1174 3102 μὲν
1197 3023 1226 3083 αἱ
1248 3021 1306 3083 ἀπὸ
1328 3026 1385 3083 τῶν
1409 3025 1509 3084 καλῶν

256 3122 385 3205 καθαραί
410 3146 442 3186 τε
470 3124 517 3187 καί
548 3122 662 3204 ἀμικτοι
690 3124 736 3185 καὶ
766 3123 908 3204 μηδεμιᾶς
935 3124 1086 3203 μετανοίας
1115 3124 1133 3206 ἡ
1157 3123 1249 3206 λύπης
1278 3123 1364 3186 αἴτιαι
1386 3125 1510 3187 εἰδοποι-

256 3224 375 3306 υύμεναι
400 3231 463 3294 ταῖς
488 3226 632 3295 τοιαύταις
659 3226 828 3310 ἐνεργείαις,
856 3229 945 3287 πᾶσαι
973 3225 1004 3287 δὲ
1031 3227 1061 3287 αἱ
1088 3225 1145 3287 ἀπὸ
1173 3231 1231 3287 τῶν
1258 3227 1388 3311 αἰσχρῶν
1412 3229 1551 3310 μικταίευ

256 3329 356 3391 τεκαὶ
381 3329 410 3390 ἐν
435 3330 618 3412 μεταμελείᾳ.
657 3329 748 3398 ούτως
771 3329 803 3392 δὲ
826 3328 959 3411 ἐχουσῶν
983 3331 1040 3389 τῶν
1064 3328 1176 3410 ἡδονῶν
1200 3330 1271 3413 πρὸς
1293 3329 1343 3397 τὰς
1365 3330 1510 3414 ἐνεργείας

203 3450 237 3498 30
255 3431 410 3516 πρόδηλον,
436 3430 480 3495 ότι
504 3433 544 3515 μὴ
569 3432 648 3516 παρὰ
670 3437 728 3495 τῶν
744 3432 856 3514 ἡδονῶν
879 3433 941 3498 ταῖς
963 3430 1116 3514 ἐνεργείαις
1139 3433 1170 3494 τὸ
1187 3430 1311 3516 αἱρετόν,
1334 3433 1409 3495 ἀλλά
1430 3432 1510 3515 παρὰ

255 3539 312 3596 τῶν
335 3535 486 3618 ἐνεργειῶν
509 3539 572 3602 ταῖς
593 3535 710 3616 ἡδοναῖς
736 3538 798 3601 ταῖς
821 3533 872 3613 μὲν
899 3533 932 3594 τὸ
959 3531 1089 3615 αἱρετόν,
1120 3540 1181 3603 ταῖς
1203 3535 1235 3596 δὲ
1258 3535 1290 3597 τὸ
1314 3536 1452 3617 φευκτόν,
1483 3537 1550 3599 είεο

255 3660 288 3718 γε
310 3639 431 3720 φευκταί
458 3639 488 3700 αἱ
514 3637 600 3699 πλέον
623 3639 674 3698 τοῦ
698 3637 816 3718 ἡδοντος
846 3635 878 3697 τὸ
905 3638 1015 3698 λυποῦν
1038 3633 1175 3719 ἔχουσαι,
1206 3641 1334 3700 τοιαῦται
1361 3640 1393 3700 δὲ
1416 3644 1508 3703 πᾶσαι

255 3741 285 3803 αἱ
307 3741 355 3803 ἐπί
378 3746 439 3809 ταῖς
461 3741 596 3824 αἰσχραῖς
619 3739 781 3822 ἐνεργείαις.
807 3760 810 3819 γ

255 3960 384 4024 XXVII.
428 3960 492 4023 Διά
515 3961 546 4022 τί
568 3961 603 4023 αἱΙ
626 3960 747 4044 η’ἱὶικαί
770 3959 899 4044 ἀρεταὶΙ
913 3961 1115 4045 μεσότητες.
1510 3974 1562 4030 293

202 4135 235 4183 35
333 4112 373 4178 Ἢ
397 4115 440 4178 ότι
461 4121 542 4178 παῖσα
557 4116 658 4199 ἀρετή,
680 4115 714 4178 ού
736 4115 770 4179 ἀν
792 4114 812 4199 ἡ
833 4118 932 4200 ἀρετὴ,
956 4114 1026 4178 αὐτό
1049 4138 1079 4177 τε
1100 4115 1132 4178 εύ
1156 4116 1225 4203 ἔχον
1242 4121 1381 4184 ἀποτελεῖ
1401 4125 1450 4185 καὶ
1473 4126 1506 4187 τὸ

256 4217 337 4302 ἔργον
361 4217 449 4280 αὐτού
465 4215 497 4280 εύ
514 4219 697 4281 ἀποδίδωσιν.
736 4222 754 4303 ἡ
777 4243 807 4281 τε
829 4219 882 4303 γὰρ
905 4223 955 4281 τού
979 4220 1134 4304 ἰνφὶἱαλμού
1158 4222 1247 4306 ἀρετὴ
1272 4225 1320 4286 τόν
1342 4247 1373 4286 τε
1397 4226 1506 4308 ἀφθαλ·

205 4431 272 4483 Ιῶν
292 4432 344 4483 Βίυ
357 4436 400 4498 Sp.
420 4448 509 4499 supra:
530 4429 585 4502 ᾤὶί
675 4434 748 4500 3μι.
761 4433 789 4485 τὸ
809 4436 909 4500 Spart
929 4435 986 4486 libri
1077 4434 1415 4502 4όμα]ιιὶῑ.αἰιιὶἰῑ.λί
1502 4441 1563 4494 δαί

201 4535 251 4572 om.
269 4538 285 4570 ε
303 4524 346 4585 Sp.
437 4519 569 4591 8αἱρετάς
588 4537 608 4573 s.
623 4538 645 4573 ν.
666 4522 757 4590 (ἱρετάς
776 4523 803 4572 in
826 4521 876 4586 lit.)
891 4527 913 4571 V
1011 4525 1026 4573 ἱί
1046 4524 1163 4593 αἱρετῶν]
1183 4525 1279 4596 αἱρετὸν
1298 4544 1313 4577 ε
1331 4528 1375 4593 Sp.
1479 4544 1564 4582 συντι·

200 4605 251 4660 λεῖν
271 4625 286 4658 a
395 4609 427 4660 10
445 4610 500 4677 μὲν]
521 4629 539 4677 μ
557 4611 585 4661 in
605 4610 643 4660 lit.
664 4613 686 4658 V
805 4609 835 4660 Γ.)
855 4608 910 4661 ἀλλ’
929 4608 1056 4670 ἀπιδάνως
1075 4616 1132 4665 sFa
1151 4617 1207 4679 Sp.:
1228 4612 1291 4665 ἀλλά
1311 4614 1424 4672 πιθανῶς
1443 4616 1490 4668 VB

203 4698 235 4749 18
262 4698 366 4767 τερπνόν
386 4716 402 4750 a
420 4699 464 4763 Sp.
576 4698 605 4747 19
634 4694 707 4754 οὔσας
727 4698 796 4750 BS¹a
817 4702 873 4764 Spa
902 4696 976 4767 οὔσης
995 4700 1072 4751 VS²F
1179 4702 1213 4752 20
1240 4702 1381 4772 ἐνεργείαις]
1403 4721 1424 4760 ις
1442 4705 1470 4756 in
1490 4704 1562 4762 lit<

201 4801 221 4837 s.
237 4789 298 4837 ι’.ἱί
422 4786 455 4837 23
474 4783 541 4837 αἰτία
560 4803 575 4835 a
593 4787 637 4850 Sp.
761 4784 794 4835 27
814 4784 888 4836 αἰτιαι
908 4789 931 4835 V
1055 4785 1088 4836 ⁴29
1107 4788 1230 4856 ἐνεργειασ
1249 4794 1274 4854 (σ
1293 4792 1321 4841 in
1340 4790 1392 4856 lit.)
1412 4796 1436 4843 V

201 4873 234 4929 33
253 4874 368 4947 ἐνέργειαι
387 4893 403 4928 ε
421 4878 464 4942 Sp.
571 4873 605 4926 35
624 4872 685 4925 αὑτό
704 4875 740 4939 τε]
759 4873 816 4926 τότε
835 4892 852 4925 υ
950 4876 984 4927 36
1003 4875 1080 4928 αυτοῦ
1099 4880 1142 4944 sp.
