3540 5610
213 320 274 384 126
458 315 622 386 [ΑΠΟΡΙΩΝ
643 315 704 371 ΚΑΙ
724 315 856 372 ΛΥΣΕΩΝ
877 312 1020 370 ΒΙΒΑΙίλΝ
1040 313 1226 370 ΊῈἸἋΡΤΟΝ
1244 314 1325 385 5-7]

264 491 426 573 φθείρουσα
448 491 500 573 τὴν
523 491 570 553 ἐπὶ
597 495 657 559 τοῖς
680 490 753 552 κατὰ
778 488 863 573 φύσιν
886 489 993 571 ἡδονὴν
1021 485 1109 550 οὖσαν
1133 487 1259 568 ἀγαθὸν,
1287 485 1397 566 ὁμοίως
1419 490 1458 568 τῇ
1482 485 1523 548 oi·

264 592 328 675 νείηι
350 593 439 675 λύπη,
461 591 507 675 εἴη
525 591 558 654 ἂν
576 593 622 655 καὶ
639 592 713 674 αὐτῇ
738 590 825 654 κακόν
841 589 864 670 †
881 593 922 657 ῶς
945 591 1091 674 ύπερβολὴ
1114 588 1169 672 γὰρ
1192 590 1224 650 τδ
1248 585 1296 671 ἐφ’
1316 587 1361 656 οἷς
1376 589 1452 672 μηδὲ
1474 610 1520 670 γε·

264 692 399 776 νόμενον,
424 697 464 762 ῶς
486 694 557 756 εἶναι
580 699 675 757 πᾶσαν
700 695 751 776 μὲν
775 693 867 775 λύπην
890 691 995 765 κακόν,
1021 696 1079 754 τῶν
1102 690 1129 754 δ’
1157 692 1272 772 ἡδονῶν
1294 689 1344 759 τὰς
1369 690 1421 772 μὲν
1445 690 1521 753 κατὰ
1546 703 1560 745 ⁶

264 795 349 878 φύσιν
371 819 403 858 τε
425 797 472 858 καὶ
497 796 602 877 κυρίως
623 795 730 878 ἡδονὰς
753 798 793 863 ῶς
816 794 913 876 ἀγαδὰ
936 793 1065 860 ἐναντίας
1087 791 1160 855 εἶναι
1182 798 1244 862 ταῖς
1266 792 1383 863 λύπαις,
1413 792 1464 861 τὰς
1487 793 1520 854 δὲ

230 917 244 964 5
264 898 342 981 παρὰ
366 898 451 982 φύσιν
475 900 516 965 ῶς
538 898 626 959 κακόν
650 901 743 982 καινῇ.

264 1207 315 1270 vl.
355 1205 424 1271 Ὅτι
448 1212 489 1290 τῇ
514 1209 625 1291 ἡδονῇ
650 1209 668 1291 ἡ
692 1208 782 1289 λύπη
806 1206 900 1269 ἐστὶν
923 1205 1081 1268 ἐναντίον
1105 1205 1172 1269 ἀλλ’
1201 1205 1239 1269 ού
1262 1205 1379 1274 πόνος.

342 1408 377 1474 ‘0
402 1413 453 1493 μὲν
476 1412 530 1496 γὰρ
553 1410 640 1479 πόνος
663 1413 831 1495 σωματικήν
856 1435 917 1473 τινα
944 1413 1042 1494 δλῑψιν
1066 1410 1208 1495 ἐμφαίνει,
1235 1412 1254 1492 ἡ
1278 1410 1310 1472 δὲ
1332 1408 1410 1492 λύπη
1433 1413 1517 1491 ψυχι·
1535 1422 1564 1464 1⁰

263 1512 316 1594 κὴν
340 1516 494 1595 συστολὴν.
539 1514 564 1575 εί
588 1514 639 1594 μὲν
663 1512 713 1575 ούν
736 1515 784 1575 καὶ
814 1515 832 1594 ἡ
856 1515 946 1596 ἡδονὴ
970 1517 1051 1576 πᾶσα
1078 1510 1113 1595 ἡν
1142 1512 1173 1574 ἐν
1197 1516 1350 1595 σωματικῇ
1375 1508 1518 1594 διαχύσει,

263 1613 298 1696 ἡν
322 1613 355 1676 ἂν
378 1617 393 1677 6
414 1615 501 1684 πόνος
523 1615 598 1697 αὐτῇ
623 1615 757 1691 ἐναντίος,
782 1614 845 1676 ἐπεὶ
867 1613 893 1675 δ’
914 1615 990 1678 ἐστὶν
1013 1616 1104 1698 ἡδυνὴ
1128 1615 1260 1698 διάχυσίς
1281 1637 1323 1683 τις
1345 1618 1398 1695 τὴς
1418 1615 1520 1694 ψυχῆς

213 1736 243 1781 10
263 1715 297 1777 ού
321 1717 367 1779 διὰ
391 1722 526 1800 σώματος
553 1715 613 1781 οὐδ’
642 1718 689 1779 ἐπὶ
713 1718 826 1797 σώματι
849 1717 983 1801 γινομένη
1008 1716 1104 1801 μόνῳ,
1134 1716 1187 1780 ούιι
1211 1715 1244 1778 ἂν
1267 1713 1313 1800 είη
1336 1720 1373 1796 τῇ
1397 1714 1517 1795 τοιαύτη
1534 1729 1562 1770 ιν

263 1819 355 1900 ἡδονῇ
380 1819 506 1885 ἐναντίον
528 1820 625 1892 πόνος,
648 1820 724 1882 ἀλλὰ
745 1820 832 1901 λύπη.
878 1820 897 1901 ἡ
922 1821 973 1899 μὲν
996 1819 1050 1902 γὰρ
1073 1818 1151 1902 λύπη
1174 1820 1221 1882 καὶ
1245 1818 1292 1879 ἐπὶ
1313 1820 1376 1884 ταῖς
1399 1816 1516 1898 δλίψεσι

265 1924 314 1982 τοῦ
339 1924 473 2003 σώματος
497 1923 544 1985 καὶ
565 1921 655 2005 αύτὴς
678 1926 729 2003 τὴς
752 1926 850 2005 ψυχῆς
874 1920 920 2004 ἐφ’
948 1922 1053 2004 αύτὴς,
1077 1923 1177 2003 ῶσπερ
1201 1920 1288 2002 καὶὴ
1312 1920 1420 2002 ἡδονὴ,
1444 1919 1461 1979 6
1484 1918 1518 1981 δὲ

263 2020 349 2089 πόνος
372 2024 419 2085 ἐπὶ
443 2028 556 2105 σώματι
574 2022 669 2105 μόνον.
711 2025 754 2085 διδ
778 2021 824 2105 εἴη
848 2022 882 2085 ἐν
907 2024 1007 2091 ἁπλῶς
1031 2025 1082 2106 μὲν
1099 2025 1190 2105 ἡδονῇ
1214 2022 1290 2104 λύπη
1313 2022 1438 2095 ἐναντία,
1462 2023 1518 2083 τινὶ
1532 2038 1563 2079 ευ

261 2125 293 2186 δέ
315 2126 407 2208 ἡδονῇ
437 2128 456 2209 ἡ
480 2130 521 2193 ῶς
543 2127 640 2192 πόνος.
684 2128 721 2205 τῇ
746 2124 800 2207 γὰρ
825 2130 976 2208 σωματικῇ
1006 2125 1139 2210 διαχύσει
1165 2127 1214 2189 καλ
1244 2130 1281 2208 τῇ
1306 2129 1356 2187 τού
1380 2127 1520 2208 σώματος

211 2247 240 2294 15
260 2226 411 2310 εύσδενείογ
438 2228 486 2290 ναὶ
513 2230 550 2308 τῇ
575 2226 622 2288 ἐπὶ
645 2225 755 2295 τούτοις
781 2228 874 2310 ἡδονῇ
903 2226 949 2309 είη
974 2225 977 2309 i
1004 2227 1037 2290 ἐν
1060 2229 1079 2309 ἡ
1103 2231 1153 2289 τοῦ
1182 2230 1317 2310 σώματος
1346 2228 1445 2310 iiiii<
1466 2249 1497 2289 τε
1521 2235 1576 2291 242

261 2330 307 2390 καὶ
337 2330 424 2413 δδύνη
454 2330 576 2391 ἐναντία.
623 2331 638 2391 ό
669 2329 701 2390 δὲ
727 2329 775 2391 ἐπὶ
803 2335 854 2412 τῆς
880 2336 977 2415 ψυχῆς
1004 2328 1159 2411 λεγόμενος
1186 2332 1286 2403 πόνος,
1317 2332 1358 2398 ῶς
1384 2328 1525 2412 λέγονταί

260 2455 332 2499 τινες
355 2431 520 2515 φιλόπονοι,
548 2430 615 2493 οὐδὲ
638 2431 689 2512 τὴν
713 2431 808 2514 ἀρχὴν
837 2431 963 2500 ἐναντίος
986 2433 1093 2514 ἡδονῇ·
1128 2429 1195 2514 μεθ’
1224 2433 1331 2515 ἡδονὴς
1352 2435 1421 2513 γοῦν
1444 2430 1516 2512 γίνε-

260 2557 315 2595 ται.
360 2534 386 2596 εί
409 2533 441 2595 δέ
463 2556 504 2600 τις
527 2533 573 2594 ἐπὶ
600 2537 641 2616 τῷ
666 2538 761 2594 πονεῖν
785 2536 916 2608 λυποῖτο,
947 2536 965 2616 ἡ
993 2533 1071 2616 λύπη
1099 2532 1144 2608 ἄν,
1172 2532 1229 2618 οὐχ
1256 2534 1272 2596 δ
1300 2533 1387 2602 πόνος
1413 2531 1461 2616 εἴη
1484 2536 1520 2597 τδ
1548 2552 1563 2593 ⁵

260 2636 384 2697 ἐναντίον
408 2638 446 2715 τῇ
471 2635 574 2717 ἡδονῇ.
619 2634 708 2717 ούσης
735 2635 767 2697 δὲ
789 2636 882 2718 λύπης
908 2641 945 2717 τῇ
973 2637 1065 2718 ἡδονῇ
1096 2636 1223 2704 ἐναντίας
1250 2639 1331 2699 πᾶσα
1358 2635 1410 2718 μέν
1440 2637 1520 2720 λύπη

207 2758 240 2804 νυ
259 2740 347 2800 κακόν
370 2737 499 2818 εὐλόγως
522 2736 556 2799 ἂν
579 2738 705 2819 λέγοιτο·
736 2740 773 2820 τῇ
798 2736 851 2819 γὰρ
873 2739 965 2821 αύτὴς
991 2739 1075 2822 φύσει
1101 2738 1222 2822 φευντὴ.
1267 2738 1286 2819 ἡ
1311 2735 1338 2800 δ’
1366 2739 1458 2821 ἡδονὴ
1482 2740 1520 2802 ού

260 2845 341 2903 πᾶσα
370 2839 493 2920 ἀγαθόν,
522 2838 582 2901 ἀλλ’
611 2839 676 2902 όσαι
701 2841 752 2923 μὲν
779 2845 837 2902 τῶν
865 2841 1015 2924 ἐνεργειῶν
1043 2845 1100 2902 τῶν
1124 2839 1171 2924 ἐφ’
1200 2840 1286 2923 αἶςὴ
1313 2841 1404 2924 ἡδονὴ
1434 2844 1520 2928 ὑπερ
1536 2860 1562 2902 ιυ

259 2943 348 3026 βολὴν
372 2939 506 3025 ἔχουσιν,
538 2941 649 3010 ἕξουσιν
672 2943 782 3024 ὁμοίως
804 2943 852 3004 καὶ
875 2943 904 3005 αἱ
931 2941 978 3005 ἐπ’
1006 2943 1107 3012 αὐταῖς
1130 2944 1294 3027 ὑπερβολὴν
1317 2945 1433 3026 ἡδοναί,
1461 2969 1518 3009 τοι·

259 3049 343 3106 αύται
372 3042 399 3106 δ’
427 3045 456 3105 αἱ
485 3044 655 3126 σωματιναί.
700 3042 771 3107 διότι
798 3044 907 3107 τούτων
935 3047 964 3107 αἱ
996 3047 1047 3129 μὲν
1075 3046 1233 3129 σύμμετροι
1261 3046 1387 3129 αἱρεταί,
1416 3049 1522 3112 όπυῖαί

258 3147 329 3209 εἰσιν
352 3146 400 3207 καὶ
423 3147 452 3207 αἱ
476 3148 540 3228 περὶ
563 3146 599 3208 τὰ
621 3148 763 3227 ἀναγκαῖα
785 3145 821 3208 τὰ
844 3148 914 3228 πρὸς
938 3149 970 3209 τδ
994 3153 1081 3229 σῶμα
1103 3149 1219 3232 (αἱρετὰ
1234 3147 1289 3231 γὰρ
1304 3150 1352 3211 καὶ
1374 3148 1410 3210 τὰ
1434 3150 1519 3232 ἀναγ-

206 3269 238 3316 ‘25
259 3248 356 3328 καῖα),
384 3249 414 3309 αἱ
438 3246 463 3310 δ’
493 3249 724 3332 ὑπερβάλλουσαι
747 3250 881 3331 φευκταί,
910 3250 1010 3312 όποῖαί
1029 3251 1101 3313 εἰσιν
1124 3252 1233 3313 αἰτῶν
1256 3251 1443 3327 ἀκολάστων,
1466 3255 1518 3316 καὶ
1533 3270 1559 3314 ιι

258 3350 304 3434 εἴη
329 3349 362 3412 ἂν
386 3348 432 3412 ἐπ’
461 3349 558 3412 αὐτῶν
587 3352 635 3412 καὶ
658 3352 676 3432 ἡ
700 3350 777 3433 λύπη
801 3354 841 3419 ῶς
864 3349 958 3414 ἔνδειυὶ
981 3375 1022 3420 τις
1043 3352 1149 3426 κακόν,
1177 3354 1225 3416 καὶ
1248 3354 1268 3436 ἡ
1292 3354 1517 3438 ὑπερβάλλουσα

257 3453 348 3535 ἡδονὴ
377 3456 417 3520 ῶς
446 3452 592 3536 ύπερβολὴ
616 3476 669 3526 τις,
700 3454 719 3534 ἡ
749 3454 781 3514 δὲ
804 3454 967 3537 σύμμετρος
994 3456 1104 3537 ἀγαδδν
1131 3455 1161 3517 ἐν
1185 3455 1325 3537 μεσότητί
1350 3480 1413 3525 πως
1440 3455 1517 3521 ούσα

256 3561 314 3618 τῶν
338 3554 564 3637 προειρημένων.
610 3555 651 3615 ὧν
679 3552 703 3616 δ’
732 3556 845 3635 ἡδονῶν
874 3557 913 3638 μὴ
937 3555 1013 3619 ἔστιν
1037 3558 1182 3641 ὑπερβολῇ
1206 3558 1350 3635 (τοιαῦται
1377 3558 1403 3622 δ’
1432 3562 1559 3637 εἰσίωσι

258 3656 324 3719 ύσαι
351 3657 398 3717 ἐπὶ
427 3656 579 3738 ἐνεργείαις
606 3657 743 3737 γίνονται,
775 3655 853 3718 ὅσων
881 3659 914 3719 τὸ
942 3661 1054 3743 αἱρετόν
1085 3660 1119 3723 ἐκ
1145 3664 1198 3743 τῇς
1224 3660 1385 3730 ἐπιδόσεως
1411 3687 1442 3725 τε
1465 3651 1542 3728 νισιλΙ

205 3780 238 3828 30
258 3760 428 3845 προσδὴκης
451 3756 581 3829 αύξεται,
609 3757 709 3819 όπυῖαί
729 3757 800 3819 εἰσιν
827 3760 856 3820 αἱ
879 3758 1024 3842 γινόμεναι
1052 3763 1125 3825 κατὰ
1148 3767 1199 3832 τὰς
1221 3764 1354 3847 ἀρετάς),
1380 3764 1429 3827 ἐπὶ
1450 3768 1516 3830 τού·

258 3886 315 3926 των
339 3861 407 3923 οὐδὲ
430 3864 487 3920 τῶν
511 3861 624 3942 ἡδονῶν
647 3857 728 3921 ἔσται
751 3882 790 3927 τις
814 3861 975 3945 ὑπερβολῇ·
1006 3865 1050 3926 διὸ
1074 3866 1103 3926 αἱ
1127 3869 1256 3928 τοιαῦται
1277 3867 1388 3950 αἱρεταί
1409 3891 1441 3931 τε
1465 3873 1515 3934 καὶ
1530 3887 1558 3929 ιε

257 3963 365 4046 ἀγαθαὶ
387 3967 424 4043 τῇ
449 3962 542 4043 οίνιείηι
567 3961 652 4044 φύσει
675 3966 776 4024 πᾶσαι.
803 3960 806 4044 Ι

204 4269 215 4319 l
237 4269 302 4332 τοῖο]
321 4275 376 4320 ταῖσ
395 4288 410 4320 ιι
429 4274 473 4334 Sp.
581 4268 696 4320 διανύν
717 4269 787 4320 i'ss1:
816 4269 925 4322 ἐναντίον
946 4270 982 4329 ὡς
1001 4272 1081 4324 κακόν
1101 4277 1177 4343 τιατηῖ
1196 4274 1246 4327 Βέυ
1265 4279 1311 4344 Sp.
1418 4279 1447 4331 τὸ
1467 4276 1512 4351 ἐφ’
1532 4282 1569 4340 υίς

202 4356 265 4424 μηδὲ
285 4356 417 4424 γενόμενον
439 4357 508 4407 VB¹z
537 4355 642 4425 ἐλλείψει
661 4358 712 4407 13²³
731 4359 774 4420 Sp.
899 4358 915 4408 8
939 4358 1050 4431 διαχύσει
1072 4361 1136 4412 vict.
1157 4364 1267 4429 (ubique
1287 4365 1425 4430 restitum:
1455 4367 1568 4421 διαλύσει

201 4444 260 4496 libri
370 4442 485 4495 960m.
506 4462 521 4494 a
544 4446 587 4509 Sp.
700 4443 766 4516 αὐτῇ
785 4447 841 4510 Sp.:
871 4445 948 4513 αὐτῇς
972 4449 1031 4501 libri
1143 4448 1295 4508 διάλυσιςλί
1407 4454 1445 4506 10.
1475 4457 1505 4507 ll
1534 4459 1567 4526 τῇ

201 4528 303 4598 τοιαύτη
332 4529 411 4599 ἡδονῇ
435 4533 492 4595 Spa
526 4534 571 4598 τῇς
598 4532 714 4598 τοιαύτης
742 4530 835 4600 ἡδονῇς
858 4533 917 4585 libri
1036 4536 1066 4586 13
1094 4537 1192 4588 ἐναντία
1212 4542 1242 4589 V:
1270 4539 1382 4591 ἐναντίον
1401 4543 1442 4592 Ba

205 4618 235 4668 14
264 4617 411 4669 διαλύσειν
516 4616 546 4667 19
570 4621 600 4686 τῇ
620 4617 697 4686 ἡδονῇ
716 4619 751 4670 Β“·’
770 4623 817 4685 Sp:
846 4624 890 4688 τὴς
909 4620 1001 4691 ἡδυνὴς
1019 4623 1076 4674 libri
1098 4624 1138 4675 bis
1233 4625 1266 4676 21
1291 4624 1347 4678 ύσαι
1364 4626 1416 4678 B'a
1436 4630 1495 4694 Sp.:
1521 4629 1567 4683 όεα

201 4703 261 4757 libri
368 4703 693 4768 22a61214]uinlit.v
801 4706 834 4759 23
853 4706 890 4758 διό
910 4710 977 4760 coni.
995 4712 1039 4776 Sp.
1147 4712 1177 4763 31
1200 4720 1258 4778 post
1277 4719 1329 4764 τῶν
1348 4713 1407 4765 add.
1425 4715 1566 4787 ἐνεργειῶν,

201 4791 222 4842 εί
241 4789 267 4843 δέ
285 4796 337 4842 τῶν
356 4792 425 4843 13²2:
449 4797 500 4842 τῶν
519 4792 659 4859 (ἐνεργειῶν
678 4791 788 4860 ἡδονῶν)
807 4796 875 4846 coni.
895 4798 939 4859 Sp.
