3540 5610
226 308 268 371 34
587 306 814 365 ΑΛΕΞΑΝΔΡΟΥ
833 307 987 365 ΑΠΟΡΙΩΝ
1007 308 1067 365 ΚΑΙ
1085 308 1217 365 immi

277 480 384 564 χεσθαι
412 482 467 545 ὑπὸ
494 487 547 563 τὴς
573 483 795 567 κατενεχθείσης
826 483 1051 566 ἀναθυμιάσεως
1078 483 1136 546 ἀπδ
1163 488 1216 566 τὴς
1242 485 1371 565 κεφαλῆς
1396 481 1445 545 ἐπὶ
1476 482 1524 544 τδν

278 583 400 666 θώρακα
426 585 458 647 τδ
486 584 632 668 σύμφυτον
658 587 727 668 ὴμῖν
755 584 863 668 θερμόν
892 585 925 668 (ὴ
953 585 1007 669 γὰρ
1029 586 1133 648 τούτου
1160 584 1264 648 αύτόθι
1291 586 1418 667 συστολὴ
1447 582 1566 647 αἰτίαιν

276 690 328 767 τὴς
343 687 442 769 ἀργίας
457 690 518 755 ταῖς
532 688 727 769 αἰσθήσεσιν),
750 688 812 770 ἥτις
834 689 940 770 γίνεται
962 689 1075 771 κατοχὴ
1099 691 1150 749 τοῦ
1173 688 1284 769 θερμοῦ
1307 688 1371 770 περὶ
1393 689 1442 749 τόν
1465 687 1525 751 θιύ·

277 810 364 869 ρακα,
393 789 449 858 έως
472 788 506 850 ἂν
529 791 547 870 ὴ
571 791 779 874 κατενεχθεῖσα
807 790 997 873 ἀναθυμίασις
1023 787 1095 852 ούσα
1119 792 1229 873 παχεῖα
1252 788 1380 871 ὑπὸτῆς
1403 813 1525 874 κατεχο·

243 909 258 958 ο
280 889 368 974 μένης
390 891 438 954 ὑπ’
467 890 556 974 αὐτῆς
578 891 756 974 θερμότητος
778 893 888 975 ἀθρόας
915 891 1018 955 αὐτόθι
1041 891 1270 974 συνεσταλμένης
1296 893 1396 975 πεφθῇ
1421 914 1452 953 τε
1476 895 1523 955 καὶ
1538 909 1564 950 ιε

275 979 467 1057 λεπτυνθεῖσα
488 996 635 1077 διακριθῇ,
666 992 689 1074 †
710 992 772 1056 κατ’
800 994 890 1076 αὐτὴν
912 993 984 1057 κατὰ
1007 992 1091 1077 φύσιν
1114 994 1192 1057 αἰτία
1213 998 1264 1057 τοῦ
1287 994 1377 1057 ὕπνου
1400 996 1522 1058 καὶτοῦ

275 1095 306 1158 ἐν
329 1101 372 1180 τῷ
394 1102 519 1182 χειμῶνι
540 1100 588 1159 καὶ
609 1101 660 1159 τοῦ
683 1097 713 1159 ἐν
729 1101 773 1181 τῷ
797 1096 877 1180 θέρει
898 1095 1057 1180 γινομένου.
1091 1100 1141 1158 τοῦ
1165 1097 1217 1179 μὲν
1239 1103 1383 1181 χειμῶνος
1406 1102 1447 1181 τῷ
1465 1098 1522 1161 ύπδ

275 1205 326 1262 τοῦ
348 1200 532 1284 περιέχοντος
554 1201 632 1281 ὴμάς
652 1198 736 1283 ἀέρος
759 1198 839 1266 ὄντος
861 1202 975 1282 ψυχροῦ
991 1198 1187 1282 ἐπιψύχεσθαι
1209 1199 1260 1281 τὴν
1277 1199 1442 1282 ἐπιφάνειαν
1465 1200 1521 1283 οὐχ
1535 1217 1566 1259 εο

274 1302 381 1383 ὁμοίως
407 1303 440 1364 τδ
468 1303 616 1386 σύμφυτον
647 1304 716 1384 ὴμῖν
745 1302 852 1385 θερμὸν
881 1300 927 1363 ἐπ’
954 1301 1044 1384 αὐτὴν
1076 1301 1187 1384 ἐπιρρεῖ
1214 1325 1245 1364 τε
1271 1304 1318 1364 καὶ
1347 1307 1442 1385 χεῖται
1469 1301 1516 1366 ἐπ’

222 1424 253 1471 10
271 1403 361 1487 αὐτὴ,
393 1403 452 1467 ἀλλ’
480 1402 556 1467 ἔστιν
585 1401 664 1466 ἔνδον
693 1405 757 1487 περὶ
783 1404 831 1465 τδν
862 1404 984 1487 θώρακα
1013 1404 1060 1466 καλ
1088 1405 1139 1486 τὴν
1169 1405 1286 1488 καρδίαν
1312 1407 1410 1467 πλεῖον
1438 1426 1520 1488 συνη-

270 1507 441 1591 θροισμένον
453 1507 512 1588 (διδ
529 1507 584 1570 ὑπὸ
600 1511 652 1589 τὴς
667 1505 901 1589 καταφερομένης
917 1506 1143 1585 ἀναθυμιάσεως
1158 1506 1225 1570 οὔτε
1241 1507 1350 1589 ὁμοίως
1364 1511 1519 1591 κρατεῖται,
1534 1527 1564 1567 τε

272 1609 414 1692 κρατηθέν
444 1633 475 1672 τε
503 1615 544 1693 τῷ
569 1609 675 1692 πλήθει
697 1607 812 1693 ταχέως
845 1607 945 1670 πέσσει
971 1631 1002 1669 τε
1029 1610 1076 1670 καὶ
1106 1609 1238 1672 λεπτύνει
1265 1612 1317 1692 τὴν
1339 1610 1519 1693 κατέχουσαν

272 1713 466 1795 ἀναθυμίασιν
482 1711 565 1775 αδτό·
590 1713 633 1774 διδ
649 1710 716 1774 οὔτε
741 1709 834 1794 ῥᾴδιοι
857 1712 883 1772 οἱ
906 1714 956 1772 τοῦ
972 1715 1117 1794 χειμῶνος
1141 1711 1223 1775 ύπνοι
1238 1710 1303 1774 οότε
1318 1712 1520 1797 πολυχρόνιοι)

272 1818 323 1876 τοῦ
347 1816 379 1876 δὲ
402 1814 504 1898 θέρους
529 1818 532 1891 Ι
557 1815 603 1876 διά
626 1814 678 1897 τὴν
702 1819 755 1896 τὴς
777 1812 943 1896 ἐπιφανείας
967 1812 1112 1895 μανότητα
1139 1815 1190 1896 τὴν
1211 1815 1362 1898 γινομένην
1385 1817 1440 1879 ύπδ
1465 1822 1517 1899 τῆς
1537 1826 1575 1882 68

220 1936 250 1985 15
272 1916 302 1978 ἐν
325 1922 369 2002 τῷ
393 1917 555 2001 περιέχοντι
583 1916 646 1999 ἀέρι
674 1915 852 1999 θερμότητος
878 1917 911 1975 τδ
939 1914 1087 1996 σύμφυτον
1115 1916 1184 1998 ἡμῖν
1211 1918 1320 2000 θερμὸν
1346 1921 1445 1980 πλεῖον
1468 1919 1513 1982 ἐπ’

270 2019 359 2102 αὐτὴν
386 2018 545 2103 φερόμενον
574 2021 620 2081 καὶ
649 2020 851 2100 διαπνεύμενον
879 2014 998 2080 ἔλαττόν
1026 2018 1086 2079 ἐστι
1108 2018 1174 2099 περί
1193 2042 1224 2080 τε
1250 2021 1298 2082 τδν
1322 2022 1443 2105 θώρακα
1467 2026 1516 2086 καὶ
1545 2041 1560 2082 ε

268 2123 320 2205 τὴν
351 2123 483 2206 καρδίαν·
516 2123 560 2184 διδ
588 2122 642 2183 ύπδ
670 2126 723 2204 τὴς
750 2119 985 2202 καταφερομένης
1013 2121 1238 2202 ἀναθυμιάσεως
1267 2123 1459 2207 κρατούμενόν
1487 2150 1519 2189 τε

266 2226 315 2287 καί
338 2223 532 2309 κατεχόμενον
562 2225 682 2308 ῥηιδίως,
714 2221 755 2285 ἔτι
779 2246 809 2285 τε
835 2224 875 2305 μὴ
899 2224 1054 2303 δυνάμενον
1082 2223 1190 2304 ὁμοίως
1215 2223 1286 2286 αὐτὸ
1314 2227 1464 2309 διακρίνειν
1486 2253 1519 2291 τε

269 2328 315 2390 καὶ
338 2328 484 2390 λεπτύνειν
511 2326 548 2389 δι’
577 2327 743 2409 ὀλιγότητα,
771 2325 818 2387 ἐπὶ
845 2326 962 2388 πλείονα
988 2322 1093 2409 χρόνον
1121 2326 1313 2409 κρατούμενον
1341 2314 1388 2391 ὑπ’
1416 2330 1518 2405 αὐτοῦ,

216 2451 248 2497 20
267 2430 356 2493 αῖτιον
378 2431 482 2512 γίνεται
510 2427 649 2490 πλειόνων
676 2430 746 2511 ὴμῖν
769 2429 864 2490 όπνων
892 2432 942 2491 τοῦ
965 2427 1077 2509 θέρους.
1123 2427 1193 2497 ἴσως
1220 2431 1251 2492 δὲ
1273 2431 1362 2514 καλὴ
1389 2438 1447 2495 τῶν
1474 2459 1519 2496 νυ·
1535 2452 1562 2494 ιο

267 2538 343 2596 κτιῖνν
367 2533 513 2616 βραχύτης
535 2530 690 2614 φαντασίαν
712 2532 781 2610 ὴμῖν
805 2529 923 2615 [πλείω]
946 2530 1068 2614 παρέχει
1092 2536 1142 2594 τοῦ
1158 2534 1252 2595 δοκεῖν
1268 2537 1317 2595 τοῦ
1335 2533 1439 2617 θέρους
1461 2560 1519 2599 κοι·

266 2638 378 2719 μασθαι
400 2636 490 2696 πλείω
514 2634 559 2696 διὰ
581 2634 614 2695 τδ
637 2635 683 2695 καὶ
706 2638 759 2716 τὴς
781 2633 891 2717 ὴμέρας
915 2635 1119 2719 ἐπιλαμβάνειν
1142 2660 1177 2698 τι.
1222 2635 1268 2717 εῖη
1292 2635 1318 2698 δ’
1347 2636 1380 2699 ἂν
1403 2639 1450 2700 καὶ
1473 2639 1512 2701 δι’

266 2739 419 2801 ἀσθένειαν
448 2743 504 2798 τῶν
528 2736 724 2820 αἰσθητηρίων
747 2737 798 2818 τὴν
821 2735 974 2821 γινομένην
998 2737 1054 2799 ύπδ
1077 2743 1128 2820 τὴς
1151 2738 1342 2822 περιεχούσης
1364 2741 1442 2822 ἡμᾶς
1465 2747 1561 2805 τοῦτο

265 2841 371 2924 θέρους
394 2839 573 2923 θερμότητος
596 2840 702 2900 πλείων
726 2840 741 2900 ό
763 2839 849 2906 όπνος
871 2838 1017 2919 γινόμενος
1040 2845 1090 2903 τοῦ
1113 2840 1228 2925 θέρους.
1263 2841 1422 2926 ξηροτέρων
1444 2868 1519 2925 γινο·

212 2962 244 3010 ‘25
265 2944 359 3025 μένων
384 2944 439 3005 ὑπὸ
467 2949 519 3025 τῆς
546 2940 653 3009 ἔξωθεν
682 2941 858 3023 θερμότητος
881 2941 991 3017 αὐτῶν,
1022 2946 1069 3005 καὶ
1098 2943 1144 3006 διά
1171 2947 1255 3005 τοῦτο
1283 2946 1323 3028 μὴ
1347 2948 1517 3029 δυναμένων

263 3045 394 3129 ἐνεργεῖν,
417 3048 436 3128 ὴ
461 3047 502 3113 εἰς
524 3045 609 3107 ύπνον
632 3044 736 3124 γίνεται
759 3044 908 3126 καταφορὰ
931 3049 980 3105 τοῦ
1005 3046 1034 3107 ἐν
1058 3045 1157 3114 αὐταῖς
1180 3044 1260 3114 όντος
1283 3046 1389 3111 οἰκείου
1412 3073 1443 3113 τε
1466 3054 1559 3114 καῖεν

263 3147 390 3231 ἐμφύτου
423 3149 533 3231 θερμοῦ
562 3147 782 3215 ἐξασθενοῦντος
813 3147 882 3229 πρδς
915 3148 966 3229 τὴν
994 3147 1137 3231 ἐνέργειαν
1167 3153 1209 3232 τῷ
1237 3149 1294 3211 ύπδ
1325 3155 1376 3212 τοῦ
1402 3150 1515 3221 ἔξωθεν

265 3250 375 3332 θερμοῦ
399 3248 531 3317 πλείονος
554 3248 634 3317 όντος
650 3250 828 3331 κρατεῖσθαι,
851 3248 867 3310 δ
890 3249 937 3311 καὶ
963 3251 994 3312 τὸ
1018 3255 1076 3312 τῶν
1099 3250 1213 3335 λύχνων
1236 3256 1300 3336 φῶς
1322 3253 1437 3337 όρῶμεν
1460 3260 1515 3322 πά-

262 3372 335 3436 σχον
358 3354 414 3416 ὑπό
436 3357 487 3415 τοῦ
510 3354 607 3435 φωτός
629 3357 678 3413 τοῦ
701 3357 753 3434 τὴς
775 3351 894 3435 ὴμέρας.

208 3613 241 3660 30
261 3593 342 3657 XXI.
389 3589 444 3655 Ἐν
467 3594 531 3655 τίνι
552 3592 744 3675 κατηγορία
767 3593 785 3673 ὴ
810 3592 954 3675 κίνησις.
1526 3618 1556 3661 25

345 3762 405 3847 Τὴν
429 3765 536 3847 κίνησιν
560 3763 643 3831 εἴτις
666 3764 706 3845 μὴ
724 3762 918 3846 παραδέχοιτο
941 3762 1047 3833 ἐντοῖς
1069 3770 1169 3834 ποσοῖς
1192 3771 1234 3850 τῷ
1258 3767 1288 3830 ἐν
1310 3767 1398 3853 (ταῖς)
1415 3768 1510 3857 Κατη-

258 3869 366 3951 γορίαις
394 3867 482 3950 αὐτὴν
506 3868 535 3929 ἐν
559 3872 616 3936 τοῖς
641 3864 645 3952 γ
670 3872 770 3933 ποσοῖς
794 3867 833 3947 μὴ
864 3866 993 3939 κεῖσθαι,
1020 3867 1125 3949 λέγοιτ’
1155 3867 1187 3930 ἀν
1211 3869 1283 3933 εἶναι
1307 3871 1378 3955 πρός
1399 3898 1435 3936 τι.
1482 3872 1565 3961 ᾧδθ

259 3971 291 4033 δέ
312 3994 365 4033 τινι
389 3969 462 4052 οόση
486 3976 522 4053 τὴ
547 3973 656 4055 κινήσει
680 3970 805 4052 ὑπάρχει
829 3969 860 4029 τό
886 3967 956 4051 πρός
979 3993 1005 4031 τι
1028 3968 1111 4045 εἶναι,
1135 3969 1181 4054 εἴη
1204 3970 1239 4033 ἀν
1262 3974 1365 4044 πάθος.
1404 3977 1432 4039 εἰ
1451 3978 1507 4063 γάρ

256 4073 289 4135 τδ
312 4074 454 4136 κινεῖσθαι
477 4075 601 4158 πάσχειν
625 4074 652 4136 τί
672 4074 746 4143 ἐστι,
770 4072 882 4139 πάθους
904 4072 936 4133 δὲ
959 4073 1103 4156 παρουσίᾳ
1125 4075 1157 4136 τὸ
1181 4075 1295 4160 πάσχον
1318 4078 1436 4163 πάσχει,
1459 4082 1508 4145 καὶ

204 4296 219 4348 3
238 4295 303 4367 ὴτις]
325 4314 332 4347 ι
351 4298 378 4347 in
397 4295 435 4346 lii.
456 4299 479 4344 V
586 4295 684 4365 κατοχὴ
704 4299 765 4346 VL:
785 4295 886 4368 κατοχὴ]
904 4297 932 4347 in
952 4296 989 4348 iit.
1010 4294 1056 4347 Sia
1075 4295 1118 4363 Sp.
1225 4298 1240 4350 6
1260 4295 1320 4351 κατ’
1340 4300 1420 4371 αὐτὴν
1439 4305 1565 4360 V¹FS¹L2

204 4385 246 4435 καλ
269 4384 331 4453 αι’ντὴ
356 4386 430 4434 WB:
459 4385 501 4435 καὶ
525 4381 588 4451 αὕτη
613 4384 703 4434 B²s²a
725 4384 782 4450 Sim
811 4382 918 4435 fortasse
947 4386 989 4435 καλ
1012 4383 1059 4451 (ὴ)
1082 4383 1146 4452 αὑτὴ
1171 4385 1187 4454 ὴ
1381 4389 1396 4440 7
1425 4389 1489 4444 ἀλλὰ
1517 4398 1566 4446 τοῦ

203 4471 285 4523 B²S²a
307 4471 351 4538 Sp.
457 4472 495 4537 τηῖ
513 4471 560 4522 1ὐπὸ
576 4469 694 4522 v²Bs²a2
713 4475 757 4523 τοῦ
771 4469 819 4522 όπό
833 4471 959 4522 V¹GFS¹2
981 4476 1024 4522 τοῦ
1044 4489 1075 4522 πο
1091 4475 1111 4522 Ιν
1220 4474 1250 4525 12
1273 4475 1356 4528 πέσσει
1373 4494 1400 4528 τε
1420 4477 1494 4533 V²B=
1519 4500 1565 4536 πε·

203 4564 280 4610 σιῖται
299 4558 447 4609 V¹GFS¹L2
467 4557 605 4609 ἐκπεσεῖται
624 4558 682 4609 8²21:
702 4557 846 4609 ἐκπέσσεται
860 4558 903 4624 Sp.
1009 4557 1124 4609 λεπτύνει
1144 4560 1221 4612 ViBa
1239 4561 1296 4629 Spa
1323 4562 1439 4619 λεπτυνεῖ
1456 4568 1493 4619 V¹

205 4646 236 4697 13
264 4643 301 4697 διὸ
326 4644 395 4713 οὔτε]
425 4646 438 4697 ὸ
463 4645 492 4697 οὔ
515 4648 543 4697 in
568 4646 606 4696 lit.
631 4649 653 4692 V
825 4645 853 4696 21
885 4644 963 4696 πλείω
993 4648 1184 4714 circumscripsi
1351 4651 1385 4703 23
1411 4653 1428 4723 ἢ
1451 4655 1500 4708 ,ὅπη
1526 4661 1565 4710 V¹

202 4732 279 4798 (corr.
300 4732 345 4796 V‘·’)
453 4733 485 4784 24
510 4735 555 4803 γὰρ
575 4733 712 4800 γινομένων
733 4734 814 4786 B²S²a
832 4735 876 4802 Sp.
984 4734 1016 4786 2ss
1045 4743 1133 4787 αυταῑσ
1152 4737 1189 4788 sic
1209 4741 1232 4788 V
1339 4738 1372 4792 27
1391 4744 1430 4813 τῷ
1449 4742 1565 4801 V²BS¹⁸

201 4820 260 4888 Sp.:
284 4820 312 4872 τὸ
332 4820 468 4875 V¹GFS¹L
587 4820 617 4871 31
639 4829 692 4878 ταῖς
710 4822 769 4873 cdd.
790 4821 897 4874 v²13s²¹a
917 4822 961 4891 Sp.
1068 4825 1101 4876 34
1120 4824 1216 4884 πάθους
1233 4824 1259 4880 δέ
1278 4827 1413 4901 παρουσίφ]
1433 4847 1480 4886 ουσ
1497 4831 1527 4889 δὲ
1547 4853 1567 4892 π

201 4910 229 4962 in
248 4908 330 4963 lit.V
