3548 5604
578 313 708 372 νοικυιι
729 283 1000 372 ονοοιιιιιωυν
1016 317 1115 370 ιι-ιτ
1464 313 1523 378 137

224 489 335 572 ἀγαθὸν
357 491 377 575 ἡ
400 492 489 554 κακδν
512 489 599 570 εἶναι;
629 491 649 574 ἡ
673 492 698 554 εί
726 492 778 574 μὲν
801 492 953 574 μονοειδὴς
979 490 1014 574 ἡν
1037 495 1117 554 πᾶσα
1140 491 1247 573 ἡδονή,
1274 493 1355 551 πᾶσα
1377 484 1413 570 ἡν
1436 484 1470 548 ἂν

223 593 242 676 ἡ
265 593 376 675 ἀγαθόν
403 595 422 677 ἡ
445 591 550 669 κακόν,
576 595 657 657 εἰδὲ
684 595 725 677 μὴ
753 594 844 663 οὕτως
872 592 950 678 ἔχει,
980 594 1056 656 ἀλλὰ
1082 595 1285 676 συνδιαιρεῖται
1312 594 1373 660 ταῖς
1395 590 1471 672 ἐνερ·

224 696 313 777 γείαις
340 694 386 779 ἐφ’
415 697 460 764 αἶς
483 697 587 777 γίνεται
613 696 657 778 (αἱ
681 697 733 777 μὲν
759 696 812 779 γὰρ
839 696 888 758 ἐπὶ
914 700 976 764 ταῖς
998 696 1123 777 ἀγαθαῖς
1149 696 1301 778 ἐνεργείαις
1327 692 1471 775 γινόμεναι
1485 706 1511 750 ιο

224 798 341 881 ἀγαθαί,
364 799 393 861 αἱ
416 799 448 860 δὲ
468 797 516 860 ἐπὶ
537 804 599 869 ταῖς
619 800 787 884 μοχθηροῖς
809 797 904 868 κακαί,
927 799 1026 879 ῶσπερ
1049 800 1096 861 καλ
1119 798 1149 860 αῖ
1164 797 1329 878 ἐπιθυμίαι·
1353 794 1469 879 καὶγὰρ

189 920 204 968 5
224 906 282 962 τῶν
297 901 459 982 ἐπιθυμιῶν
482 902 512 963 αἱ
535 902 586 981 μὲν
610 905 667 964 τῶν
691 901 810 983 ἀγαθῶν
830 899 947 981 ἀγαθαί,
970 900 1056 961 κακαὶ
1079 900 1111 962 δὲ
1133 901 1163 962 αἱ
1185 905 1243 962 τῶν
1259 897 1402 983 φαύλων),
1425 896 1470 959 ού·

228 1003 276 1066 δέν
298 1004 423 1067 κωλύσει
444 1008 481 1085 τῇ
504 1004 582 1085 λύπη
606 1001 681 1086 ούση
704 1007 787 1088 κακῷ
811 1002 939 1070 ἐναντίας
965 1001 1037 1064 εἶναι
1064 1005 1122 1064 τῶν
1145 1003 1258 1085 ἡδονῶν
1281 1001 1331 1069 τὰς
1354 1001 1405 1082 μὲν
1429 1003 1468 1067 ῶς
1482 1015 1511 1057 ¹⁰

223 1106 350 1187 ἀγαθάς,
379 1104 430 1174 τὰς
452 1106 484 1168 δέ
507 1109 548 1174 ῶς
568 1108 673 1180 κακός,
704 1106 754 1175 τός
777 1106 829 1188 μὲν
857 1104 931 1169 κατὰ
952 1103 1037 1186 λόγον
1065 1105 1167 1168 τεκαὶ
1194 1105 1241 1168 ἐπὶ
1266 1108 1325 1172 τοῖς
1348 1103 1469 1185 ἀγαθοῖς

222 1207 372 1291 γινομένας
395 1211 435 1277 ῶς
450 1208 572 1290 ἀγαθάς,
594 1210 645 1277 τὰς
667 1209 699 1271 δέ
715 1209 793 1292 παρὰ
815 1209 863 1297 τδν
887 1209 975 1291 όρθδν
991 1208 1141 1290 γινομένας
1163 1207 1247 1289 λόγον
1271 1208 1318 1270 καὶ
1341 1206 1388 1269 ἐπὶ
1411 1211 1470 1274 τοῖς

224 1311 346 1393 φαύλοις
368 1314 409 1379 ῶς
430 1313 530 1380 κακαίς.
570 1310 605 1395 ἡν
628 1310 681 1394 γὰρ
704 1316 746 1396 τῷ
771 1316 853 1394 κακῷ
877 1312 909 1374 τδ
933 1310 1059 1374 ἐναντίον
1082 1312 1101 1394 ἡ
1125 1312 1235 1393 αἰγαθδν
1258 1311 1277 1393 ἡ
1301 1308 1408 1392 καλκύν,
1432 1311 1448 1373 6
1470 1316 1522 1372 203
1581 1374 1592 1394 ·

172 1433 202 1480 ιο
221 1415 254 1475 δὲ
277 1412 364 1482 πόνος
390 1413 424 1477 οὐ
447 1419 505 1484 πᾶς
531 1412 634 1477 κακόν·
668 1413 760 1497 όγύρ
788 1417 845 1476 τῶν
871 1417 967 1476 καλῶν
996 1416 1080 1499 χάριν
1108 1415 1256 1497 γινόμενος
1283 1413 1405 1497 αἱρετός.
1450 1413 1469 1494 ἡ

222 1517 281 1601 χρὴ
305 1517 414 1598 ὁμοίως
436 1520 483 1581 καὶ
506 1518 558 1601 τὴν
574 1516 681 1600 ἡδονὴν
704 1516 816 1597 αἰγαθδν
836 1515 929 1598 λέγειν
952 1518 1000 1578 καὶ
1022 1518 1074 1599 τὴν
1097 1517 1189 1600 λύπην
1212 1513 1311 1579 κακόν.
1344 1514 1470 1597 καὶγὰρ

222 1620 329 1702 ἡδονὴν
351 1619 428 1683 εἴποι
450 1619 484 1683 ἄν
506 1643 548 1688 τις
574 1623 669 1682 πᾶσαν
693 1618 819 1700 αἰγαθόν,
845 1618 920 1680 ἀλλὰ
947 1619 997 1700 τὴν
1022 1619 1073 1698 μὲν
1102 1619 1149 1682 καὶ
1173 1619 1274 1686 ἁπλῶς
1300 1617 1349 1679 καλ
1371 1621 1408 1699 τῇ
1432 1616 1470 1678 οἰ·
1496 1632 1511 1675 ο

220 1722 284 1805 κείογ
306 1721 404 1805 φύσει,
431 1723 494 1806 ἥτις
521 1720 597 1785 ἐστὶν
624 1723 643 1804 ἡ
667 1725 724 1784 τῶν
753 1722 917 1786 σπουδαίων
943 1721 994 1805 (τὰ
1015 1721 1069 1804 γὰρ
1095 1724 1154 1789 τοῖς
1181 1721 1346 1789 σπουδαίοις
1373 1719 1469 1801 ἀγαθὰ

220 1825 268 1887 καλ
290 1824 366 1888 κακὰ
393 1826 441 1887 καὶ
464 1829 501 1907 τῇ
525 1825 621 1887 αύτῶν
648 1825 735 1909 φύσει
763 1825 909 1908 τοιαῦτα),
941 1825 992 1907 τὴν
1015 1825 1048 1887 δὲ
1074 1825 1151 1908 τῷδε
1173 1824 1283 1906 ἀγαθδν
1310 1828 1353 1909 τῷ
1378 1823 1469 1892 ούτως

172 1947 202 1995 15
222 1925 331 2013 ἔχοντι,
355 1926 416 1990 ἀλλ’
437 1926 495 2012 οὐχ
517 1928 617 1997 ἁπλῶς
640 1927 765 2010 ἀγαθόν·
790 1931 917 1990 τοιαῦται
939 1930 968 1990 αἱ
992 1932 1050 1989 τῶν
1071 1928 1232 2012 μοχθηρῶν
1256 1927 1366 2010 ἡδοναί.
1400 1927 1471 1989 ἐκεί·
1486 1940 1512 1982 ¹⁰

220 2054 278 2099 ναις
303 2031 357 2113 γὰρ
381 2030 488 2112 ἀγαθαὶ
516 2031 564 2093 καὶ
587 2031 705 2114 αἱρεταί,
736 2030 793 2115 οὐχ
819 2030 928 2099 ἁπλῶς.
973 2031 1021 2093 καὶ
1043 2034 1131 2093 λύπαι
1153 2032 1186 2094 δὲ
1208 2032 1237 2092 αἱ
1263 2030 1315 2111 μὲν
1342 2029 1390 2091 ἐπὶ
1412 2032 1472 2096 τοῖς

222 2131 313 2202 ὅντως
335 2138 433 2202 κακοῖς
454 2131 601 2216 γινόμεναι
624 2134 724 2202 ἁπλῶς
745 2132 780 2196 ἂν
802 2131 859 2195 εἶεν
883 2133 983 2206 κακαί,
1010 2134 1040 2194 αί
1063 2131 1088 2195 δ’
1117 2134 1164 2196 ἐπὶ
1186 2137 1246 2201 τοῖς
1269 2133 1310 2215 μὴ
1333 2131 1471 2198 τοιούτοις

221 2233 339 2303 ἐκείνοις
365 2236 465 2316 κακαί,
492 2235 526 2298 ού
550 2237 607 2319 μὴν
635 2236 682 2298 καὶ
711 2236 812 2304 ἁπλῶς
841 2234 897 2298 ἔτι·
930 2232 1010 2298 ἔσται
1036 2236 1069 2298 δέ
1092 2258 1161 2298 ποτε
1188 2236 1235 2299 καὶ
1263 2237 1279 2297 6
1302 2234 1412 2316 ἀγαθδς
1438 2232 1468 2294 ἐν

221 2337 315 2422 τούτιρ
338 2342 380 2423 τῷ
403 2343 497 2424 κακῷ,
521 2342 562 2407 ῶς
584 2340 632 2402 καλ
655 2337 685 2400 ἐν
708 2339 791 2421 πενίογ
813 2339 861 2401 καὶ
883 2337 976 2423 νόσῳ·
1000 2337 1035 2400 τὰ
1056 2338 1111 2422 γὰρ
1134 2337 1181 2422 ἐφ’
1209 2338 1252 2406 οἷς
1275 2338 1291 2401 6
1314 2339 1510 2406 σπουδαῖυςιι

167 2459 201 2505 20
218 2441 378 2524 λυπήσεται
401 2442 486 2504 κακοί.

217 2682 317 2746 XVII.
357 2681 435 2747 Ὑπδ
458 2683 489 2745 τί
511 2686 577 2745 τῶν
600 2684 741 2765 ἀγαθῶν
764 2684 783 2766 ἡ
806 2684 918 2767 ἡδονὴ
943 2682 981 2746 ἂν
1004 2681 1068 2766 εἴη.

301 2851 381 2917 Ἐπεὶ
402 2858 460 2916 τῶν
483 2854 603 2936 ἀγαθῶν
627 2855 663 2917 τὰ
686 2856 738 2939 μἐν
761 2855 849 2938 τίμιοι,
871 2856 907 2918 τὰ
930 2856 962 2918 δὲ
985 2855 1131 2929 ἐπαινετά,
1154 2856 1189 2918 τὰ
1212 2856 1244 2919 δέ
1266 2857 1413 2938 δυνάμεις,
1434 2854 1471 2918 τὰ

219 2957 251 3019 δὲ
273 2957 418 3041 ὠφέλιμα,
442 2956 574 3041 ἐζητὴθη
598 2958 653 3020 ύπδ
677 2959 705 3020 τί
721 2958 830 3021 τούτων
852 2959 913 3044 χρὴ
936 2957 1081 3041 εἶναιτὴν
1103 2960 1220 3042 ἡδονήν.
1254 2960 1280 3022 εἰ
1303 2961 1355 3041 μὲν
1378 2963 1511 3023 πᾶσαινυ

218 3059 330 3140 ἀγαθόν
352 3060 401 3122 καὶ
423 3064 514 3122 πᾶσαι
537 3061 681 3141 ὁμοειδεῖς
703 3064 733 3124 αἱ
750 3063 861 3144 ἡδοναί,
885 3061 951 3144 περὶ
974 3063 1070 3144 πόσης
1094 3085 1124 3125 τε
1139 3063 1199 3147 χρὴ
1223 3063 1389 3146 ζητεῖνκαὶ
1412 3062 1467 3124 ύπδ

166 3181 198 3229 25
218 3163 246 3225 τί
265 3161 322 3225 εἶεν
345 3168 402 3224 τῶν
429 3163 550 3244 ἀγαθῶν
575 3168 682 3238 πᾶσαι,
712 3164 738 3227 εἰ
764 3165 797 3228 δὲ
826 3164 859 3226 ού
882 3168 973 3227 πᾶσαι
1001 3163 1126 3246 ἀγαθόν,
1154 3164 1214 3227 ἀλλ’
1243 3163 1382 3247 ἑπόμεναι
1407 3168 1469 3231 ταῖς

218 3267 345 3349 αἱρεταῖς
367 3265 520 3348 ἐνεργείαις
542 3266 591 3348 (ού
613 3268 667 3351 γάρ
689 3267 765 3329 ἐστιν
788 3268 807 3350 ἡ
832 3269 922 3350 ἡδονὴ
946 3265 1021 3350 αύτὴ
1044 3266 1111 3330 καθ’
1133 3269 1234 3351 αύτὴν,
1257 3268 1316 3330 ἀλλ’
1345 3270 1394 3332 ἐπί
1414 3292 1466 3331 τινι
1481 3283 1508 3325 2⁵

219 3368 345 3453 ἐνεργείᾳ
368 3369 483 3450 γίνεται,
506 3370 554 3430 καλ
572 3369 678 3451 γίνεται
693 3369 754 3433 κατ’
776 3369 938 3452 οἰκειότητα
961 3373 1012 3454 τὴν
1039 3369 1042 3455 λ
1068 3372 1140 3454 πρὸς
1162 3373 1213 3454 τὴν
1230 3371 1386 3455 ἐνέργειαν·
1410 3371 1444 3434 ού
1467 3377 1521 3433 2θέ

217 3473 273 3556 γάρ
295 3471 406 3552 ἐστινὴ
429 3469 481 3533 ἀπ’
502 3470 593 3555 ἄλλης
616 3474 758 3555 ἐνεργείας
780 3474 870 3556 ἡδονὴ
894 3475 913 3556 ἡ
936 3474 1010 3558 αύτὴ
1033 3481 1069 3558 τῇ
1096 3474 1146 3537 ἀπ’
1174 3474 1278 3556 ἄλλης·
1302 3476 1468 3557 φθείρουσιν

217 3579 284 3656 γούν
314 3576 452 3642 πολλάκις
484 3575 513 3636 αἱ
540 3573 590 3636 ἀπ’
618 3573 715 3638 ἄλλων
746 3577 899 3660 ἐνεργειῶν
930 3578 1031 3659 ἡδοναὶ
1060 3579 1111 3646 τὰς
1143 3576 1193 3640 ἀπ’
1222 3576 1333 3640 ἄλλων·
1368 3578 1383 3640 6
1414 3576 1467 3660 γὰρ

165 3697 199 3746 30
217 3679 328 3763 χαίρων
351 3682 387 3758 τῇ
410 3677 467 3739 ἀπὸ
491 3681 542 3740 τοῦ
564 3677 663 3741 αὐλεῖν
686 3681 778 3761 ἡδανὴ
800 3679 921 3763 σφόδρα,
945 3679 998 3743 κᾶν
1021 3681 1098 3766 τύχη
1121 3680 1184 3743 τινὰ
1207 3681 1351 3764 ἐνέργειαν
1374 3680 1469 3764 ἡδέως
1495 3695 1509 3737 ⁵

219 3780 353 3863 ἐνεργῶν,
377 3780 503 3849 οἰκούσας
526 3780 623 3842 αύλῶν
646 3785 812 3844 καταλιπὼν
835 3784 887 3865 τήν
910 3806 941 3844 τε
961 3782 1106 3866 ἐνέργειαν
1128 3785 1181 3866 τὴν
1202 3785 1232 3846 ἐν
1247 3785 1330 3846 ποσὶν
1354 3784 1400 3845 καί
1416 3783 1468 3864 τὴν

217 3885 325 3966 ἡδονὴν
349 3884 400 3964 τὴν
424 3881 471 3944 ἐπ’
492 3882 569 3967 αὐτῇ
592 3889 634 3968 τῷ
652 3884 786 3948 αύλούντι
808 3884 959 3969 προσέχει,
983 3888 1075 3969 ῶςτὴ
1100 3887 1158 3948 ἀπὸ
1180 3891 1230 3949 τού
1253 3886 1351 3949 αὐλεῖν
1374 3887 1467 3968 ἡδονῇ

216 3988 329 4070 χαίρων
357 3986 433 4071 ἄλλη
456 3986 531 4070 ούσγγ
558 3992 610 4070 τὴς
637 3987 685 4050 ἐπὶ
707 3993 764 4051 τῶν
788 3989 843 4073 πρδ
867 3992 917 4050 τοι]
941 3988 1176 4072 ἐνεργουμένων),
1206 3991 1232 4052 εἰ
1255 3991 1287 4053 δὲ
1309 3989 1395 4052 ἄλλαι
1417 3989 1461 4053 ἐπ’
1482 4006 1509 4047 ιο

216 4087 317 4157 ἄλλαις
339 4091 387 4152 καὶ
410 4089 612 4174 διαφερούσαις
642 4090 794 4174 ἐνεργείαις
822 4091 981 4173 γινόμεναι,
1008 4093 1059 4154 καί
1078 4094 1148 4155 εἰσιν
1177 4093 1280 4155 οἰκεῖαι
1307 4098 1370 4161 ταῖς
1394 4094 1468 4177 ἐνερ-

163 4211 196 4260 35
216 4193 320 4275 γείαις,
350 4189 396 4276 ἐφ’
425 4193 469 4261 αἷς
491 4194 629 4274 γίνονται,
660 4195 747 4277 δῆλον
770 4199 810 4263 ῶς
837 4198 1043 4279 συνδιαιροῖντο
1071 4195 1105 4259 ἂν
1128 4196 1242 4270 αὐταῖς,
1273 4200 1313 4265 ῶς
1335 4199 1392 4257 τῶν
1416 4197 1467 4277 μὲν

215 4297 337 4379 αἱρετῶν
359 4296 470 4378 αἱρεταὶ
492 4295 573 4369 εἶναι,
597 4299 717 4379 φευκταὶ
745 4299 776 4360 δὲ
803 4303 860 4359 τῶν
883 4304 1027 4382 φευκτῶν.
1074 4299 1320 4383 συνδιαιρούμεναι
1343 4300 1375 4362 δὲ
1398 4301 1468 4362 ἐκεί·
1483 4317 1509 4358 ιε

164 4471 397 4479 ——-·-—
445 4472 448 4476 .

161 4577 177 4628 5
197 4576 241 4627 alt.
255 4577 281 4628 αῖ
293 4591 342 4627 om.
357 4594 373 4626 a
386 4581 429 4640 sp.
520 4576 534 4626 ’ί
553 4576 659 4646 ἀγαθᾶς]
679 4594 737 4646 pars
751 4581 868 4646 superior
880 4579 928 4630 litt.
943 4580 959 4627 θ
973 4581 999 4630 in
1019 4579 1057 4631 lit.
1071 4585 1092 4630 V
1180 4585 1211 4633 10
1229 4582 1311 4654 χάριν]
1326 4601 1359 4650 γα
1372 4586 1399 4634 in
1413 4584 1450 4633 lit.
1463 4588 1485 4632 V

165 4664 195 4714 14
219 4663 263 4715 alt.
283 4664 326 4713 καὶ
349 4679 398 4714 om.
418 4682 434 4715 υ
452 4669 495 4730 Sp.
606 4665 636 4714 1ss
664 4665 690 4716 δὲ
709 4665 781 4718 WB:
809 4664 846 4718 δεῖ
863 4670 912 4717 V¹:
941 4667 970 4736 δὴ
991 4671 1073 4721 sFGa
1092 4675 1135 4735 Sp.
1234 4670 1264 4720 18
1283 4671 1319 4721 ἔτι
1338 4686 1387 4721 om.
1407 4692 1420 4721 ιι
1441 4677 1484 4737 Sp.

161 4749 196 4801 20
214 4749 400 4819 λυπὴσισθαιο
490 4750 523 4801 22
544 4750 607 4818 ἐπεὶ]
632 4752 653 4803 εὶ
672 4753 699 4802 in
718 4753 757 4804 lit.
778 4757 800 4802 V
899 4754 1013 4822 δυνάμεις
1032 4760 1088 4807 SFa
1108 4762 1165 4822 Spa
1185 4756 1287 4822 δύναμις
1307 4761 1352 4807 vss
1453 4759 1519 4828 :²:33¹

161 4837 259 4889 tss'ict.
344 4837 376 4887 25
395 4838 442 4890 τῖεν
461 4837 512 4900 (ἂν)
526 4837 656 4890 Schwartz
741 4839 774 4891 29
793 4845 852 4908 γοῦν
872 4845 930 4894 SFa
948 4846 1005 4909 Sp.:
1025 4844 1068 4894 υύν
1081 4848 1126 4896 VB
1217 4846 1250 4895 :53
1270 4844 1307 4913 δὲ]
1328 4846 1435 4897 fortasse
1455 4845 1484 4915 δὴ

161 4926 194 4977 34
213 4925 345 4994 ἐνέργειαισ
364 4928 387 4974 V
495 4925 528 4977 36
547 4929 657 4995 φευκτάς
675 4928 726 4981 Βό
833 4928 859 4982 δὲ
878 4946 963 4982 om.a
