3540 5610
684 305 886 360 ALEXANDRI
904 306 949 359 DE
969 306 1078 360 nnrnd

341 478 392 548 Τίς
414 481 465 564 μὲν
488 477 538 542 οῦν
566 478 642 542 ἐστιν
669 480 777 564 ἑκάστη
808 483 865 543 τῶν
894 479 979 543 πέντε
1000 479 1183 562 αἰσθήσεων,
1213 478 1261 541 καὶ
1287 477 1360 547 τίνος
1384 478 1503 560 ἑκάστη,

262 583 309 645 καὶ
337 589 400 655 πῶς
429 587 448 668 ἡ
472 583 540 649 καθ’
569 583 693 664 ἑκάστην
719 582 816 646 αὐτῶν
845 587 895 646 τοῦ
923 582 1029 645 οἰκείου
1054 581 1198 664 αἰσθητοῦ
1225 580 1373 665 ἀντιληψίς
1399 603 1430 643 τε
1457 581 1508 645 καὶ

258 684 348 768 κρίσις
369 687 485 769 γίνεται,
508 686 619 771 εἴρηται
638 685 735 770 τύπῳ·
759 684 888 749 καθόλου
902 685 944 748 ,δὲ
967 683 1136 769 συλλαβόντι
1159 684 1225 767 περὶ
1245 683 1414 767 αἰσθήσεως
1436 685 1545 769 din-15

259 786 310 855 θές
330 788 517 854 ἐστιν·εἰπεῖν
540 789 573 852 τδ
594 786 666 851 εἶναι
688 787 778 870 αἰιτὴν
801 787 919 871 δύναμιν
941 792 1041 872 ψυχῆς
1064 785 1100 850 δι’
1120 786 1316 871 αἰσθητηρίων
1338 790 1421 849 τινῶν
1444 789 1505 850 δεκ-

136 894 140 901 ’
231 894 341 975 στικην
362 916 394 956 τε
416 894 465 956 καί
487 892 616 977 κριτικὴν
642 893 700 953 τῶν
724 891 873 974 αἰσθητῶν
895 890 980 954 εἰδῶν
1007 890 1099 974 χωρίς
1121 893 1172 973 τῆς
1195 889 1385 972 ὑποκειμένης
1407 876 1517 959 αὐτοῖς’

260 994 339 1078 ύλης.
385 996 418 1059 τδ
441 995 473 1058 δὲ
496 998 610 1079 πρῶτον
636 992 843 1077 αἰσθητήριον,
872 992 900 1055 ἐν
928 988 953 1076 ᾧ
982 992 1001 1076 ί,
1029 991 1146 1075 τοιαύτη
1173 989 1292 1074 δύναμις
1318 995 1369 1074 τῆς
1396 997 1504 1078 ψυχῆς,

259 1099 345 1179 σῶμα
369 1097 421 1181 μέν
443 1097 536 1172 ἐστιν,
563 1095 597 1158 ού
621 1096 679 1179 μὴν
702 1095 778 1158 καθδ
801 1101 888 1179 σῶμα
910 1095 1095 1179 αἰσθητικόν,
1118 1094 1193 1157 ἀλλὰ
1215 1093 1289 1159 κατὰ
1311 1095 1363 1177 τὴν
1383 1094 1504 1178 δύναμιν

197 1224 201 1232 ·
260 1200 296 1282 ἣν
320 1197 392 1285 ἔχει’.
438 1198 533 1284 ἡγὰρ
555 1197 692 1282 αἴσθησις
714 1197 804 1261 ούτδ
828 1197 962 1282 μέγεθος,
988 1197 1064 1260 ἀλλὰ
1086 1199 1103 1261 ό
1124 1195 1210 1279 λόγος
1231 1198 1280 1261 καί
1302 1197 1335 1260 τδ
1356 1195 1433 1267 εἰδυς
1454 1201 1510 1260 τοῦ

262 1302 404 1385 μεγέθους
431 1305 482 1365 τοῦ
508 1301 649 1364 τοιούτου.
698 1302 728 1364 αί
756 1300 788 1364 δὲ
814 1305 873 1363 τῶν
900 1300 1049 1383 αἰσθητῶν
1083 1300 1241 1385 ὑπερβολαὶ
1268 1300 1422 1384 φθείρουσι
1455 1299 1548 1369 τδςευ

221 1418 246 1462 10
259 1402 426 1489 αἰσθήσεις·
459 1405 504 1467 διδ
527 1403 678 1488 φθείρουσι
700 1403 752 1486 τὴν
775 1404 950 1487 συμμετρίαν
973 1407 1022 1466 τοῦ
1046 1406 1196 1486 σώματος,
1226 1401 1260 1466 οό
1282 1405 1313 1465 αί
1338 1400 1507 1486 αἰσθητικαί
1540 1406 1543 1411 ’

259 1508 395 1591 δυνάμεις
416 1504 489 1589 εἴδη.
534 1505 729 1591 φθειρομένης
755 1506 861 1591 δέτῆς
887 1506 917 1570 ἐν
945 1505 1046 1587 ἐκείνῳ
1070 1505 1258 1587 συμμετρίας,
1287 1504 1435 1590 φθείρεται
1458 1509 1506 1571 καί

257 1610 291 1671 τδ
318 1607 394 1678 εἶδος
420 1610 453 1672 τὸ
479 1606 525 1672 ἐπ’
544 1607 643 1692 αῦτη.
693 1609 842 1693 φθείρεται
869 1602 902 1672 δὲ
929 1610 976 1672 καλ
1005 1632 1025 1690 η
1053 1607 1213 1691 συμμετρία
1247 1605 1343 1670 αὐτῶν
1370 1608 1426 1673 ὑπό
1453 1614 1505 1694 τῆς

259 1710 453 1796 σφοδροτέρας
475 1713 629 1795 κινήσεως,
660 1711 759 1795 ὥσπερ
783 1712 872 1795 καλιή
895 1715 953 1773 τῶν
976 1711 1092 1795 χορδῶν
1121 1709 1243 1793 ἁρμονία
1265 1711 1322 1774 ύπδ
1343 1716 1396 1795 τῆς
1418 1711 1505 1796 βιαιο-

205 1828 212 1842 ·
257 1813 343 1897 τέρας
365 1816 479 1898 πληγῆς
501 1814 600 1895 τεκαὶ
622 1815 773 1897 κινήσεως.
808 1813 916 1897 έκάστη
936 1814 993 1896 μὲν
1015 1811 1065 1876 οῦν
1084 1810 1221 1896 αἴσθησις
1242 1815 1292 1875 τοῦ
1313 1813 1505 1898 ὑποκειμένου

218 1930 244 1974 15
258 1915 333 1998 αὐτη
356 1916 499 2000 αἰσθητοῦ
522 1916 599 1979 ἐστιν
614 1914 760 1997 αἴσθησις,
783 1913 856 2003 ρύσα
870 1915 901 1978 ἐν
917 1921 958 1999 τῷ
975 1915 1157 2001 αἰσθητηρίῳ
1181 1910 1272 1999 ούχῇ
1291 1920 1379 1996 σῶμα
1400 1915 1504 1992 ἐκεῖνο,

260 2015 319 2082 ἀλλ’
346 2015 367 2102 ᾖ
391 2015 455 2103 ἔχει
477 2018 529 2102 τὴν
545 2019 657 2081 τοιάνδε
680 2018 808 2099 δύναμιν,
831 2021 872 2087 ῶς
887 2017 978 2092 εἰπον,
1000 2018 1048 2081 καλ
1063 2019 1150 2102 κρίνει
1172 2019 1222 2087 τὰς
1243 2022 1294 2081 τοῦ
1310 2019 1503 2102 ὑποκειμένου
1517 2036 1545 2079 τε

258 2119 333 2204 αὐτῇ
357 2120 508 2209 αἰσθητοῦ1
527 2122 675 2205 διαφοράς.
721 2119 755 2184 ού
777 2120 831 2205 γὰρ
854 2120 928 2203 άλλη
951 2143 992 2188 τις
1014 2121 1124 2203 κριτικίη
1154 2125 1212 2182 τῶν
1234 2120 1265 2183 ἐν
1287 2125 1425 2207 χρώμασι
1449 2126 1505 2187 δια·

257 2227 355 2307 φορῶν
378 2223 457 2308 παρὰ
479 2223 532 2306 τὴν
555 2220 636 2307 ὄψιν,
664 2221 732 2287 οὐδὲ
753 2223 828 2305 άλλη
855 2229 914 2284 τῶν
940 2223 969 2285 ἐν
993 2221 1096 2306 ψόφοις
1123 2222 1201 2306 παρὰ
1222 2224 1274 2307 τὴν
1297 2224 1404 2309 ἀκοήν,
1435 2228 1450 2290 δ
1473 2224 1507 2290 δ’Ι

257 2324 343 2395 αύτδς
367 2327 414 2389 καὶ
436 2325 484 2388 ἐπὶ
512 2331 571 2389 τῶν
598 2324 695 2389 ἄλλων
722 2326 815 2408 λόγος.
861 2325 924 2388 ἐπεὶ
951 2326 984 2388 δὲ
1011 2326 1058 2388 καὶ
1086 2326 1121 2388 τδι
1151 2331 1212 2395 ταῖς
1235 2327 1436 2417 διαφερούσαις
1463 2330 1505 2392 αἰ-

216 2444 245 2488 ed
258 2428 397 2511 adridente
421 2428 547 2512 αἰσθητὰ
570 2430 703 2512 κρίνομεν
727 2430 797 2512 πρὸς
819 2426 932 2514 ἄλληλα
959 2428 1007 2490 καὶ
1034 2434 1092 2490 τῶν
1115 2430 1261 2511 διαφορῶν
1282 2427 1380 2492 αὐτῶν
1402 2431 1503 2495 αἰσθα-

258 2530 369 2615 νόμεθα
395 2531 462 2613 (τίνι
483 2530 537 2614 γὰρ
559 2530 652 2612 γλυκὺ
679 2534 783 2595 λευκοῦ
806 2531 948 2615 διαφέρει,
976 2531 1144 2615 αἰσθήσεως
1166 2537 1273 2615 κρῖναι,
1301 2532 1428 2617 αἰσθητὰ
1449 2535 1503 2619 γὰρ

257 2633 376 2719 ἄμφω),
404 2633 576 2717 ἐπιζητήσαι
598 2656 639 2702 τις
662 2633 711 2707 άν,
738 2634 765 2696 τί
790 2635 861 2697 ποτέ
883 2634 943 2697 ἐστι
970 2634 1003 2696 τό
1025 2620 1077 2702 τάς
1098 2633 1207 2697 τούτων
1235 2640 1330 2718 κρῖνον
1353 2638 1501 2722 διαφοράς.
1559 2677 1562 2683 ·

258 2736 325 2816 οῦτε
354 2737 407 2819 γάρ
434 2735 637 2820 κεχωρισμένα
665 2734 745 2799 ἔσται
772 2736 807 2799 τό
834 2736 963 2818 κρίνοντα
990 2736 1041 2804 τὰς
1065 2740 1123 2799 τῶν
1151 2741 1212 2805 ταῖς
1239 2738 1441 2822 διαφερούσαις
1463 2741 1504 2804 αἰ·
1518 2758 1547 2800 κο

256 2840 397 2924 σθησεσιν
419 2837 568 2921 αἰσθητῶν
583 2840 723 2923 διαφοράς
743 2838 910 2924 (ἀμφότερα
931 2837 985 2923 γὰρ
1005 2839 1048 2900 ἑνί
1065 2862 1118 2900 τινι
1140 2837 1210 2901 εἶναι
1234 2841 1279 2902 δεῖ
1298 2842 1388 2924 δῆλα·
1411 2843 1504 2913 οῦτως

218 2942 312 3027 υυγόιρ
335 2940 445 3005 εἴσεταί
469 2964 508 3009 τις
541 2939 585 3002 ότι
612 2939 709 3024 ἕτερον
736 2942 768 3003 τὸ
795 2941 886 3021 γλυκύ
912 2945 963 3003 τοῦ
992 2943 1112 3015 λευκοῦ,
1146 2940 1245 3023 ύμοιον
1271 2943 1326 3026 γὰρ
1354 2944 1386 3006 τδ
1412 2926 1516 3027 λέγειν’

215 3063 217 3068 ·
259 3043 465 3132 κεχωρισμένα
487 3044 535 3106 καὶ
556 3043 727 3128 διαφέροντα
750 3041 822 3107 εἰναι
845 3043 880 3106 τόι
901 3042 1097 3127 αἰσθανόμενα
1119 3043 1215 3106 αὐτῶν
1238 3045 1361 3109 ἑκάστου
1384 3049 1505 3119 καὶτὰς

261 3149 368 3217 οἰκείας
389 3147 513 3210 ἑκάστου
536 3145 631 3209 αὐτῶν
654 3145 827 3229 γνωρίζοντα
849 3145 987 3231 διαφορὰς
1008 3152 1051 3232 τῷ
1074 3145 1179 3229 λέγειν·
1210 3146 1237 3208 εἰ
1260 3147 1310 3210 δύο
1334 3146 1424 3212 όντων
1447 3158 1504 3215 τῶν

204 3315 293 3323 ..--
305 3314 468 3321 ——-....--
482 3314 496 3320 ..
507 3314 546 3319 -

168 3452 172 3459 ,
208 3408 219 3459 1
238 3406 377 3466 τίς-τίνος
389 3404 496 3477 ἑκάστη]
515 3405 576 3458 dass
592 3405 664 3474 jeder
683 3406 727 3458 der
743 3404 802 3458 irini
818 3405 899 3459 Sinne
917 3407 976 3460 eine
993 3394 1068 3459 Krait'
1086 3408 1121 3459 iet
1137 3406 1192 3458 und
1211 3407 1291 3459 wofirr
1309 3425 1337 3460 er
1355 3411 1412 3462 eine
1430 3410 1506 3463 Krnft
1524 3412 1559 3463 ist

203 3495 266 3548 bre
284 3494 328 3546 καί
346 3495 463 3564 κριτικὴν
482 3508 531 3546 om.
620 3492 681 3545 όδὲ
700 3508 749 3545 om.
838 3492 956 3563 θλόγος]
976 3493 1061 3547 inhalt
1150 3493 1210 3546 θδί
1229 3510 1280 3547 om.
1366 3496 1463 3548 10-11
1485 3496 1557 3550 διδ-
1640 3531 1643 3537 -

204 3581 320 3650 δυνάμιις
337 3580 403 3653 ιίδη]
422 3581 479 3634 weil
498 3582 535 3633 sie
554 3582 596 3633 die
609 3580 854 3650 Gleichmissigkeit
871 3581 917 3634 des
935 3581 1057 3649 Κῦτροτο,
1076 3582 1194 3634 welchem
1215 3581 1256 3634 die
1275 3583 1403 3637 sinnliche
1423 3585 1496 3637 Krest
1513 3602 1556 3656 ge·

204 3671 273 3734 hdrt,
296 3669 389 3723 dessen
408 3668 485 3721 δοται
499 3661 551 3720 ¹die
574 3667 634 3720 1ῦοί
649 3668 739 3721 Krrifte
757 3668 829 3734 sind,
852 3686 884 3722 zu
903 3669 1010 3723 Grunde
1031 3670 1131 3723 riehten
1258 3670 1285 3721 11
1317 3670 1343 3723 ἐν
1361 3670 1461 3741 ἐκείνῳ]
1482 3673 1557 3741 jenes

203 3757 315 3825 Kdrpers
421 3759 464 3810 καὶ
483 3772 533 3810 orn.
642 3755 1189 3826 ινουτοι]ιεῑοε[61ιῑοιιωοιοῑς1εῑι]
1300 3757 1330 3809 14
1359 3763 1418 3826 post
1436 3760 1612 3830 κινησεως,

202 3844 288 3897 addit:
307 3861 340 3897 zu
359 3844 466 3899 Grunde
484 3847 545 3915 geht
660 3844 760 3896 15-16
789 3842 1009 3914 οὖσα-δύναμιν]
1032 3844 1113 3897 durch
1132 3848 1203 3898 seine
1223 3830 1335 3914 Organe,¹
1352 3846 1424 3898 nicht
1442 3847 1557 3901 insofern

203 3933 275 3985 seine
294 3934 396 4001 Orgene
415 3933 514 4002 Kdrper
532 3933 605 3998 sind,
631 3925 743 3985 soridem
761 3931 876 3984 insoiem
899 3949 931 3984 er
949 3931 1020 3985 diese
1038 3932 1113 3985 Krait
1135 3930 1230 3985 benit-rt
1248 3930 1305 4000 [der
1323 3932 1450 4002 Kdrper'i]

92 4080 95 4085 ,
205 4018 236 4072 16
255 4018 290 4095 ὡς
309 4019 377 4073 εἶπον
395 4021 439 4072 καὶ
457 4019 545 4092 κρίνει]
566 4022 611 4072 κίε
631 4020 675 4071 wir
694 4019 779 4072 daven
798 4025 890 4088 gesngt
908 4019 1001 4084 haben,
1020 4019 1079 4072 dass
1098 4037 1126 4072 er
1144 4021 1305 4072 wahmehme
1323 4019 1377 4072 und
1396 4021 1508 4076 erkenne

205 4107 307 4161 19-20
333 4107 539 4178 ἐπεὶ-ἄλληλα]
558 4108 591 4160 da
609 4109 655 4162 wir
673 4108 734 4160 aber
751 4107 817 4159 anch
836 4106 878 4159 die
896 4105 1095 4176 Sinnesobjelrte
1114 4107 1159 4160 der
1176 4123 1235 4159 von
1255 4108 1412 4160 einander
1430 4110 1556 4163 verschie-

202 4196 286 4249 denen
306 4195 386 4248 Sinne
404 4195 535 4249 erkennen
635 4193 669 4246 ‘22
688 4193 834 4265 ἐπιζητήσει
852 4212 888 4251 τις
906 4193 948 4263 ἄν]
968 4209 997 4247 so
1016 4195 1051 4247 ist
1069 4210 1097 4247 es
1115 4195 1198 4263 υδιίρ,
1217 4197 1277 4248 dass
1296 4197 1342 4248 wir
1360 4195 1555 4261 narniensem,

202 4284 244 4336 bin
262 4283 372 4358 erkannt
390 4282 481 4346 werde,
500 4297 551 4334 νικυ
570 4297 597 4334 ει
617 4283 652 4334 ist
741 4282 775 4333 2’4
794 4280 1036 4354 ἀμφότερα-δῆλα]
1056 4283 1125 4335 denn
1144 4300 1171 4336 es
1190 4283 1294 4336 missen
1314 4283 1356 4335 die
1375 4282 1469 4336 beiden
1488 4300 1555 4336 ver·

202 4369 401 4423 sehiedenen
419 4356 672 4438 Dinge'zusnmmen
691 4371 718 4422 in
738 4371 820 4423 einen]
841 4371 925 4439 Dinge
943 4370 1141 4423 unterechieden
1160 4369 1261 4422 werden

202 4615 218 4666 2
236 4631 264 4683 γε
282 4630 297 4665 α
403 4612 419 4664 3
437 4609 510 4663 τύπω
528 4627 544 4663 ο
653 4612 686 4665 10
703 4611 752 4680 διὸ]
772 4616 896 4666 constans
914 4599 1048 4680 scripioris
1066 4628 1130 4666 usus
1148 4574 1210 4665 διότι
1229 4612 1352 4680 postulet.
1371 4611 1424 4665 vid.
1442 4592 1498 4664 ind.

201 4700 227 4752 α1
246 4715 296 4753 om.
417 4701 444 4753 11
475 4691 528 4771 dii
544 4694 583 4752 ¹ml
601 4699 688 4753 eadem
709 4716 802 4752 manue
822 4699 875 4753 αἰδι
893 4716 972 4768 supra
990 4700 1085 4752 lineam
1104 4701 1140 4751 V:
1163 4698 1214 4769 είδη
1234 4717 1262 4752 a:
1281 4698 1334 4769 τίδη
1356 4699 1425 4768 quod
1444 4714 1498 4751 non
1515 4699 1555 4750 in-

203 4788 305 4841 tellexit
324 4788 407 4841 Arabs
425 4788 619 4857 interpretando
638 4789 871 4855 circumscripsisse
888 4787 998 4840 ridetur.
1031 4787 1140 4840 fortasse
1157 4788 1279 4856 δυνάμεις.
1316 4786 1373 4857 ἤδη
1392 4783 1556 4857 φθειρομένης

204 4874 229 4927 δί
248 4873 280 4927 ei.
300 4875 356 4927 Ind.
375 4891 397 4927 s.
410 4891 434 4927 ν.
451 4874 500 4945 ἥδη
590 4930 593 4935 ,
610 4874 641 4925 15
659 4874 740 4927 έκεῖνο
760 4876 781 4928 V
801 4891 842 4928 ex.
860 4875 935 4927 vict:
956 4874 1049 4933 ἐκεῖνος
1068 4891 1083 4926 ο
1189 4876 1222 4926 ‘24
1241 4873 1278 4927 δεῖ
1295 4874 1354 4926 εἶναι
1373 4888 1388 4924 a
