3540 5610
652 319 709 392 [ου
733 322 843 376 ιωιιι
867 323 969 377 unm
992 323 1117 395 ιιτου]
1504 321 1562 388 181

263 493 492 571 πεπιστευκέναι,
517 491 521 578 ἱ
544 493 657 576 (ἱκανὸν
679 495 734 580 γὰρ
752 495 880 580 τάληθὲς
896 497 1078 581 μαχομένους
1102 499 1198 567 αὑτοῖς
1214 500 1360 584 οἱποφῒηναι
1375 499 1442 566 τούς
1456 497 1492 559 τὰ
1511 512 1564 558 161,

263 598 352 680 ψευδῆ
370 598 613 680 πεπιστευμένους
635 597 743 682 λέγειν)
764 598 841 667 ἄξιον
857 600 935 681 ἡμᾶς
957 599 1071 663 ἄνωθεν
1087 602 1264 685 ἀρξαμένους
1282 604 1360 677 ἰδεῖν,
1382 602 1423 669 τίς
1440 601 1509 664 ποτέ

263 699 338 762 ἐστιν
365 702 385 783 ἡ
412 700 495 785 φύσις
521 707 573 784 τῆς
602 700 778 786 εἱμαρμένης
805 703 853 764 καὶ
880 701 910 763 ἐν
937 702 1008 766 τίσιν
1036 705 1084 766 καὶ
1112 704 1199 790 μέχρι
1226 704 1318 769 πύσου
1346 706 1398 787 τὴν
1427 704 1510 787 ἰσχὺν

263 799 334 886 ἔχει.
379 804 426 866 καὶ
454 803 569 888 πρὼτύν
597 829 630 888 γε
663 805 729 888 περὶ
755 803 816 866 τίνα
842 810 901 867 τῶν
928 801 1019 868 ὄντων
1049 806 1166 890 εὔλογον
1193 807 1282 890 αὐτὴν
1309 807 1401 890 λέγειν
1428 806 1510 879 εἶναι,

238 906 503 990 οδιασκεψὼμεθα·
537 912 621 970 τοῦτο
643 906 698 991 γὰρ
721 907 844 991 φανερὸν
859 907 1011 990 γενόμενον
1028 910 1083 993 πρὸ
1104 907 1188 994 ἔργου
1203 910 1355 993 γενήσεται
1377 909 1510 992 καὶπρὸς

262 1008 297 1071 τὰ
319 1007 394 1072 ἄλλα
415 1009 452 1072 τὰ
474 1012 637 1094 ζητούμενα
652 1010 718 1093 περὶ
740 1009 839 1093 αὐτῆς.
883 1011 916 1073 τδ
940 1012 992 1093 μὲν
1008 1010 1057 1074 ούν
1074 1017 1158 1076 πᾶσιν
1174 1018 1233 1082 τοῖς
1251 1011 1330 1077 οὖσιν
1346 1013 1510 1077 ἐπιτάσσειν
1537 1028 1551 1070 ὅ

263 1111 352 1194 αὐτὴν
376 1113 423 1175 καὶ
447 1115 539 1176 πάντα
561 1114 653 1194 λέγειν
684 1113 813 1176 εἶναιτὰ
839 1111 907 1175 ὄντα
934 1112 1001 1176 καθ’
1030 1116 1216 1200 εἱμαρμένην,
1245 1117 1353 1199 ὁμοίως
1380 1117 1459 1179 άίδιά
1479 1141 1511 1178 τε

260 1215 307 1276 καὶ
322 1217 376 1298 μή,
399 1214 466 1279 οὔτε
489 1215 606 1298 εύλογον
628 1215 725 1284 άλλως
747 1215 812 1279 οὐθ’
841 1216 898 1278 ύπδ
923 1220 981 1279 τῶν
1005 1218 1169 1299 ὑμνούντων
1194 1221 1317 1300 μάλιστα
1338 1219 1391 1301 τὴν
1414 1220 1509 1302 εἱμαρ-

263 1317 351 1401 μένην
381 1321 421 1387 ὡς
449 1319 540 1381 αἰτίαν
566 1323 626 1381 τὼν
651 1318 825 1402 γιγνομένων
853 1319 988 1382 ἁπάντων
1015 1321 1254 1404 ὁμολογούμενον.
1298 1321 1365 1384 ούτε
1390 1322 1445 1404 γὰρ
1474 1321 1510 1384 τὰ

227 1435 250 1480 10
263 1422 340 1485 ἀίδια
361 1420 430 1485 καθ’
458 1420 634 1506 εἱμαρμένην
657 1420 729 1484 εἶναι
754 1422 888 1504 τοιαύτην
910 1421 1002 1505 λέγειν
1029 1421 1161 1506 εύλογον·
1195 1428 1305 1507 γελοῖον
1327 1424 1381 1509 γὰρ
1403 1425 1436 1486 τδ
1458 1425 1510 1506 τὴν

261 1525 414 1610 διάμετρον
437 1526 620 1609 ἀσύμμετρον
643 1529 680 1607 τῇ
704 1527 816 1608 πλευρᾷ
838 1525 930 1608 λέγειν
957 1524 1029 1588 εἶναι
1051 1525 1119 1589 καθ’
1146 1527 1332 1611 εἱμαρμένην,
1359 1527 1377 1608 ἢ
1401 1527 1433 1589 τὸ
1455 1528 1510 1610 τρί-

258 1651 352 1710 γωνον
376 1627 423 1691 διὰ
444 1632 529 1691 τοῦτο
557 1628 637 1691 δυσὶν
659 1627 760 1712 ύρθαῖς
788 1628 850 1697 ἴσας
877 1625 956 1713 ἔχειν
984 1629 1035 1697 τοὶς
1058 1629 1137 1698 ἐντδς
1164 1631 1277 1712 γωνίας,
1307 1631 1354 1692 καὶ
1380 1629 1509 1693 καθόλου

258 1730 294 1794 τὰ
316 1730 364 1794 ἀεὶ
386 1730 517 1795 κατὰτὰ
539 1730 613 1794 αύτά
639 1731 687 1793 καὶ
710 1731 849 1800 ὡσαύτως
877 1728 984 1816 ἔχοντα
1012 1731 1148 1814 ούδαμὼς
1177 1731 1295 1816 εὔλογον
1317 1731 1385 1795 καθ’
1413 1733 1510 1815 εἱμαρ·
1525 1748 1552 1791 ιο

259 1833 349 1918 μένην
373 1835 465 1904 υύτως
487 1832 567 1919 ἔχειν
588 1833 691 1916 λέγειν.
734 1832 799 1896 ἀλλ’
827 1832 895 1896 οὐδὲ
921 1833 957 1896 τὰ
984 1833 1136 1917 γιγνόμενα
1163 1837 1267 1898 πάντα·
1303 1834 1359 1898 ὅσα
1380 1835 1434 1919 γὰρ
1463 1836 1510 1897 καὶ

224 1938 370 2001 τετούτων
393 1935 530 2000 εύτακτύν
552 1960 583 2000 τε
610 1937 658 1999 καὶ
685 1936 848 2020 ὡρισμένην
876 1933 940 2020 ἔχει
962 1938 1014 2021 τἠν
1040 1938 1149 2020 γένεσίν
1171 1962 1203 2000 τε
1230 1939 1277 2001 καὶ
1304 1938 1424 2020 κίνησιν,
1452 1934 1508 2006 ἔξω

259 2040 357 2102 πίπτει
384 2041 432 2102 καὶ
457 2043 547 2103 ταῦτα
573 2045 626 2123 τῆς
651 2039 837 2123 εἱμαρμένης.
882 2038 915 2101 ού
943 2037 998 2122 γὰρ
1025 2039 1093 2102 καθ’
1125 2040 1300 2125 εἱμαρμένην
1328 2042 1343 2103 ὁ
1372 2043 1452 2124 ἥλιος
1479 2041 1510 2103 ἐν

259 2147 440 2229 χειμερινοῖς
466 2167 486 2226 η
510 2143 636 2227 θεριναῖς
657 2147 775 2227 τροπαῖς
800 2143 934 2224 γίγνεται,
962 2141 1029 2204 οὐδὲ
1052 2142 1172 2205 ἕκαστον
1195 2149 1253 2206 τῶν
1276 2143 1390 2228 ἄστρων
1413 2144 1510 2228 εἱμαρ·

259 2247 349 2329 μένην
372 2246 464 2308 αἰτίαν
487 2242 551 2330 ἔχει
573 2251 625 2329 τῆς
647 2244 754 2313 οἰκείας
775 2248 877 2328 φορᾶς,
904 2242 968 2306 ἀλλ’
996 2242 1073 2307 ἔστιν
1096 2246 1195 2330 ὡσπερ
1218 2246 1346 2310 κατὰτὸ
1369 2247 1440 2310 εἶναι
1463 2247 1510 2309 καὶ

258 2350 312 2431 τὴν
335 2349 434 2412 ούσίαν
458 2348 599 2433 ἐλεύθερα
625 2353 678 2432 τῆς
700 2347 834 2430 τοιαύτης
856 2349 957 2425 αἰτίας,
987 2349 1079 2417 ούτως
1102 2349 1134 2411 δὲ
1161 2349 1209 2410 καὶ
1236 2348 1309 2411 κατὰ
1330 2349 1381 2417 τὰς
1403 2350 1509 2417 οἰκείας

217 2468 245 2514 υ)
258 2453 414 2536 ἐνεργείας.
458 2452 502 2515 διδ
524 2457 583 2514 τῶν
607 2452 658 2533 μὲν
681 2451 781 2514 αἰδίων
810 2476 829 2535 η
852 2451 926 2514 κατὰ
952 2450 988 2514 τὰ
1010 2448 1084 2512 αύτὰ
1111 2452 1158 2512 καὶ
1186 2451 1326 2520 ὡσαύτως
1353 2452 1398 2515 ἀεὶ
1420 2476 1508 2536 γιγνο-
1525 2468 1550 2510 ιτ

260 2557 355 2640 μένων
379 2555 499 2624 οὐθενὸς
522 2554 612 2617 αίτιον
635 2578 654 2638 η
677 2553 848 2639 εἱμαρμένη,
871 2556 953 2617 δοκεῖ
973 2554 1004 2616 δὲ
1027 2553 1057 2615 ἐν
1080 2558 1139 2622 τοῖς
1161 2554 1191 2616 ἐν
1214 2553 1325 2636 γενέσει
1346 2556 1394 2618 καὶ
1411 2556 1509 2640 φθορᾷ

259 2665 312 2743 τῆς
334 2657 511 2743 εἱμαρμένης
533 2655 616 2742 ἔργον
639 2657 720 2721 εἶναι.
764 2657 795 2720 ἐν
817 2657 871 2741 γὰρ
893 2660 954 2726 τοῖς
975 2657 1148 2739 ἐπιτηδείοις
1178 2656 1245 2721 ὅσον
1268 2656 1315 2720 ἐπὶ
1338 2663 1375 2741 τῇ
1398 2663 1506 2744 φυσικῇ

259 2767 431 2847 παρασκευῇ
454 2762 526 2846 πρὸς
548 2760 584 2824 τὰ
606 2761 787 2842 ἀντικείμενα
812 2766 864 2843 τῖης
887 2760 1063 2844 εἱμαρμένης
1087 2760 1169 2844 ἰσχὺς
1191 2759 1264 2823 εἶναι
1286 2762 1375 2833 δοκεῖ,
1405 2761 1435 2824 ἐν
1460 2762 1508 2824 θα-

258 2867 336 2950 τέρῳ
358 2871 416 2927 τὼν
439 2864 643 2947 ἀντικειμένων
666 2863 831 2948 κατέχουσα
853 2862 926 2926 αὐτὰ
948 2864 996 2926 καὶ
1018 2865 1201 2947 φυλάττουσα
1222 2865 1297 2926 κατά
1317 2886 1378 2926 τινα
1399 2863 1509 2933 τάξεως

215 2985 245 3030 κα
258 2969 443 3031 ἀκολουθίαν,
488 2968 584 3052 άγάρ
607 2967 659 3030 οὐκ
682 2966 716 3029 ἂν
739 2967 832 3035 ούτως
854 2964 919 3051 ἔχοι
941 2965 1009 3029 άνευ
1032 2972 1084 3050 τῆς
1110 2967 1296 3050 εἱμαρμένης,
1319 2971 1408 3029 ταῦτα
1430 2965 1508 3049 παρὰ

258 3078 312 3154 τῆς
338 3071 514 3156 εἱμαρμένης
541 3070 571 3132 ἐν
599 3071 670 3153 τᾷδε
697 3074 734 3152 τῇ
768 3069 846 3138 τάξει
873 3070 1070 3154 φυλάττεσθαι
1100 3071 1191 3131 δοκεῖ·
1225 3073 1342 3132 τοιαῦτα
1368 3068 1400 3131 δέ
1432 3069 1507 3131 ἐστιν

259 3175 313 3238 σύκ
339 3173 414 3238 ἄλλα
439 3173 502 3236 τινὰ
529 3179 587 3236 τὼν
621 3170 711 3236 ὄντων
744 3173 764 3255 η
791 3172 826 3235 τὰ
860 3171 1028 3254 ἐν·γενέσει
1061 3173 1107 3234 καὶ
1133 3172 1245 3256 φθορᾷ·
1280 3172 1355 3235 ὡστε
1382 3172 1550 3234 ἐνταῦθάυυ

258 3302 316 3341 που
343 3278 391 3340 καὶ
417 3278 450 3340 τὸ
477 3281 529 3360 τῆς
555 3275 741 3360 εἱμαρμένης.
785 3274 850 3337 ἐπεὶ
876 3274 909 3337 δὲ
942 3275 989 3337 καὶ
1017 3275 1126 3369 τούτων
1152 3274 1188 3338 τὰ
1222 3275 1274 3357 μὲν
1296 3274 1369 3337 κατὰ
1403 3275 1508 3360 τέχνην

258 3404 292 3443 τε
318 3381 365 3443 καὶ
392 3379 476 3462 λύγον
503 3378 636 3464 τεχνικόν
663 3402 739 3450 τινα,
768 3376 805 3441 τὰ
832 3379 864 3441 δὲ
890 3377 964 3440 κατὰ
990 3377 1169 3462 προαίρεσιν,
1202 3376 1238 3439 τὰ
1265 3378 1297 3440 δὲ
1323 3377 1396 3440 κατὰ
1422 3378 1507 3462 φύσιν

216 3485 396 3568 συγίγνεται,
430 3482 569 3546 σκεπτέον
602 3481 632 3543 έν
665 3481 736 3544 τίσιν
762 3481 871 3544 τούτων
903 3481 936 3543 τὸ
963 3485 1016 3564 τῆς
1042 3478 1232 3564 εἱμαρμένης,
1265 3481 1292 3543 εἰ
1321 3482 1361 3563 μὴ
1390 3480 1450 3544 οἱύν
1477 3504 1509 3542 τε

258 3589 290 3652 ἑν
323 3591 420 3650 πᾶσιν.
464 3585 501 3648 τὰ
534 3585 586 3666 μὲν
619 3581 669 3645 ούν
702 3583 775 3645 κατὰ
808 3583 913 3668 τέχνην
946 3582 1098 3666 γιγνόμενα
1129 3579 1195 3646 καθ’
1227 3583 1403 3668 εἱμαρμένην
1436 3582 1512 3645 εἶναί

256 3715 290 3754 τε
315 3691 362 3753 καὶ
389 3688 536 3772 γίγνεσθαι
562 3686 653 3769 λέγειν
681 3685 816 3768 ούδαμὼς
842 3690 903 3755 ταῖς
929 3687 993 3770 περὶ
1021 3691 1073 3769 της
1099 3685 1274 3770 εἱμαρμένης
1303 3685 1397 3756 δόξαις
1419 3706 1508 3770 συνῳ-

259 3791 324 3856 δύν·
358 3795 470 3874 γελοῖον
503 3791 557 3874 γὰρ
590 3790 622 3852 τὸ
656 3789 708 3872 τὴν
741 3789 838 3872 κλίνην
872 3814 890 3872 η
920 3790 953 3852 τὸ
987 3790 1096 3874 βάθρον
1122 3784 1190 3851 καθ’
1224 3788 1399 3872 εἱμαρμένην
1431 3811 1509 3870 γεγο-

256 3896 336 3958 νέναι
357 3895 464 3977 λέγειν,
492 3918 511 3976 η
534 3893 587 3976 τὴν
609 3893 696 3976 λύραν
719 3891 867 3976 ἡρμόσθαι
888 3889 955 3955 καθ’
983 3891 1173 3975 εἱμαρμένην·
1205 3891 1281 3953 ούτω
1304 3891 1359 3975 γὰρ
1386 3891 1508 3975 ἐροῦμεν
1522 3907 1549 3950 κα

215 4003 352 4063 σσπᾶσαν
386 3997 491 4082 τέχνην
521 3995 707 4080 εἱμαρμένην.
753 3993 816 4056 ἀλλ’
844 3992 906 4056 οὐδ’
935 3994 975 4056 ὡν
1002 3994 1168 4077 προαίρεσις
1193 3993 1283 4067 αἰτία,
1317 3998 1406 4056 ταῦτα
1436 3994 1503 4056 καθ’

257 4100 434 4187 εἱμαρμένην
468 4099 502 4163 ἂν
535 4098 596 4182 εἴη·
629 4099 738 4161 τούτων
771 4097 826 4181 γὰρ
859 4096 889 4159 ἐν
923 4097 992 4179 ἡμῖν
1026 4119 1045 4180 η
1078 4096 1172 4181 ἀρχή,
1205 4093 1265 4157 ἀλλ’
1304 4095 1356 4158 οὐκ
1389 4093 1508 4172 ἔξωθεν,

203 4267 386 4277 ---—

205 4359 323 4417 1αύτοῑς
341 4360 445 4426 scripsi:
463 4358 548 4414 αύτοῖς
567 4355 691 4409 θὶἱθῖυι
711 4355 803 4415 αύτούς
822 4355 900 4408 0τεὶἱί
1002 4353 1141 4423 manc
1242 4355 1323 4424 3τῆς
1341 4354 1492 4424 εἱμαρμένης
1510 4370 1561 4407 om.

202 4448 282 4501 Orelli
389 4445 600 4498 wwvcssa:
619 4444 719 4496 ποῑαΗ
825 4443 919 4515 ύπερὶ
937 4441 1043 4514 έργουυ
1147 4441 1216 4494 ύτὰ
1234 4439 1375 4511 ζητούμενα
1395 4442 1453 4493 VH:
1474 4440 1561 4511 ζητού·

202 4554 265 4604 μινα
284 4535 346 4587 KG&
443 4534 474 4585 10
492 4531 516 4584 τ’
537 4531 604 4584 ἀίδια
623 4533 663 4585 Ka
754 4532 801 4601 τὴν
819 4529 938 4600 τοιαύτην
956 4530 1017 4582 Κθκ
1113 4529 1144 4581 13
1162 4527 1198 4586 ὡς
1216 4527 1339 4586 αύτωςὶί
1432 4530 1462 4581 16
1481 4530 1560 4602 ἦμαρ.

201 4625 280 4693 μένην
297 4639 315 4674 α
405 4621 435 4672 18
454 4622 497 4673 καὶ
515 4620 620 4673 κατᾶθ
711 4619 741 4671 19
761 4618 840 4676 αἱτίας
859 4617 982 4670 VHCKa:
1001 4615 1084 4674 ούσὶας
1102 4615 1181 4668 Orelli
1269 4615 1299 4666 21
1322 4614 1347 4668 δὲ
1366 4617 1410 4668 καὶ
1428 4618 1454 4668 ἐν
1472 4619 1561 4675 τοῑςθ

202 4762 236 4814 ιν
254 4766 302 4832 της
320 4762 395 4814 vna:
415 4758 455 4813 οτι
475 4760 658 4830 omen-2211
757 4759 791 4811 οε
808 4706 961 4831 {Ram
980 4757 1000 4810 σ
1101 4755 1134 4807 25
1153 4754 1208 4828 ιχοι
1226 4755 1332 4823 scripsi:
1353 4755 1419 4826 ἔχειν
1439 4758 1562 4810 νιικοω

201 4849 255 4919 ἔχει
273 4849 352 4902 0τεὶἱὶ
458 4847 493 4901 28
516 4847 554 4917 δὲ]
573 4848 618 4915 μὲν
636 4848 715 4901 Orelli
821 4846 854 4899 32
882 4845 1039 4898 συνωδίνει
1058 4842 1210 4897 συνωδονὶί
1316 4843 1420 4897 34-35
1453 4842 1560 4898 οὔτω-

201 4938 354 5013 εἱμαρμένην
372 4953 422 4990 om.
442 4937 462 4994 G
569 4935 602 4990 36
621 4935 673 4992 ἀλλ’
696 4936 772 4992 vKa:
791 4935 834 4990 καὶ
853 4930 906 4986 011
924 4933 968 4989 καὶ
986 4933 1026 5001 (in
1044 4947 1096 5004 mg.
1114 4929 1182 5000 ἀλλ’)
1201 4931 1225 4987 Η
