3540 5610
588 310 668 368 ΠΕΡΙ
688 311 848 370 ΚΡΑΣΕΩΣ
866 311 927 369 ΚΑΙ
948 311 1123 369 ΑΥΞΗΣΕΩΣ
1144 314 1175 366 16
1498 312 1559 377 2δῖ

251 490 354 574 χῶραν
376 488 527 572 φυλάσσον
549 487 597 550 καί
620 486 694 550 κατὰ
716 491 801 550 τοῦτο
823 487 1041 570 προσκείμενον,
1076 485 1151 549 ἀλλὰ
1173 485 1300 568 προωθή
1322 485 1354 547 τὸ
1378 483 1434 568 πρὸ
1457 481 1505 545 αὐ·

250 593 313 667 τού,
336 590 454 654 κάκεῖνο
476 590 509 652 τδ
531 590 588 673 πρδ
611 587 701 652 αὐτού
725 590 820 665 πάλιν,
855 589 944 673 μέχρι
965 589 1116 664 τοσούτου,
1150 587 1208 657 ἕως
1240 586 1274 650 δν
1301 587 1423 650 ἕκαστον
1445 588 1504 648 τῶν
1532 600 1546 641 ⁶

253 693 363 776 μορίων
381 691 471 757 αὐτοῦ
494 691 569 756 κατὰ
591 692 744 774 ἀναλογίαν
760 691 989 775 προστιθεμένου
1012 696 1063 754 τού
1086 688 1239 775 τρέφοντάς
1255 713 1286 752 τε
1308 688 1356 751 καὶ
1372 685 1507 776 αὔξοντος

253 793 319 878 ίσην
339 795 468 860 ἐπίδοσιν
488 795 578 878 λαβδν
600 793 703 856 ταύτὸν
719 791 825 878 έχοντα
842 799 945 878 σχῆμα
962 794 1057 876 μείνῃ,
1085 792 1101 854 δ
1121 790 1186 877 ἔχει
1205 794 1253 856 καὶ
1274 793 1330 875 πρδ
1350 795 1403 874 τῆς
1423 810 1509 875 προσ·

218 895 376 982 οκρίσεως
397 901 449 961 τού
471 896 635 982 τρέφοντος.
674 899 716 964 ὡς
737 896 791 980 γὰρ
814 901 867 980 τῆς
891 901 945 979 γῆς
967 895 1070 979 βαρέος
1093 893 1175 963 ὄντος
1197 898 1333 978 σώματος
1358 895 1407 957 καί
1429 893 1509 955 κάτω

254 1023 286 1063 τε
308 1001 358 1064 καὶ
380 1001 428 1064 ἐπὶ
451 1000 485 1063 τὸ
508 999 597 1081 μέσον
624 998 790 1083 φερομένου
824 1000 871 1061 καὶ
904 998 978 1061 κατὰ
1006 999 1059 1080 τήν
1085 997 1176 1060 αὑτοῦ
1198 997 1282 1080 φύσιν
1306 997 1419 1080 καὶτῷ
1444 994 1508 1078 ίδίιμ
1524 1010 1550 1052 ιο

253 1101 338 1187 μέσῳ
359 1103 393 1166 τὸ
415 1105 468 1165 τού
489 1102 597 1170 παντὸς
619 1101 794 1186 κατέχοντος
817 1100 907 1183 μέσον
928 1123 959 1162 τε
982 1101 1030 1163 καὶ
1053 1099 1180 1184 κέντρον,
1204 1098 1238 1162 δν
1265 1101 1353 1184 βάρος
1384 1095 1430 1160 ἐπ’
1458 1096 1508 1160 αὐ·

252 1208 291 1288 τῇ
313 1228 342 1268 τι
364 1209 463 1289 μεῖζον
486 1204 562 1287 τεθή
586 1204 660 1267 κατὰ
683 1204 807 1288 θάτερον
829 1204 1028 1288 ἡμισφαίριον,
1055 1203 1088 1266 οὐ
1112 1203 1159 1265 διδ
1184 1207 1237 1286 τῆς
1263 1199 1510 1285 προϋπαρχούσης

252 1311 307 1392 γῆς
329 1307 475 1371 διαδύεται
497 1311 583 1370 τούτο
615 1311 667 1390 τής
689 1305 720 1368 έν
742 1311 785 1390 τῷ
810 1305 893 1390 μέσῳ
917 1306 1069 1390 μενούσης,
1103 1309 1145 1374 ῶς
1177 1310 1227 1388 τῆς
1258 1304 1331 1372 ἰδίας
1358 1304 1450 1387 ῥοπῆς
1475 1303 1509 1364 τδ

206 1430 238 1477 10
258 1409 374 1494 κέντρον
397 1407 477 1496 έχειν
500 1409 574 1473 κατὰ
596 1410 630 1473 τὸ
652 1412 702 1472 τοῦ
726 1411 832 1479 παντὸς
854 1409 953 1490 μέσον,
986 1407 1046 1472 ἀλλ’
1075 1409 1188 1472 άνωθεν
1215 1434 1251 1493 τῃ
1277 1405 1510 1490 προϋπαρχούσῃ
1525 1419 1551 1461 1⁵

251 1517 291 1597 γῇ
315 1511 404 1599 μέχρι
426 1511 567 1576 τοσούτου
590 1511 624 1574 τὸ
645 1512 716 1594 πρὸς
739 1511 810 1574 αὐτὸ
834 1511 934 1596 μόριον
956 1516 1009 1595 τῆς
1030 1517 1083 1596 γῆς
1105 1512 1246 1597 προωθεῖ,
1270 1510 1329 1578 ἕως
1351 1509 1386 1572 δν
1408 1508 1441 1569 τδ
1464 1530 1509 1589 γε·

253 1613 373 1699 νόμενον
396 1618 446 1677 τού
468 1619 521 1698 τῆς
543 1620 597 1698 γῆς
620 1614 726 1698 βάρους
747 1614 863 1697 κέντρον
886 1614 935 1677 διδ
956 1615 1008 1696 τήν
1031 1614 1204 1699 προσθήκην
1226 1618 1277 1676 τοῦ
1301 1614 1406 1698 βάρους
1429 1612 1509 1696 γένη-

254 1740 299 1780 ται
321 1715 395 1782 κατὰ
426 1721 478 1780 τοῦ
501 1717 606 1786 παντδς
634 1716 722 1799 μέσον
745 1717 845 1799 (τούτο
878 1717 932 1801 γὰρ
967 1716 1040 1780 κατὰ
1072 1717 1157 1801 φύσιν
1190 1721 1249 1784 τοῖς
1272 1715 1373 1799 βαρέσι
1407 1716 1508 1778 τεκαὶ

253 1819 335 1883 κάτω
357 1818 527 1903 φερομένοις
550 1822 695 1902 σώμασιν·
735 1817 769 1882 ού
803 1818 953 1902 γινομένου
990 1821 1036 1882 καὶ
1063 1820 1096 1880 τὸ
1125 1824 1229 1904 σχῆμα
1256 1819 1318 1900 ἅμα
1345 1821 1364 1901 ἡ
1391 1823 1428 1901 γή
1456 1841 1508 1902 φυ-
1522 1833 1551 1875 εν

202 1943 234 1991 ιο
251 1924 354 1987 λάσσει
376 1923 410 1986 τὸ
431 1921 594 2007 σφαιρικόν,
620 1921 636 1985 δ
660 1922 725 2006 εἶχε
747 1924 795 1986 καὶ
818 1924 874 2007 πρὸ
891 1923 968 2004 τοῦ),
992 1922 1086 1990 ούτως
1101 1921 1284 2006 ὑποληπτέον
1307 1922 1354 1983 καὶ
1378 1920 1425 1982 ἐπὶ
1447 1925 1507 1983 τῶν

254 2026 438 2109 ὁμοιομερῶν
454 2023 622 2106 [γίνεσθαι],
644 2028 702 2088 τῶν
718 2023 885 2106 αὐξομένων
907 2023 954 2087 διὰ
976 2025 1029 2107 τὴν
1050 2024 1109 2086 άπὸ
1124 2029 1177 2108 τῆς
1198 2028 1306 2108 τρυφῆς
1329 2021 1506 2108 πρόσκρισιν,

253 2126 326 2190 εὐθύ
359 2130 398 2211 τῇ
431 2127 598 2211 προσκρίσει
631 2149 664 2189 τε
690 2128 738 2189 καὶ
766 2125 936 2208 ἐξομοιώσει
963 2128 1035 2210 πρός
1061 2127 1095 2188 τδ
1122 2125 1297 2211 τρεφόμενον
1325 2132 1379 2210 τῆς
1400 2130 1509 2209 τροφῆς

254 2226 322 2314 παρ’
350 2226 448 2293 αὐτῶν
471 2232 530 2291 τῶν
553 2232 650 2313 μερῶν
673 2232 725 2291 τοῦ
747 2229 927 2312 τρεφομένου
951 2227 1095 2313 πρόσοδόν
1117 2252 1180 2292 τινα
1201 2229 1329 2310 γίνεσθαι
1352 2231 1399 2293 καί
1423 2230 1507 2311 μετά·
1521 2243 1548 2284 ⁸⁶

254 2352 352 2396 στασιν
375 2331 466 2395 άλλου
488 2332 693 2416 προωθοῦντος
715 2331 798 2406 ἄλλο,
829 2332 887 2401 ἕως
909 2331 943 2395 δν
966 2334 999 2395 τδ
1022 2336 1089 2408 ποῖν,
1113 2333 1143 2394 ἐν
1167 2328 1192 2417 ᾧ
1215 2331 1354 2417 πρότερον
1377 2331 1413 2417 ἦν
1436 2333 1509 2416 σχή·

200 2455 237 2502 το
254 2459 332 2518 ματι,
366 2435 397 2498 έν
420 2435 514 2520 τούτῳ
538 2436 586 2498 καὶ
610 2434 684 2519 μετὰ
704 2435 757 2518 τὴν
784 2435 843 2497 άπδ
877 2439 930 2519 τῆς
959 2440 1069 2519 τροφῆς
1097 2434 1269 2519 προσθήκην
1296 2435 1422 2519 γένηται.
1468 2438 1508 2503 ῶς

252 2538 306 2622 γὰρ
329 2534 447 2606 αὔξεταί
466 2559 497 2600 τε
521 2538 569 2600 καὶ
591 2538 770 2621 φυλάσσεται
791 2537 828 2600 τὰ
850 2543 909 2600 τῶν
943 2540 1125 2622 ὁμοιομερῶν
1156 2541 1207 2600 τοῦ
1233 2537 1411 2621 τρεφομένου
1435 2538 1507 2622 σχή-

254 2662 331 2723 ματα
353 2639 383 2703 έν
406 2663 442 2723 τῃ
480 2643 539 2703 τῶν
561 2639 745 2723 ὁμοιομερῶν
779 2639 908 2722 αὐξήσει,
942 2640 1036 2709 οὕτως
1069 2642 1117 2703 καὶ
1150 2640 1186 2702 τὰ
1207 2646 1266 2704 τῶν
1289 2640 1507 2723 ἀνομοιομερῶν
1521 2655 1550 2698 ει

253 2741 435 2826 ὑποληπτέον
458 2741 661 2827 φυλάσσεσθαι
685 2742 825 2828 σχήματα
858 2748 911 2826 τῆς
934 2742 1008 2806 κατὰ
1031 2741 1117 2826 μύρια
1140 2741 1386 2826 προσκρινομένης
1408 2743 1506 2812 αὐτοῖς

250 2849 361 2930 τροφῆς
394 2845 450 2907 ὁπδ
473 2849 526 2929 τῆς
548 2844 579 2908 έν
601 2843 678 2928 αὐτή
702 2846 860 2929 θρεπτικῆς
882 2848 1034 2928 δυνάμεως
1068 2846 1109 2915 είς
1137 2848 1231 2909 πάντα
1263 2846 1338 2911 αὐτὰ
1365 2845 1510 2931 οἰχομένης

203 2967 238 3016 νο
256 2945 414 3029 ἀναλόγως.
452 2945 522 3011 καθ’
550 2946 607 3033 llll
633 2949 784 3030 ἀναλογίαν
809 2949 883 3032 μετὰ
904 2953 957 3033 τῆς
979 2953 1030 3011 τοῦ
1054 2953 1189 3032 σώματος
1204 2949 1350 3034 σωτηρίας
1365 2949 1487 3013 ἕκαστον
1510 2957 1562 3013 bil

253 3049 352 3113 αὐτῶν
376 3053 433 3113 πᾶν
456 3047 581 3125 αὔξεται,
610 3053 658 3114 καὶ
681 3052 781 3114 δεῖτὸ
802 3052 951 3134 γινόμενον
975 3051 1031 3114 ύπδ
1055 3057 1106 3136 τῆς
1129 3052 1246 3137 φύσεώς
1267 3074 1299 3115 τε
1322 3054 1370 3116 καὶ
1393 3053 1508 3136 θρεπτι-

254 3157 309 3237 κής
330 3153 481 3234 δυνάμεως
503 3159 563 3222 τοῖς
585 3154 633 3217 διδ
662 3159 715 3238 τῆς
738 3158 847 3238 τροφῆς
869 3152 1072 3238 αὐξανομένοις
1106 3155 1261 3238 ύτολαβεῖν
1295 3153 1395 3239 ὁμοιον
1425 3153 1509 3226 εἶναι,

254 3258 296 3325 ιὸς
318 3255 353 3318 δν
375 3256 403 3319 εἰ
424 3255 501 3320 οίνόν
524 3279 566 3326 τις
588 3256 739 3339 έπινοήσαι
773 3258 821 3319 διά
843 3279 917 3325 τινος
947 3260 1079 3340 σωλῆνος
1106 3256 1276 3342 φερόμενον,
1310 3260 1510 3341 φυλάσσοντος
1535 3274 1550 3316 υ

255 3359 308 3441 μέν
329 3357 363 3420 τὸ
386 3362 490 3442 σχῆμα
512 3358 626 3433 ταύτόν,
649 3357 685 3421 δι’
707 3357 851 3443 ὑγρότητα
872 3359 906 3422 δὲ
928 3360 976 3423 καί
999 3358 1197 3443 μαλακότητα,
1220 3358 1289 3422 ὁταν
1313 3360 1365 3443 μδν
1388 3359 1507 3424 έλαττον

202 3456 274 3545 3οή
309 3460 343 3524 τὸ
376 3458 414 3523 δι’
446 3459 535 3524 αὐτοῦ
558 3459 718 3546 φερόμενον
751 3460 847 3545 ὑγρόν,
882 3462 1110 3543 συστελλομένου
1137 3485 1169 3524 τε
1196 3464 1243 3525 καὶ
1270 3464 1303 3526 τὸ
1331 3467 1434 3548 σχῆμα
1461 3463 1509 3525 ἐπὶ

254 3563 384 3626 ἐλάττονι
408 3564 551 3635 σώζοντος
575 3562 664 3648 όγκιρ,
687 3563 755 3626 ὁταν
777 3565 810 3627 δὲ
825 3567 924 3627 πλεῖον
940 3560 960 3648 ᾖ
977 3565 1096 3638 τούτων,
1119 3564 1348 3648 ἀνευρυνομένου
1364 3588 1395 3628 τε
1412 3567 1507 3650 πάντη

255 3667 303 3728 καὶ
327 3665 445 3747 μείζονα
466 3666 515 3728 τὸν
538 3664 623 3749 ὄγκον
646 3666 851 3751 λαμβάνοντος.
897 3670 938 3736 ῶς
971 3666 1025 3749 γὰρ
1059 3667 1106 3730 ἐπὶ
1133 3672 1184 3730 τού
1213 3670 1345 3751 σωλήνος
1373 3672 1425 3731 τού
1453 3692 1508 3732 τοι·
1523 3686 1551 3727 ιυ

253 3768 339 3832 ούτου
362 3767 397 3830 οὐ
419 3767 452 3830 τὸ
476 3768 555 3852 ύδωρ
577 3770 610 3830 τὸ
632 3768 826 3853 αὐξανόμενὸν
848 3769 936 3847 ἐστιν,
969 3768 987 3832 ό
1007 3793 1040 3853 γε
1062 3771 1114 3854 τὴν
1137 3771 1234 3856 ἀρχὴν
1261 3770 1330 3834 οὐδέ
1357 3771 1507 3852 ὑπομένει,

201 4004 280 4058 θτοῖν
299 4005 390 4074 Apelt:
418 4006 463 4059 καὶ
484 4007 544 4061 libri
663 4008 681 4060 4
704 4007 806 4081 έχοντα]
834 4008 894 4082 ίχον
916 4009 946 4062 τὸ
969 4009 1052 4062 ΙύυΙυτ
1176 4010 1260 4081 μείνῃ]
1289 4012 1351 4083 μένῃ
1375 4013 1457 4067 Ιύελετ

200 4091 265 4163 έχιι]
286 4093 339 4162 ιῖχι
363 4092 447 4146 Ιὸοίοτ
570 4095 586 4147 6
609 4094 638 4148 τό
664 4111 715 4149 om.
738 4096 821 4150 ldelbr
962 4099 979 4150 8
1001 4114 1026 4149 τι
1048 4097 1134 4150 Diels:
1162 4098 1178 4167 ἡ
1203 4099 1276 4152 libri:
1305 4100 1354 4152 del.
1379 4101 1457 4169 Apelt

201 4177 217 4231 9
239 4183 316 4236 τοῦτο
338 4180 429 4249 Apelt:
457 4181 487 4234 τὸ
512 4180 561 4234 bal
589 4182 662 4236 libriz
690 4184 740 4236 del.
758 4183 846 4252 [Idoler
954 4185 986 4238 10
1009 4183 1107 4238 ἄνωθεν
1126 4186 1173 4250 (έν)
1191 4187 1320 4240 Schwartz
1447 4191 1475 4241 ll
1502 4192 1564 4263 πρὸς

201 4265 274 4336 αὐτὸ]
293 4266 342 4339 πρὸ
358 4267 436 4321 αὐτοῦ
456 4270 533 4337 Apelt
643 4270 674 4322 13
697 4271 806 4325 fortasse
825 4274 890 4326 κατὰ
908 4272 964 4337 (τὸ)
982 4279 1028 4326 τοῦ
1138 4275 1176 4325 14.
1200 4274 1230 4327 15
1250 4274 1384 4344 φυλάσσειν
1402 4277 1418 4346 ή
1438 4281 1468 4348 γη
1488 4281 1529 4331 Ra

204 4351 234 4406 16
252 4351 363 4423 γίνεσθαι
380 4355 463 4407 delevi
551 4356 729 4426 αὐξανομένων
748 4362 834 4413 ΒΡΗυ
924 4361 956 4413 18
974 4361 1088 4432 γινέσθαι
1108 4366 1147 4415 Rs
1238 4361 1268 4414 19
1287 4361 1366 4416 άλλου
1384 4363 1563 4437 προωθοῦντος

201 4441 290 4508 Apelt:
318 4438 373 4494 ἀλλ’
392 4439 423 4494 οὐ
441 4442 606 4513 προυδούντος
625 4445 685 4499 libri
796 4447 827 4499 21
854 4446 1012 4524 ὁμοιομερῶν
1032 4450 1121 4518 Apelt:
1151 4450 1342 4521 ἀνομοιομιρῶν
1360 4452 1421 4504 libri

201 4526 243 4578 21.
256 4526 291 4579 22
310 4528 440 4602 σχήματος
456 4533 496 4583 Ra
601 4530 635 4583 22
656 4548 693 4600 pr.
712 4532 776 4602 τῶν]
794 4538 840 4604 τῆς
857 4538 897 4588 Ra
1004 4537 1161 4609 ὁμοιομερῶν
1182 4544 1204 4589 A
1225 4543 1299 4602 (corr.
1312 4556 1344 4591 ex
1366 4541 1563 4613 ἀνομοιομερῶν)

200 4615 274 4669 BR&
298 4615 488 4689 ἀνομοιομιρῶν
501 4620 566 4671 CPS
667 4619 701 4671 23
719 4621 839 4691 σχήματα
859 4629 896 4675 A:
915 4639 1026 4696 σχήματι
1045 4626 1089 4677 rel.
1191 4627 1225 4679 '26
1244 4626 1280 4680 δεῖ
1300 4628 1389 4695 Apelt:
1409 4627 1449 4679 διὰ
1468 4629 1526 4681 libri

201 4699 235 4753 2⁷
252 4705 299 4772 τῆς
317 4718 402 4756 ουκιι
502 4704 536 4757 28
557 4705 578 4759 ιί
596 4704 676 4777 (ὕδωρ
695 4707 767 4779 πρὸς)
785 4709 851 4762 υίνον
870 4711 925 4764 slve
944 4712 965 4763 εί
982 4709 1062 4782 (ύδωρ
1081 4714 1109 4781 η)
1128 4713 1193 4766 οἶνον
1215 4714 1284 4767 Diels
1391 4733 1427 4772 τις
1447 4718 1498 4768 [δατ
1527 4734 1563 4773 τις

201 4789 290 4870 ςίςΔι
319 4808 355 4849 τις
378 4790 411 4849 ιίς
430 4794 519 4845 BOPS
624 4794 665 4847 διὰ
683 4811 732 4848 om.
753 4798 788 4849 A*
896 4797 930 4849 29
949 4800 1085 4871 υγρότητος
1105 4804 1142 4853 Ra
1250 4800 1427 4872 μαλακότητος
1447 4805 1485 4855 Ra

202 4894 233 4948 ει
253 4890 272 4970 ᾗ
291 4898 342 4950 ιιι,
361 4897 394 4968 ην
412 4900 528 4952 ineis
