3540 5610
658 323 714 395 [mr
738 325 847 380 ιιιινικ
870 325 972 380 marn
995 323 1123 396 λιτειι]
1364 329 1386 366 ³
1508 322 1568 390 183

273 499 414 583 βαλλεται.
448 500 532 583 ἱκανὴ
557 499 608 581 μὲν
630 497 680 562 οὖν
696 500 743 563 καὶ
766 501 785 582 ἡ
808 504 914 584 χρῆσις
935 500 954 583 ἡ
977 501 1059 583 κοινὴ
1083 505 1223 583 συστῆσαι
1245 500 1297 583 τὴν
1320 497 1514 585 ἐνδεχομένην

268 603 363 685 φύσιν·
398 601 492 671 οὐδεὶς
514 603 568 687 γὰρ
590 602 657 665 οὐδὲ
679 607 737 664 τῶν
760 601 791 671 ἐξ
812 602 940 686 ἀνάγκης
961 603 1055 666 πάντα
1084 603 1232 686 γίγνεσθαι
1253 601 1394 685 λεγόντων
1417 602 1448 664 ἐν
1470 607 1513 685 τῷ

269 708 318 786 ζῆν
340 705 389 767 καί
411 709 473 773 ταῖς
494 705 568 768 κατὰ
594 705 642 768 τόν
665 704 725 790 βίον
749 704 903 788 ἐνεργείαις
928 703 962 768 ού
986 711 1127 791 μαρτυρεῖ
1149 709 1191 790 τῷ
1215 705 1359 768 δύνασθαί
1378 729 1441 768 τινα
1468 704 1516 766 καὶ

268 811 324 868 τῶν
345 807 522 890 γιγνομένων
551 809 591 891 μὴ
613 807 760 889 γίγνεσθαι
787 808 834 870 καὶ
856 813 914 870 τῶν
939 808 980 890 μὴ
1006 809 1180 891 γιγνομένων
1202 808 1358 891 γίγνεσθαι.
1401 808 1435 871 αδ
1458 808 1515 891 μὴν

247 908 338 971 οάλλά
361 911 411 972 καὶ
433 915 476 995 τῷ
498 910 577 994 λόγῳ
599 914 683 973 τοῦτο
708 907 712 996 ἱ
737 910 826 979 δεῖξαι
849 907 957 995 ῥᾴδιον.
994 911 1088 974 πολλὰ
1109 911 1163 996 γοὶρ
1185 915 1244 974 τῶν
1265 910 1439 994 γιγνομένων
1461 908 1498 971 τά
1520 923 1569 970 1621

267 1013 316 1094 μέν
338 1012 399 1075 ἀπὸ
422 1013 528 1097 τύχης,
551 1013 586 1074 τὰ
609 1015 641 1076 δὲ
664 1014 722 1077 ἀπὸ
744 1013 926 1094 ταύτομάτου
948 1012 1095 1094 γίγνεσθαι
1118 1013 1312 1085 πεπίστευται,
1334 1013 1368 1076 τὸ
1391 1012 1417 1075 δ’
1443 1012 1519 1076 εἶναί

265 1139 290 1177 τι
312 1116 361 1178 καὶ
384 1114 432 1200 ἐφ’
460 1117 530 1200 ἡμῖν
553 1117 645 1185 ούτως
667 1115 785 1200 ἐναργές
807 1115 892 1190 ἐστιν,
916 1118 957 1184 ῶς
973 1116 1047 1198 μηδὲ
1069 1115 1136 1184 τοὺς
1157 1116 1193 1179 τά
1214 1122 1267 1200 τῆς
1281 1116 1460 1200 εἱμαρμένης
1475 1119 1516 1183 ῶς

265 1218 405 1300 ἀναγκαῖα
426 1220 501 1281 πάνυ
523 1220 672 1304 κρατύνειν
694 1218 891 1303 πειρωμένους
920 1217 1097 1303 ἀντιβλέπειν
1124 1219 1265 1283 δύνασθαι
1286 1220 1365 1303 τῷδε
1387 1223 1430 1303 τῷ
1454 1216 1515 1300 δόγ·

266 1343 342 1402 ματι.
388 1321 464 1383 ἀλλά
487 1322 544 1405 μὴν
566 1322 593 1385 εἰ
614 1318 690 1384 ἔστιν
713 1320 761 1406 ἐφ’
789 1323 859 1404 ἡμῖν
881 1344 917 1396 τι,
941 1322 1095 1384 καὶτοῦτο
1117 1323 1182 1406 περὶ
1204 1321 1294 1384 ταύτά
1315 1320 1387 1394 ἐστι,
1410 1319 1516 1404 περὶόὶ

235 1438 254 1482 ιο
265 1423 309 1485 καὶ
331 1424 385 1505 τὴν
409 1423 586 1509 εἱμαρμένην
615 1423 688 1487 εῖναι
710 1423 904 1509 συμβέβηκεν,
932 1424 1089 1508 ἀναιρεῖται
1110 1425 1143 1486 τὸ
1170 1427 1223 1508 τὴν
1246 1424 1421 1508 εἱμαρμένην
1444 1424 1515 1486 ἀπα·
1542 1438 1556 1479 ⁶

265 1525 389 1611 ράβατόν
412 1550 444 1589 τε
466 1527 514 1589 καὶ
537 1528 688 1590 ἀκώλυτον
709 1527 758 1590 καὶ
779 1528 933 1610 ἀναγκαῖον
955 1526 1042 1589 εἶναι·
1073 1528 1114 1588 ῶν
1135 1527 1190 1611 γὰρ
1213 1528 1298 1610 ἡμεῖς
1319 1526 1407 1610 ἐσμεν
1423 1527 1512 1610 ἀρχαὶ

264 1629 383 1692 ἑλέσθαι
416 1653 449 1692 τε
473 1630 522 1691 καῖ
555 1630 611 1713 μή,
644 1634 735 1693 ταῦτα
762 1630 901 1692 ἀδύνατον
935 1631 1170 1714 κατηναγκάσθαι
1202 1630 1304 1712 λέγειν.
1349 1628 1424 1691 ἀλλά
1457 1629 1514 1711 μὴν

264 1732 374 1816 ἀνάγκη
397 1736 458 1800 τοῖς
479 1731 609 1814 λέγουσιν
631 1733 684 1816 τὴν
710 1732 888 1817 εἱμαρμένην
911 1732 993 1807 εἶναι,
1023 1734 1088 1816 περὶ
1111 1731 1201 1795 ταύτὰ
1223 1732 1314 1814 λέγειν
1337 1731 1421 1809 εῖναι,
1449 1731 1515 1815 περὶ

263 1834 281 1896 ἀ
307 1835 358 1897 καὶ
391 1834 427 1897 τά
454 1832 502 1920 ἐφ’
535 1836 615 1918 ἡμῖν.
658 1834 717 1898 εἴτε
744 1835 799 1920 γὰρ
826 1835 862 1898 τά
888 1835 957 1918 τέλη
992 1834 1066 1916 μόνα
1097 1835 1206 1917 λέγοιεν
1238 1832 1306 1897 καθ’
1338 1833 1515 1919 εἱμαρμένην

231 1952 252 1996 15
262 1938 421 2020 γίγνεσθαι,
448 1937 506 2001 εἴτε
528 1939 576 2000 καὶ
597 1937 649 2006 τὰς
675 1937 801 2022 πράξεις,
828 1938 874 2007 αίς
896 1936 1019 2001 ἕπεσθαι
1045 1936 1080 2000 τὰ
1102 1937 1171 2022 τέλη
1199 1936 1391 2023 συμβέβηκεν,
1422 1937 1514 2020 ἀμφο-

262 2042 354 2126 τέρως
377 2040 536 2104 ἀκολουθεῖ
555 2041 621 2125 περὶ
642 2039 678 2102 τὰ
700 2040 773 2102 αὐτὰ
795 2040 887 2123 λέγειν
909 2039 981 2102 εἶναι
1003 2041 1055 2123 τὴν
1078 2040 1265 2124 εἱμαρμένην,
1288 2041 1353 2124 περὶ
1376 2039 1458 2102 ἂκαὶ
1479 2039 1513 2101 τδ

261 2142 308 2227 ἐφ’
330 2145 411 2225 ἡμῖν.
455 2143 482 2205 εἰ
504 2143 556 2224 μὲν
579 2140 628 2205 οὖν
650 2144 699 2206 καὶ
721 2142 772 2211 τὰς
794 2143 913 2227 πράξεις
931 2140 999 2205 καθ’
1022 2142 1197 2227 εἱμαρμένην
1220 2143 1298 2225 λέγοι
1317 2166 1368 2218 τις,
1391 2141 1513 2205 αύτόθεν
1529 2158 1555 2199 ιο

262 2249 351 2331 δῆλον
373 2246 407 2309 τδ
429 2245 573 2327 κείμενον·
608 2244 639 2306 ἐν
661 2244 716 2330 γάρ
738 2247 853 2314 ταύταις
874 2245 936 2309 ἐστὶ
958 2245 1007 2307 καὶ
1033 2245 1066 2307 τδ
1090 2243 1137 2328 ἐφ’
1165 2246 1248 2327 ἡμῖν·
1282 2245 1309 2308 εί
1331 2245 1363 2307 δὲ
1385 2244 1421 2308 τὰ
1443 2244 1512 2328 τέλη

262 2347 360 2430 μόνον,
385 2350 426 2409 ῶν
449 2348 479 2410 αἱ
501 2347 618 2432 πράξεις
639 2350 735 2432 χάριν,
758 2348 916 2412 ἀκολουθεῖ
936 2347 969 2410 δὲ
991 2352 1054 2416 ταῖς
1075 2348 1201 2410 τοιαῖσδε
1216 2347 1351 2431 πράξεσιν
1366 2347 1402 2410 τὰ
1416 2349 1515 2411 τοιάδε
1578 2397 1587 2410 .

222 2451 329 2536 νοτέλη
357 2450 407 2531 (ού
429 2451 484 2535 γὰρ
511 2452 552 2533 δὴ
570 2456 630 2519 τοῖς
656 2451 791 2514 ὁπωσοῦν
818 2451 992 2536 πραχθεῖσιν
1015 2449 1113 2512 έπεται
1141 2449 1243 2512 ταύτδν
1264 2450 1371 2533 τέλος),
1402 2450 1513 2533 ἀνάγκη

260 2554 308 2617 καὶ
335 2552 388 2622 τάς
414 2553 539 2638 πράξεις,
571 2553 618 2622 αῖς
643 2552 838 2635 ἀκολουθήσει
864 2552 901 2614 τά
928 2556 1046 2615 τοιαῦτα
1071 2551 1151 2636 τέλη,
1185 2553 1382 2638 καθειμάρθαι
1409 2552 1512 2635 λέγειν.

261 2656 295 2720 ού
317 2655 374 2740 γὰρ
396 2656 592 2738 ἀκολουθήσει
613 2656 646 2718 τὸ
669 2654 737 2718 καθ’
765 2655 942 2739 εἱμαρμένην
964 2655 1046 2724 τέλος
1069 2656 1110 2738 μὴ
1126 2655 1374 2740 προηγησαμένων
1390 2661 1449 2719 τῶν
1464 2655 1513 2718 ἐπὶ

259 2764 345 2822 τοῦτο
368 2761 501 2841 ἀγουσῶν
524 2758 665 2842 πράξεων.
710 2759 757 2821 καὶ
784 2758 817 2820 τδ
844 2756 891 2840 ἐφ’
919 2759 988 2840 ἡμῖν
1016 2758 1048 2820 δὲ
1071 2759 1136 2842 περὶ
1165 2763 1270 2821 ταῦτα·
1305 2757 1349 2820 ότι
1375 2760 1430 2843 γάρ
1452 2758 1515 2822 ἐστί

258 2886 286 2925 τι
307 2861 356 2947 ἐφ’
385 2863 465 2945 ἡμῖν,
492 2863 579 2944 δῆλον
602 2861 650 2923 καὶ
672 2860 706 2923 ἐκ
727 2858 814 2922 τῶνδ’
842 2859 877 2922 ἀν
899 2860 1020 2943 γένοιτο,
1048 2860 1128 2943 εἴγε
1150 2862 1196 2924 δεῖ
1217 2861 1282 2946 περὶ
1303 2865 1361 2925 τῶν
1384 2861 1513 2946 ἐναργῶν
1529 2877 1554 2920 ιτ

220 2964 441 3032 κσάποδείὶεσιν
468 2965 612 3049 χρῆσθαι·
645 2961 679 3026 ἔκ
706 2987 738 3026 τε
764 2963 819 3047 γὰρ
846 2967 897 3025 τού
926 2964 1015 3046 μηδὲν
1043 2964 1094 3044 μὲν
1121 2963 1205 3048 (τῶν>
1233 2965 1289 3026 ύπδ
1316 2969 1369 3048 τῆς
1397 2964 1514 3048 φύσεως

259 3066 489 3152 προηγουμένως
515 3065 688 3149 γιγνομένων
715 3066 863 3148 γίγνεσθαι
893 3068 997 3149 μάτην,
1024 3066 1054 3128 ἐν
1083 3067 1114 3129 δὲ
1140 3071 1198 3134 τοῖς
1227 3067 1392 3152 ἀνθρώποις
1418 3067 1451 3130 δν
1479 3069 1511 3131 τὸ

261 3171 453 3256 βουλεύεσθαι
475 3169 569 3252 φύσει,
593 3167 625 3231 δν
641 3170 673 3232 δὲ
695 3170 744 3231 καλ
767 3170 982 3253 προηγούμενον
999 3167 1080 3253 ἔργον
1103 3175 1155 3252 τῆς
1177 3170 1302 3253 φύσεως,
1325 3168 1357 3232 εῖ
1370 3193 1403 3252 γε
1418 3170 1512 3255 τούτῳ

262 3274 344 3336 δοκεῖ
359 3273 484 3354 μαλιστα
497 3276 555 3333 τῶν
578 3270 674 3334 ἀλλων
697 3269 781 3356 ζῴων
804 3271 960 3355 ἀνθρωπος
981 3270 1136 3355 διαφέρειν,
1160 3271 1253 3353 μάτην
1274 3273 1431 3354 γίγνεσθαι,
1455 3271 1511 3356 [γε-

259 3375 378 3457 γονότος
399 3373 505 3458 κενῶς]
532 3374 559 3435 εί
582 3373 672 3456 μηδὲν
705 3373 739 3435 ἐκ
765 3379 817 3456 τῆς
845 3376 952 3458 βουλῆς
978 3374 995 3435 ό
1022 3372 1230 3458 βουλευόμενος
1262 3374 1379 3438 ἑλέσθαι
1405 3376 1510 3460 κύριος.

220 3496 248 3540 τι)
261 3479 337 3544 ἀλλὰ
359 3477 414 3562 γὰρ
437 3480 478 3545 ὡς
500 3473 619 3561 ἔχοντες
639 3477 725 3538 τυδδε
746 3477 798 3558 τὴν
821 3475 951 3546 ἐξουσίαν
973 3475 1056 3539 αὐτοί
1068 3499 1100 3558 γε
1123 3475 1170 3561 ἐφ’
1191 3477 1287 3539 αὑτῶν
1310 3477 1511 3562 βουλευόμεθα

258 3583 406 3666 περὶτῶν
433 3577 584 3663 πρακτέων
606 3579 685 3661 ἡμῖν,
712 3577 775 3640 ἀλλ’
803 3578 856 3640 ούκ
878 3578 1002 3647 είὶαντες
1027 3583 1089 3647 ταῖς
1116 3581 1283 3663 φαντασίαις
1308 3584 1368 3649 τοῖς
1396 3581 1510 3663 ἀλόγοις
1523 3598 1551 3640 ευ

258 3692 318 3749 τῶν
341 3683 439 3747 ἄλλων
463 3680 548 3767 ζῴων
570 3681 779 3765 παραπλησίως
801 3679 899 3749 αύταῖς
921 3679 1064 3762 ἑπόμεθα,
1088 3683 1271 3764 συμβούλους
1285 3706 1317 3745 τε
1332 3687 1510 3767 παρακαλοῦ·

258 3812 323 3872 μεν,
348 3785 399 3855 οὓς
414 3784 448 3848 ἀν
464 3787 588 3867 εἰδῶμεν
604 3782 691 3845 πλέον
706 3805 732 3844 τι
754 3782 929 3865 δυναμένους
951 3784 1047 3866 ἡμῶν,
1070 3784 1111 3853 είς
1132 3785 1184 3867 τὴν
1204 3786 1295 3870 κρίσιν
1317 3792 1376 3848 τῶν
1399 3810 1509 3869 προκει-

204 3955 314 3964 ρ’...-

205 4047 282 4100 Ικαὶ
302 4060 353 4096 om.
372 4041 452 4094 Orelli
521 4039 630 4092 fortasse
649 4038 811 4112 ἐνδεχομένου
830 4038 969 4103 οἱ.184,3·2
1049 4040 1126 4093 3τδν
1144 4056 1194 4093 om.
1213 4041 1291 4093 Orelli
1372 4042 1562 4112 θάναγκαίαα

201 4133 374 4202 πειρωμένους
393 4129 432 4195 (in
450 4145 501 4197 mg.
520 4126 718 4196 προῃρημένους)
738 4126 796 4177 VH:
817 4127 987 4196 πειρωμένους
1004 4127 1066 4180 Rea
1183 4129 1260 4181 9τοῶ
1279 4128 1308 4181 τὸ
1327 4130 1367 4182 Ka
1483 4132 1561 4185 ταύτά

201 4221 295 4286 scripsi
313 4216 347 4270 αἱ.
363 4215 450 4280 182,1;
468 4219 547 4266 ταῦτα
567 4215 676 4267 vffllca
794 4213 854 4283 παρ’
875 4215 891 4266 ἃ
910 4215 987 4267 Orelli
1109 4216 1141 4268 10
1167 4217 1261 4286 πέτην
1281 4217 1360 4269 Orelli
1471 4219 1561 4292 ἐπαρά-

202 4307 279 4375 βατον
298 4322 315 4357 ε
407 4303 438 4356 13
456 4301 536 4354 ταύτὰ
554 4303 658 4368 scripsi:
677 4305 757 4352 ταῦτα
775 4301 888 4355 λίΚΗΟυ
982 4304 1012 4355 14
1031 4301 1154 4373 γίγνεσθαι
1171 4301 1234 4355 καθ’
1254 4302 1406 4375 εἱμαρμένην
1424 4304 1517 4375 λέγοιεν
1538 4309 1559 4359 Η

201 4394 316 4463 λέγοιμεν
335 4391 413 4444 Orelli
515 4390 545 4441 16
564 4388 624 4441 εἶναι
643 4403 693 4440 ουν.
712 4388 807 4441 Kac?
905 4392 948 4443 καὶ
966 4391 998 4442 τὰ
1016 4389 1057 4461 ἐφ’
1079 4391 1158 4444 Orelli
1256 4391 1287 4442 17
1306 4393 1350 4444 καὶ
1367 4398 1428 4445 anre
1446 4395 1492 4451 τὰς
1510 4410 1560 4447 om.

201 4482 281 4534 Orelli
393 4477 494 4530 19-20
512 4474 685 4546 μόνον-τέλη
704 4475 793 4528 om.G
900 4475 1004 4530 20-92
1022 4478 1307 4551 ἀνάγκη-εἱμαρμένην
1325 4479 1396 4539 τέλος
1414 4482 1503 4535 om.G

201 4568 236 4621 23
254 4565 295 4619 ότι
311 4567 359 4638 γὰρ
377 4564 466 4618 om.G
572 4563 606 4616 25
624 4564 670 4635 γὰρ
688 4565 706 4616 i.
719 4579 742 4615 e.
760 4561 826 4632 λέγω
845 4563 877 4616 cf.
895 4564 953 4617 lnd.
1057 4565 1097 4634 τι]
1116 4565 1148 4618 οἱ.
1167 4567 1224 4618 lnd.
1328 4573 1381 4620 τῶν
1400 4568 1459 4621 add.
1479 4570 1560 4623 Bloch

202 4656 272 4724 apud
291 4653 372 4707 Orelli
471 4639 517 4722 τῆς
534 4667 584 4704 om.
603 4651 665 4703 Rea
769 4651 802 4704 ‘26
822 4656 882 4704 ante
900 4651 925 4704 έν
943 4650 970 4704 δέ
987 4658 1039 4710 τοῖς
1057 4651 1199 4724 ἀνθρώποις
1218 4654 1325 4707 Blorhio
1343 4656 1471 4708 nonnulla
1489 4659 1559 4709 exci-

202 4744 272 4795 disse
290 4741 457 4806 ridebantur,
473 4744 502 4792 εἱ
519 4740 608 4791 omnia
624 4754 690 4791 sana
708 4744 779 4804 sunt,
796 4739 935 4792 dummodo
953 4741 1000 4813 γὰρ
1018 4757 1042 4792 τ.
1056 4740 1089 4792 25
1108 4744 1176 4794 recte
1194 4741 1390 4809 interpretemur
1478 4742 1511 4793 27
1530 4742 1558 4794 δν

201 4828 227 4881 δέ
246 4829 307 4880 VH:
326 4826 383 4879 ούδλ
403 4827 463 4879 xor
562 4825 596 4879 28
614 4824 683 4878 δοκεῖ
698 4824 782 4895 τούτῳ
800 4825 863 4879 Koa
961 4826 1067 4898 γίγνεται
1086 4828 1165 4881 0τεὶἱί
1265 4826 1392 4898 γεγονότος
1410 4835 1490 4889 κενῶς
1508 4830 1558 4887 del.

203 4916 284 4974 Bloch
396 4913 431 4968 30
447 4913 518 4971 τοῦδε
536 4914 634 4968 vxor:
652 4913 742 4971 τούτου
761 4913 785 4970 Η
891 4914 925 4970 33
943 4915 1016 4990 ἡμῶν
1035 4915 1126 4969 Orelli:
1144 4915 1203 4989 ημῖν
1220 4914 1329 4973 θΟΗΚο
