3548 5604
699 305 843 364 BIBAION
862 306 884 363 Τ
886 306 990 364 ΡΙΤΟΝ
1010 308 1078 360 6-7
1529 307 1569 374 91

260 491 304 570 τῷ
326 485 402 567 γένει
423 482 621 569 διαφερόντων
643 482 794 566 αἰσθητῶν
813 481 992 546 αἰσθάνεται.
1027 481 1060 544 οὐ
1075 483 1140 565 γάρ,
1163 480 1226 543 ἐπεὶ
1249 479 1302 544 δόο
1316 481 1365 544 καί
1381 485 1424 566 τιγῖ
1441 478 1518 561 γένει

263 585 437 671 διαφέροντα
457 585 600 669 αἰσθητά,
628 587 665 647 τά
690 607 723 648 τε
745 582 872 647 ἀκουστά
900 584 948 646 καί
974 583 1011 645 τά
1033 583 1195 667 όσφραντά,
1221 583 1266 645 δεῖ
1287 580 1385 645 αἰετῶν
1412 582 1460 644 καί
1481 577 1517 642 τά
1531 596 1559 639 ευ

264 686 373 772 ὄργανα
394 686 431 751 δι’
460 688 501 750 ῶν
528 686 605 750 ἐστιν
632 685 759 769 αἰσθητὰ
787 684 959 769 διαφέροντα
981 684 1053 748 εἰναι
1079 683 1131 767 (δι’
1160 684 1244 767 ἀέρος
1270 683 1325 767 γάρ
1346 681 1520 767 ἀμφοτέρων

265 790 285 872 ή
314 789 489 874 ἀντίληψις),
516 787 592 852 ὥσθ’
621 789 637 851 ό
660 792 760 852 τοῦτον
788 785 868 871 ἔχων
895 786 1069 871 ἀμφοτέρων
1096 785 1131 849 ἀν
1153 786 1201 848 διὰ
1224 785 1326 848 τοότου
1349 784 1520 869 ἀντιλαμβά-

226 911 347 959 5νοιτο.
381 892 477 970 ιπαλιν
492 913 524 952 τε
538 888 586 969 αὖ,
609 891 636 953 εἰ
650 890 742 953 πλείω
764 888 811 973 εἴη
834 889 1011 972 αἰσθητήρια
1033 886 1108 971 [τά],
1131 885 1168 950 δι’
1189 887 1230 948 ῶν
1254 883 1315 948 οἷόν
1338 908 1369 948 τε
1393 887 1457 956 ἑνδς
1478 887 1519 950 αἰ·
1533 903 1561 946 ει

262 992 424 1057 σθάνεσθαι
445 992 502 1073 (ῶς
524 990 605 1076 ἔχειν
628 991 766 1056 δοκεῖτὰ
788 991 951 1075 όσφραντά·
980 989 1090 1052 τούτων
1112 988 1167 1072 γάρ
1190 988 1338 1051 δοκεῖκαὶ
1360 987 1396 1051 δι’
1418 990 1520 1060 όδατος

259 1095 308 1157 καὶ
329 1093 415 1178 ἀέρος
438 1093 576 1178 αἴσθησις
595 1093 739 1176 γίνεσθαι·
767 1091 804 1156 δι’
826 1092 929 1161 ὕδατος
952 1093 1004 1174 μὲν
1026 1090 1081 1174 γὰρ
1104 1089 1139 1153 τά
1158 1088 1271 1172 ἔνυδρα,
1296 1087 1300 1173 1
1325 1088 1392 1173 (δι’)
1415 1091 1500 1174 ἀέρος
1522 1098 1569 1156 173

261 1194 351 1259 δὲτὰ
373 1194 551 1258 ἀναπνέυντα
573 1197 655 1259 δοκεῖ
676 1194 772 1276 ὀσμῆς
794 1193 1070 1277 ἀντιλαμβάνεσθαι,
1093 1191 1157 1254 ἐπεὶ
1172 1191 1219 1253 διὰ
1234 1192 1345 1255 τούτων
1368 1193 1461 1255 πάντα
1484 1192 1520 1255 τὰ

260 1296 358 1382 ἕτερον
373 1296 483 1360 τοότων
499 1294 606 1380 ἔχοντα
623 1295 684 1381 [τὸ]
700 1296 890 1379 αἰσθητήριον
914 1296 1001 1377 μόνον
1016 1294 1190 1376 αἰσθήσεται
1212 1293 1322 1356 αὐτῶν·
1347 1293 1380 1356 οὐ
1403 1293 1457 1377 γὰρ
1474 1295 1520 1356 δεῖ

211 1417 243 1465 10
262 1397 412 1483 ἀμφότερα
428 1395 507 1483 ἔχειν
523 1398 556 1461 τδ
572 1397 677 1482 μέλλον
694 1397 790 1480 ὀσμῆς
804 1395 1014 1478 αἰσθάνεσθαι)
1029 1411 1111 1452 *τι*
1126 1399 1216 1457 ταῦτα
1231 1395 1328 1479 λαβὼν
1344 1396 1391 1458 καὶ
1407 1395 1518 1458 ἀνελὼν
1545 1411 1559 1454 ο

260 1497 295 1563 δι’
324 1499 475 1564 αὐτῶντὸ
497 1500 609 1583 ἀνάγκη
632 1498 704 1561 εἰναι
726 1499 744 1561 ἱ
763 1498 799 1561 τά
821 1499 1014 1582 αἰσθητήρια,
1043 1498 1105 1560 ἐπεὶ
1129 1501 1264 1560 τοσαῦται
1286 1500 1344 1558 τῶν
1366 1497 1517 1580 αἰσθητῶν

262 1602 337 1665 κατὰ
357 1601 439 1684 γένος
461 1602 610 1686 διαφοραί,
639 1601 744 1685 ἐφεξῆς
766 1601 923 1674 δείκνυσιν,
952 1599 996 1663 ότι
1022 1601 1063 1683 μή
1086 1599 1147 1662 οἷόν
1173 1621 1205 1661 τε
1232 1596 1305 1661 εἶναι
1326 1599 1517 1682 αἰσθητήριον

260 1702 290 1771 ἐξ
312 1701 403 1766 ἄλλου
425 1703 500 1773 τινὸς
527 1708 585 1766 τῶν
608 1703 710 1766 ἁπλῶν
732 1703 888 1784 σωμάτων,
911 1702 930 1784 ή
952 1701 985 1771 έξ
1008 1702 1109 1770 ὕδατος
1132 1702 1180 1764 καί
1203 1699 1297 1784 ἀέρος,
1325 1701 1366 1763 ῶν
1389 1701 1442 1782 τήν
1465 1700 1517 1782 μιν
1532 1716 1560 1758 ιο

260 1801 359 1888 κόρην,
382 1799 403 1890 ή
427 1809 486 1869 τῶν
502 1807 617 1890 όρατῶν
633 1803 848 1894 αἰσθανόμεθα,
871 1802 901 1872 ἐξ
917 1802 1020 1870 όδατυς
1042 1800 1162 1888 ἔχομεν,
1184 1804 1236 1885 τὴν
1260 1800 1286 1864 δ’
1307 1802 1398 1884 ἀκοήν
1421 1801 1517 1885 ἀέρος,

209 1924 240 1973 15
258 1905 311 1988 τήν
333 1905 361 1970 δ’
389 1905 531 1992 ὄσφρησιν
554 1909 640 1990 ἡμεῖς
667 1906 719 1989 μὲν
742 1907 789 1969 καὶ
814 1904 849 1968 τὰ
871 1904 913 1988 μὴ
937 1902 1040 1988 ἔνυδρα
1063 1904 1093 1972 έΕ
1116 1903 1217 1988 ἀέρος,
1244 1903 1280 1966 τά
1302 1905 1335 1967 δέ
1358 1901 1515 1988 ένυδραίξ

250 2007 371 2077 γὕδατος.
416 2008 485 2073 οὔτε
506 2011 540 2073 δὲ
563 2009 597 2073 έν
619 2008 710 2092 πυρδς
732 2005 793 2070 οἰόν
820 2029 853 2070 τε
875 2007 1064 2090 αἰσθητήριον
1087 2005 1169 2082 εἰναι,
1194 2009 1234 2074 ῶς
1260 2004 1290 2067 έν
1313 2010 1356 2090 τῷ
1382 2005 1453 2090 Περὶ
1475 2007 1516 2070 αἰ-

231 2127 233 2131 ‘
259 2109 397 2192 σθήσειός
423 2114 523 2176 τεκαὶ
551 2111 702 2194 αἰσθητῶν
725 2107 824 2187 δείξει,
854 2106 922 2170 οὔτε
949 2108 982 2171 έκ
1007 2113 1061 2191 γής
1084 2106 1183 2191 μόνης.
1228 2106 1254 2169 εἰ
1277 2107 1310 2169 δὲ
1331 2111 1431 2181 τοῦτο,
1459 2108 1516 2193 οὐχ
1532 2123 1558 2166 ιο

259 2209 321 2274 οἶόν
346 2235 378 2276 τε
406 2212 478 2276 ἀλλο
505 2236 531 2276 τι
560 2211 750 2295 αἰσθητήριον
779 2210 852 2273 εἰναι
884 2209 962 2293 παρά
990 2213 1095 2285 ταῦτα,
1133 2209 1152 2272 ἃ
1177 2207 1241 2293 ἔχει
1267 2208 1304 2271 τὰ
1336 2207 1431 2272 τέλεια
1458 2214 1517 2272 τῶν

260 2308 356 2397 ζῴων.
406 2312 489 2377 οὐδὲν
522 2313 648 2377 έλλείπει
682 2312 873 2396 αἰσθητήριον
906 2314 966 2379 τοῖς
1004 2311 1056 2380 τὰς
1089 2312 1174 2375 πέντε
1207 2310 1358 2393 αἰσθήσεις
1391 2307 1519 2395 ἔχευαν,

209 2432 244 2480 20
261 2414 340 2477 ὥστε
362 2414 423 2477 οὐδ’
451 2413 597 2499 αἴσθησις.
642 2414 802 2498 οὐδὲνγὰρ
825 2411 905 2497 παρὰ
930 2412 966 2476 τὰ
991 2413 1119 2496 τέσσαρα
1145 2411 1206 2476 οἶόν
1234 2435 1266 2476 τε
1292 2413 1402 2475 ἁπλοῦν
1425 2412 1519 2494 παθη·
1532 2428 1561 2471 ευ

251 2517 307 2579 ,τόν
329 2514 403 2580 εἰναι
426 2522 527 2600 σῶμα,
556 2516 623 2602 (ὡς)
646 2517 677 2586 ἐξ
699 2516 810 2580 ἐκείνου
838 2514 982 2578 δύνασθαί
1007 2538 1034 2578 τι
1054 2515 1244 2598 αἰσθητήριον
1271 2512 1354 2577 εἶναι.
1399 2515 1447 2577 δεῖ
1466 2514 1518 2597 μλν

259 2615 313 2700 γὰρ
336 2617 370 2680 τδ
392 2618 584 2704 αἰσθητήριον
606 2621 731 2704 πάσχειν
754 2641 780 2680 τι
811 2617 867 2680 ὑπὸ
890 2621 941 2680 τοῦ
964 2617 1121 2700 αἰσθητοῦ,
1148 2617 1192 2680 διδ
1215 2616 1263 2680 καί
1286 2617 1422 2700 παθητοιῖ
1443 2613 1518 2679 εἰναι

258 2720 410 2802 σώματος·
433 2722 466 2784 ιδ
489 2721 522 2784 δὲ
544 2720 675 2803 πέμπτον
699 2725 786 2803 σῶμα
810 2719 924 2788 ἀπαθὲς
945 2719 1130 2784 ἐνδέδεικται.
1156 2717 1159 2801 ψ

259 2980 328 3046 vll.
370 2977 495 3065 Ἀλλης
516 2980 644 3051 λέξεως
666 2980 832 3066 ἐξήγησις
854 2982 891 3046 έκ
912 2985 972 3045 τοῦ
994 2981 1111 3064 τρίτου
1135 2978 1221 3064 Περὶ
1243 2987 1374 3068 ψυχῆς,
1397 2981 1440 3046 δι’
1460 2982 1503 3066 ής
1525 2987 1571 3045 174

206 3103 238 3152 25
348 3087 462 3166 ζητεῖ,
485 3087 558 3152 πῶς
579 3084 598 3166 ή
622 3084 859 3169 συναίσθησις
881 3085 963 3167 ήμῖν
985 3083 1117 3166 γίνεται
1138 3083 1424 3166 αἰσθανομένοις.

340 3250 461 3317 ““Ἐπεί
483 3253 732 3336 αἰσθανόμεθα
754 3254 805 3318 ότι
825 3254 966 3338 δρῶμεν
989 3255 1045 3319 καί
1068 3253 1257 3336 ἀκούομεν,
1281 3255 1417 3339 ἀνάγκη
1441 3254 1519 3338 ήτοι
1545 3272 1559 3315 ι

260 3354 339 3440 ὄψει
361 3354 600 3419 αἰσθάνεσθαι
622 3355 676 3419 ότι
698 3356 777 3440 δρᾷ,
800 3357 820 3440 ἢ
843 3354 979 3441 έτέρυγ.”

342 3455 446 3540 Ζητεῖ,
474 3460 538 3525 πῶς
559 3458 578 3540 ή
603 3458 789 3542 συναίσθησιτ
808 3459 879 3542 ήμῖν
902 3459 1023 3540 γίνεται,
1046 3456 1163 3520 ἐπειδὰν
1186 3456 1401 3538 αἰσθανώμεθά
1422 3482 1517 3539 τινων,

259 3558 307 3621 καί
335 3559 403 3621 τίνι·
434 3558 638 3640 αἰσθανόμεθα
668 3560 701 3622 δὲ
730 3561 827 3623 αὑτῶν
854 3560 1070 3644 αἰσθανόμενοι.
1119 3560 1202 3621 παντί
1231 3559 1286 3644 γὰρ
1313 3559 1516 3646 αἰσθανομένῳ

207 3679 242 3727 30
260 3661 336 3728 τινὸς
357 3659 431 3743 πρὸς
451 3664 490 3743 τή
515 3660 665 3745 ἀντιλήψει
687 3661 791 3726 τοότου
814 3662 848 3727 αὖ
868 3662 1049 3734 αἰσθάνεται,
1071 3662 1177 3745 γίνεται
1193 3662 1383 3747 συναίσθησίς
1404 3685 1446 3732 τις
1468 3665 1516 3727 καὶ
1532 3680 1559 3722 ιο

258 3766 309 3825 τοῦ
335 3761 380 3825 ότι
401 3762 585 3829 αἰσθάνεται·
617 3763 691 3845 αὕτη
715 3765 794 3848 δήή
823 3764 1014 3848 συναίσθησις
1040 3764 1161 3846 πότερον
1189 3765 1258 3847 ήμῖν
1286 3765 1333 3827 διὰ
1355 3768 1408 3849 τῆς
1429 3764 1520 3850 αὐτῆς

259 3864 428 3948 αἰσθήσεως
449 3865 566 3946 γίνεται,
588 3864 624 3928 δι’
646 3865 682 3949 ής
703 3868 752 3930 καί
774 3871 826 3930 τυιῖ
848 3866 992 3949 αἰσθητοῦ
1015 3865 1210 3949 ήάντιληψις,
1235 3869 1276 3934 ὡς
1297 3870 1334 3949 τῇ
1352 3864 1416 3951 όψει
1439 3869 1517 3951 ήμάς

259 3966 329 4050 δρᾶν
357 3989 389 4029 τε
415 3967 451 4029 τὰ
478 3968 615 4051 δρώμενα
640 3968 689 4031 καί
716 3968 910 4033 αἰσθάνεσθαι
939 3969 1051 4031 ἑαυτῶν
1079 3968 1231 4050 δρώντων,
1261 3968 1280 4050 ἦ
1308 3971 1349 4051 πή
1376 3969 1429 4052 μέν
1453 3969 1559 4055 όψειιι

258 4072 316 4129 τῶν
339 4068 452 4151 ὁρατῶν
476 4067 690 4153 αἰσθανόμεθα,
713 4069 791 4154 άλλη
811 4070 844 4133 δέ
866 4093 919 4132 τινι
940 4069 1030 4133 αὐτοῦ
1054 4073 1105 4132 τοῦ
1129 4068 1214 4152 ὁράν;
1248 4071 1296 4132 καί
1323 4069 1367 4133 ότι
1390 4072 1442 4155 μέν
1465 4072 1518 4136 οὐκ

203 4274 400 4338 ἰτεῖιτοεθμ.
489 4272 564 4337 ὁτι]
586 4270 613 4323 δί
636 4272 715 4341 εθρ.
813 4275 846 4327 τό
864 4273 961 4327 delevi:
981 4274 1036 4326 τινα
1049 4274 1118 4327 coni.
1132 4273 1204 4326 Diels
1293 4273 1500 4346 7διέόό.8ρ.

206 4360 296 4414 θέπιί
314 4359 354 4413 διό
371 4360 479 4428 scripsit
498 4358 584 4428 ἰπιιθὴ
603 4360 663 4413 libri
763 4363 796 4415 τό
814 4362 873 4430 Sp.:
891 4361 921 4415 τό
940 4362 999 4416 libri
1094 4363 1109 4412 θ
1128 4360 1157 4413 τό
1176 4361 1225 4413 del.
1245 4361 1291 4429 Sp.
1383 4362 1415 4415 13
1433 4363 1481 4428 (ἰξ)
1500 4367 1572 4437 ἀέρος

205 4449 274 4501 coni.
293 4447 339 4516 Sp.
431 4447 462 4499 17
482 4445 566 4515 διίἰει]
585 4447 617 4499 de
629 4462 708 4501 εευευ
727 4448 751 4501 2.
764 4449 941 4517 wsswuqq.
1048 4447 1077 4501 18
1096 4453 1184 4514 ταῦτα,
1204 4449 1220 4500 ἀ
1239 4450 1345 4516 scripsi:
1365 4454 1444 4503 ταῦτα
1463 4448 1483 4504 δ’
1498 4455 1570 4508 libri:

204 4535 478 4598 ταῖντα<ταῖντα)λίῖαί.
491 4533 537 4601 Sp.
629 4536 660 4588 19
678 4535 817 4591 οἰνδέαουῖ.
830 4536 876 4605 Sp.
965 4536 995 4589 ‘21
1018 4536 1054 4594 ῶς
1072 4535 1130 4588 add.
1152 4537 1218 4588 vict.
1308 4537 1341 4589 ⁶24
1361 4537 1391 4589 ἰκ
1408 4543 1454 4591 τοῦ
1473 4541 1570 4610 τρίτου]

204 4622 236 4674 do
253 4637 296 4675 ευ.
310 4620 357 4685 111,
370 4619 395 4674 2.
413 4619 525 4674 425b12
612 4621 645 4673 26
664 4621 733 4692 ήτυι]
751 4622 767 4694 ή
787 4625 821 4694 τή
840 4623 921 4676 Arist.
1010 4622 1044 4675 27
1062 4621 1112 4693 ότι]
1132 4623 1156 4677 ιί
1171 4641 1195 4675 τι
1214 4623 1285 4675 Bs²a
1303 4622 1346 4688 Sp.
1433 4628 1466 4676 28
1485 4628 1570 4679 αἰσθα-

204 4706 336 4778 νόμιθάε
441 4707 475 4760 29
493 4708 541 4761 τίνι
559 4710 664 4777 scripsi:
692 4728 740 4764 τινι
758 4712 818 4766 libri
916 4708 949 4764 Υ
1166 4711 1278 4764 ιαθτῶν
1292 4712 1351 4764 libri
1453 4714 1483 4765 31
1506 4712 1570 4783 αὕτη

204 4795 327 4866 M&
343 4795 401 4863 Sp.:
425 4793 489 4864 αὕτη
508 4794 557 4865 ήδη
576 4799 646 4849 Ρθει
670 4815 735 4869 αντη
753 4798 803 4868 ηδη
821 4799 904 4852 mv
1186 4799 1258 4866 ιτῖρνί
1278 4798 1313 4850 εἰ.
1327 4815 1351 4865 p.
1366 4798 1463 4860 9221:
1489 4800 1518 4852 rr)
1537 4806 1570 4872 πή

205 4880 278 4952 ἰὶθῐῖτ
297 4883 348 4937 dol.
366 4882 436 4936 Via
454 4880 499 4953 Sp.
606 4882 654 4937 οἰνκ
673 4885 709 4939 (δ’
727 4885 795 4940 Vict-
813 4884 906 4959 δραι
