3540 5610
201 300 264 364 150
432 294 597 366 [ΑΠΟΡῙΩΝ
616 294 677 350 ΚΑΙ
696 292 829 351 ΑΥΣΕΩΝ
848 292 989 350 ΒΙΒΛΙΟΝ
1008 290 1192 351 TETAPTON
1211 293 1327 364 25-26]

255 470 287 533 δέ
310 470 450 535 ἀκολασία
478 494 509 534 τε
530 473 577 534 καὶ
601 471 789 554 ἀναισθησία,
818 472 941 541 σώζεται
971 469 1003 532 δὲ
1032 471 1080 532 καὶ
1104 468 1267 532 συνίσταται
1296 468 1353 531 ύιτδ
1376 472 1429 551 τῆς
1452 470 1511 528 τῶν
1537 483 1551 525 ι

256 571 353 636 αὐτῶν
377 573 484 636 τούτων
508 572 667 656 μεσότητός
695 595 725 635 τε
748 574 796 635 καὶ
819 572 1008 656 συμμετρίας,
1037 570 1182 634 ἀλλὰκαὶ
1208 573 1227 653 ῆ
1256 571 1356 654 ἀνδρία
1379 570 1510 635 συνίστα-

257 698 303 738 ται
327 676 378 758 μέν
401 677 435 738 ἐκ
463 681 516 759 τῆς
538 677 602 758 περὶ
625 677 734 759 φόβους
761 699 791 738 τε
814 677 860 738 καὶ
883 675 978 758 θάρρη
1008 673 1167 757 μεσότητός
1193 697 1225 735 τε
1251 676 1297 736 καὶ
1321 674 1510 757 συμμετρίας,

255 777 311 840 ὑπὸ
334 778 366 840 δὲ
389 783 440 861 τῆς
463 778 626 862 ὑπερβολῆς
651 801 682 840 τε
708 778 756 841 καί
778 777 889 845 ἐνδείας
917 782 973 839 τῶν
1000 776 1096 839 αὐτῶν
1122 775 1230 838 τούτων
1259 777 1418 861 φθείρεται.
1466 779 1506 844 ὡς
1521 791 1549 834 1ο

220 899 234 947 5
255 881 287 942 δέ
308 880 356 943 ἐπὶ
378 880 496 954 τούτων,
520 880 612 949 ούτως
635 881 737 943 δὲκαὶ
760 880 886 943 ἐπὶτῶν
910 883 1019 941 λοιπῶν
1043 875 1117 963 ἔχει,
1141 879 1217 942 ὥστε
1239 880 1265 941 εί
1287 880 1320 943 τδ
1343 880 1374 942 ἐν
1397 879 1509 947 τούτοις

255 981 289 1044 εύ
312 983 342 1045 ἐν
366 983 504 1066 μεσότητί
524 982 586 1045 ἐστι
601 984 705 1047 παθῶν
729 1006 760 1045 τε
783 983 830 1045 καλ
847 982 989 1066 πράξεων,
1012 981 1044 1043 τδ
1061 982 1093 1045 δέ
1117 980 1149 1045 εὖ
1173 982 1203 1045 ἐν
1219 983 1335 1067 ἑκάστῳ
1358 981 1433 1045 κατά
1455 983 1509 1064 τῆν

255 1086 361 1149 οίκείαν
388 1086 508 1169 ἀρετήν,
537 1085 593 1148 είεν
618 1084 651 1148 ἀν
678 1086 733 1148 καί
753 1087 782 1147 αἱ
806 1086 870 1168 περὶ
898 1089 987 1147 ταῦτα
1009 1085 1108 1168 ἀρεταί
1136 1085 1166 1147 ἐν
1191 1085 1328 1170 μεσότητι
1353 1090 1412 1147 τῶν
1441 1107 1509 1169 προ·
1524 1099 1551 1141 τι

256 1187 427 1272 ειρημένων,
450 1187 508 1272 οὐχ
524 1189 624 1256 ἁπλῶς
647 1186 709 1250 οὐδ’
730 1190 771 1256 ὡς
793 1185 895 1272 ἔτυχεν
918 1191 968 1249 τοῦ
991 1187 1021 1249 ἐν
1037 1187 1146 1255 τούτοις
1171 1188 1261 1270 μέσου
1278 1187 1510 1273 λαμβανομένου,

257 1290 317 1353 ἀλλ’
346 1294 386 1360 ὡς
408 1291 548 1354 δέδεικται
572 1289 734 1375 ὡρισμένου
758 1289 831 1352 κατὰ
852 1291 901 1352 τδν
924 1290 957 1352 ἐκ
980 1291 1151 1374 φρονήσεώς
1174 1292 1276 1354 τεκαὶ
1299 1291 1387 1374 ὀρθόν
1410 1288 1508 1372 λόγον,

206 1414 238 1460 10
256 1395 304 1456 καί
327 1393 373 1476 εἴη
396 1391 431 1455 ἀν
458 1393 490 1455 τδ
517 1392 591 1456 κατὰ
618 1394 670 1476 τὴν
699 1393 848 1476 δρεκτικῆν
876 1394 974 1477 ψυχὴν
1003 1392 1184 1476 εὐδαιμονίας
1212 1393 1299 1476 μέρος
1325 1391 1456 1471 κείμενον
1479 1391 1510 1454 έν

255 1501 318 1565 ταῖς
345 1496 403 1558 ἀτιδ
431 1499 489 1559 τῶν
519 1495 630 1581 ἀρετῶν
657 1497 722 1579 περὶ
749 1495 784 1558 τὰ
811 1495 893 1578 πάθη
927 1518 956 1557 τε
984 1496 1032 1558 καὶ
1060 1495 1110 1564 τὰς
1140 1496 1255 1578 πράξεις
1282 1494 1315 1559 εύ
1346 1493 1552 1578 γινομέναιςω

254 1599 416 1682 ἐνεργείαις.
461 1597 503 1660 ἔτι
526 1598 572 1674 δέ,
599 1599 626 1661 εί
647 1600 666 1681 ῆ
689 1602 741 1660 τοῦ
768 1599 925 1681 ἀνθρώπου
953 1598 1041 1682 ἀρετῆ
1069 1599 1159 1670 ἐστιν,
1188 1597 1238 1683 ἀφ’
1266 1599 1303 1683 ῆς
1329 1599 1440 1681 ἀγαθὸς
1462 1597 1509 1660 ἄν·

256 1703 375 1786 θρωπος
395 1702 502 1784 γίνεται
524 1702 586 1782 (καὶ
609 1701 663 1784 γάρ
686 1701 733 1763 ἐπὶ
756 1707 813 1763 των
836 1700 933 1764 ἄλλων
958 1703 1092 1766 ἁπάντων
1115 1702 1236 1766 ἕκαστον
1260 1699 1371 1784 ἀγαθόν
1395 1701 1458 1764 ἐστί
1477 1723 1510 1762 τε

254 1806 430 1887 καὶγίνεται
454 1804 527 1866 κατὰ
550 1805 600 1887 τὴν
624 1804 729 1888 ἀρετὴν
752 1804 886 1886 ἑαυτοῦ),
913 1805 1024 1886 ἀγαθός
1046 1807 1078 1868 δὲ
1100 1805 1256 1890 ἄνθρωπος
1277 1805 1385 1886 γίνεταί
1404 1826 1437 1866 τε
1460 1804 1509 1867 καὶ
1522 1819 1551 1862 κο

205 1928 234 1977 15
254 1907 330 1972 ἔστιν
355 1909 371 1970 ό
400 1908 473 1991 μήτε
497 1907 527 1969 ἐν
549 1911 609 1975 τοῖς
636 1908 759 1971 πάθεσιν
784 1906 908 1990 ἄμετρος
931 1909 1004 1990 μήτε
1028 1907 1057 1969 ἐν
1080 1913 1142 1976 ταῖς
1163 1907 1228 1989 περὶ
1251 1911 1340 1970 ταῦτα
1362 1906 1510 1990 πράξεσιν,

255 2011 302 2094 εἴη
325 2008 359 2073 ἀν
383 2011 431 2073 καὶ
454 2011 487 2073 ἐκ
511 2008 515 2094 γ
541 2011 642 2073 τούτου
664 2011 845 2093 δεικνύμενον
874 2011 906 2072 τδ
928 2011 980 2093 τῆν
1004 2011 1110 2095 ἀρετὴν
1139 2012 1191 2094 τὴν
1214 2011 1322 2094 ἠθικὴν
1345 2010 1374 2073 έν
1399 2007 1483 2091 μεσό-
1507 2017 1562 2073 288

254 2138 317 2198 τητι
339 2113 412 2177 εἶναι
435 2119 493 2177 τῶν
517 2113 743 2199 προειρημένων.
789 2115 818 2175 αί
842 2113 894 2197 γάρ
918 2114 1056 2196 ἐνέργειαι
1083 2114 1113 2176 αἱ
1136 2117 1201 2198 περὶ
1228 2114 1310 2196 παθη
1333 2136 1364 2175 τε
1386 2113 1435 2175 καλ
1457 2111 1512 2180 τάς

255 2217 381 2301 πράξεις,
404 2217 473 2280 όταν
496 2217 543 2280 διά
565 2222 623 2279 τῶν
646 2217 725 2279 ἐθῶν
748 2217 1011 2299 παιδαγωγηθῶσιν
1035 2217 1141 2295 ούτως,
1169 2220 1209 2285 ιὐς
1231 2217 1296 2285 τούς
1320 2215 1509 2298 ἐθιζομένους

255 2321 379 2404 ἥδεσθαι
403 2322 454 2404 μὲν
478 2322 526 2383 ἐτιί
548 2325 610 2389 ταῖς
633 2320 785 2402 ἐνεργείαις
812 2324 875 2388 ταῖς
901 2323 1017 2394 καλαῖς,
1046 2319 1196 2405 ἄχθεσθαι
1223 2320 1255 2382 δέ
1278 2319 1325 2382 ἐπὶ
1347 2324 1409 2387 ταῖς
1432 2318 1510 2381 ἐναν·
1537 2333 1551 2374 ὅ

202 2443 235 2490 20
254 2425 340 2498 τίαις,
370 2422 512 2506 δγίνεται
539 2424 569 2486 ἐν
596 2429 633 2506 τῆ
662 2423 770 2507 αἱρέσει
797 2446 828 2485 τε
855 2423 903 2486 καὶ
930 2422 1042 2506 εύρέσει
1064 2427 1114 2486 τοῦ
1143 2423 1172 2485 ἐν
1200 2422 1298 2490 αὐτοῖς
1322 2421 1427 2504 μέσου,
1455 2425 1510 2504 τῆς

255 2529 360 2612 ἀρετῆς
383 2526 453 2589 εἰσιν
476 2527 628 2610 ποιητικαί.
674 2526 719 2588 διδ
742 2525 790 2587 καὶ
812 2525 932 2608 λέγομεν
956 2525 1006 2594 τὰς
1027 2524 1133 2608 ἠθικὰς
1149 2525 1252 2608 ἀρετὰς
1276 2524 1347 2594 ἕξεις
1369 2524 1399 2586 ἐν
1424 2522 1509 2607 μεσό-

255 2651 319 2711 τητι
342 2627 429 2697 ούσας
452 2630 556 2692 παθῶν
579 2651 609 2691 τε
633 2629 682 2692 καὶ
705 2627 835 2711 πράξεων
858 2627 1021 2712 ὡρισμένας
1043 2631 1085 2711 τῷ
1110 2627 1193 2711 ὀρθῷ
1216 2627 1305 2713 λόγῳ.
1523 2642 1550 2684 ιο

255 2832 287 2894 δέ
314 2835 496 2918 διανοητικῆς
522 2857 553 2896 τε
583 2834 631 2896 καί
658 2832 749 2901 ούτως
778 2836 894 2918 λογικῆς
921 2839 1027 2920 Ιθογῆς,
1054 2832 1117 2895 ἐπεὶ
1145 2834 1164 2915 ῆ
1193 2831 1244 2914 μέν
1273 2833 1334 2896 ἐστι
1360 2834 1425 2916 περὶ
1454 2833 1509 2916 τὴν

202 2953 234 3003 ‘25
254 2940 358 3018 γνῶσιν
385 2942 442 2998 τῶν
466 2937 565 2999 ἀιδίων
594 2959 625 2998 τε
653 2937 701 2998 καί
723 2936 767 2997 ἀεὶ
796 2936 904 3018 ὁμοίως
932 2935 1075 3021 ἐχόντων,
1104 2937 1123 3018 ῆ
1150 2935 1183 2996 δέ
1209 2937 1273 3018 περὶ
1300 2937 1351 3019 τῆν
1378 2942 1436 2998 τῶν
1466 2938 1550 2999 ἐν-ισ

255 3038 421 3123 δεχομένων
455 3041 502 3102 καὶ
529 3038 625 3107 ἄλλως
655 3036 750 3122 ἔχειν,
782 3039 823 3100 ὧν
853 3040 886 3101 τδ
915 3040 966 3121 μὲν
999 3042 1112 3122 πρῶτον
1141 3038 1377 3122 ἐπιστημονικόν,
1413 3041 1445 3102 τδ
1474 3042 1507 3104 δὲ

255 3141 387 3225 δεύτερον
419 3140 581 3225 λογιστικόν
612 3164 643 3203 τε
673 3145 815 3224 καλοῦμεν
850 3141 897 3202 καὶ
931 3141 1128 3225 βουλευτικόν,
1162 3138 1243 3204 ἐσται
1269 3144 1317 3205 καὶ
1348 3143 1413 3226 περὶ
1443 3143 1509 3206 ἑκα·

254 3242 338 3327 τέραν
368 3245 510 3327 ἐνέργειαν
538 3249 595 3307 τῶν
624 3243 784 3327 εἰρημένων
812 3242 844 3306 τό
875 3267 907 3306 τε
933 3241 966 3306 εύ
993 3244 1041 3306 καί
1067 3245 1100 3306 τὸ
1129 3243 1192 3307 κατ’
1225 3246 1341 3330 ἀρετήν.
1387 3243 1448 3308 ἔστι
1476 3248 1509 3310 δέ
1523 3262 1552 3305 ιιι

255 3346 343 3430 ἀρετὴ
367 3351 502 3429 γνώσεως
524 3346 666 3431 ἀλῆθεια,
695 3347 713 3429 ἡ
736 3343 858 3408 δὲκαθ’
888 3346 1024 3430 ἑκατέραν
1052 3346 1171 3429 δύναμιν
1197 3352 1249 3431 τῆς
1271 3351 1387 3431 λογικῆς
1410 3353 1510 3433 ψυχῆς

202 3468 236 3516 30
255 3451 345 3535 ἀρετὴ
369 3453 434 3536 περὶ
456 3452 508 3534 τῆν
533 3456 585 3533 τῆς
611 3448 751 3532 ἀληθείας
777 3453 880 3530 γνῶσιν
903 3446 983 3512 ἔσται
1010 3454 1068 3512 τῶν
1092 3450 1302 3532 θεωρουμένων
1329 3450 1378 3512 ὑπ’
1406 3451 1508 3535 αὐτῆς,

256 3554 275 3634 ῆ
299 3554 351 3635 μὲν
374 3556 439 3638 περὶ
462 3553 496 3615 τὰ
520 3553 661 3637 βουλευταί
681 3575 713 3615 τε
737 3553 784 3614 καί
805 3551 981 3637 ἐνδεχόμενα
1003 3552 1099 3620 ἄλλως
1122 3551 1201 3637 ἔχειν
1224 3552 1352 3636 ἑπομένη
1374 3558 1413 3636 τῆ
1429 3555 1508 3638 δρθῆ
1556 3540 1561 3548 ’

256 3655 348 3738 ὀρέξει
372 3656 406 3739 (i,
433 3654 487 3739 γὰρ
515 3655 626 3739 εύρεσίς
652 3678 684 3718 τε
710 3655 759 3717 καὶ
785 3659 889 3735 γνῶσις
915 3661 973 3718 τῶν
1001 3656 1211 3718 συντελούντων
1239 3657 1310 3739 πρὸς
1339 3657 1374 3718 τὰ
1402 3658 1551 3741 δρεκτὰεσ

256 3762 292 3839 τῆ
317 3758 394 3841 όρθῆ
420 3757 511 3841 δρέίει
533 3760 648 3842 αἱρετή·
681 3759 733 3840 τὴν
755 3758 889 3840 τοιαύτην
912 3757 968 3825 έίιν
995 3781 1026 3821 τε
1053 3760 1100 3821 καὶ
1128 3759 1233 3844 ἀρετὴν
1256 3763 1401 3842 καλοῦμεν
1428 3763 1510 3845 φρό-

256 3881 367 3942 νησιν·
400 3862 419 3943 ῆ
447 3860 500 3943 γὰρ
528 3860 667 3944 φρόνησις
694 3861 827 3944 εύρετικῆ
855 3865 912 3922 τῶν
940 3862 1011 3943 πρὸς
1037 3864 1085 3924 τὸν
1110 3860 1113 3947 ί
1139 3863 1227 3946 δρθδν
1254 3863 1361 3925 σκοπὸν
1390 3882 1486 3927 συντε·
1509 3872 1562 3928 289

204 3981 237 4030 35
256 3965 370 4024 λουσῶν
394 3962 539 4047 πράξεων,
568 3963 612 4024 διδ
635 3965 684 4026 καὶ
705 3965 757 4047 τὴν
780 3960 917 4046 φρόνησιν
944 3966 1103 4048 πρακτικὴν
1132 3967 1237 4049 ἀρετήν
1262 3987 1373 4048 φαμεν,
1402 3964 1508 4050 ἐκτελῆ

256 4071 361 4147 γνῶσις
376 4064 451 4146 αὐτῆ
475 4066 538 4149 περὶ
555 4069 613 4128 τῶν
636 4066 676 4135 είς
697 4064 843 4150 όρθότητα
866 4064 996 4148 πράξεων
1013 4067 1247 4151 συντελούντων),
1271 4069 1290 4152 ῆ
1313 4069 1346 4131 δὲ
1368 4071 1433 4152 περὶ
1456 4070 1509 4153 τὴν

256 4174 360 4251 γνῶσιν
383 4173 440 4231 τῶν
463 4169 563 4232 ἀιδίων
587 4169 742 4253 ἐνεργοϋσα
769 4165 831 4252 ἔχει
859 4170 910 4249 μὲν
932 4169 965 4230 τδ
993 4165 1025 4230 εύ
1052 4169 1082 4231 ἐν
1105 4176 1141 4254 τῇ
1166 4178 1223 4234 τῶν
1252 4171 1282 4233 ἐν
1306 4170 1415 4240 τούτοις
1437 4170 1509 4258 ἀλη-
1537 4190 1551 4232 ε

204 4459 337 4513 θτυύτων
356 4475 375 4511 s.
390 4465 451 4511 κθ
550 4461 667 4513 όαλῑ.δὲ
687 4478 736 4513 om.
756 4479 771 4513 ο
790 4465 833 4529 Sp.
930 4464 1047 4532 8μέσου
1067 4462 1149 4515 sicV
1246 4463 1407 4519 θδέδεικται
1428 4472 1473 4521 VB
1495 4471 1561 4524 vict

203 4551 260 4615 Sp.:
290 4548 377 4618 ἔτυχεν
396 4551 506 4602 MLSFa
606 4549 707 4619 λθείη]
727 4551 801 4601 εἴθ’
822 4550 958 4617 (corr.V²)
1068 4554 1095 4603 ll
1117 4558 1168 4603 τῶν
1187 4553 1215 4604 in
1235 4552 1271 4604 lit.
1294 4557 1316 4602 V
1426 4556 1457 4607 12
1476 4557 1492 4627 ῆ
1512 4573 1562 4611 om.

204 4638 281 4700 aSp.
403 4636 431 4686 17
456 4635 554 4704 αλπερί
574 4635 608 4686 V²
629 4637 694 4688 vict.
714 4640 771 4704 Sp.:
799 4639 853 4706 περὶ
873 4640 971 4690 V¹SFa
1078 4638 1110 4689 26
1130 4640 1174 4707 μὲν
1194 4654 1243 4691 om.
1263 4643 1340 4707 aSp.
1448 4643 1561 4714 θθῆδὲ

203 4721 1175 4794 Βθίοί.8ρ.;θγδὲθίιῆούλίίθιῆούὸῑλίιῆδέδέεεῆούλ.
1273 4725 1307 4779 30
1325 4730 1379 4799 περὶ
1398 4733 1503 4798 scripsi:
1523 4733 1563 4785 ἐπὶ

203 4810 263 4862 libri
352 4808 385 4860 33
404 4809 450 4879 τἠν
468 4808 494 4861 δέ
513 4810 629 4879 τοιαύτην
641 4811 677 4861 V²
765 4812 798 4864 36
818 4810 882 4883 αύτῆ
900 4813 1040 4865 Schwartz:
1061 4814 1124 4883 αύτη
1137 4815 1184 4865 V¹:
1205 4812 1268 4886 αύτη
1289 4815 1337 4868 V²:
1356 4815 1420 4887 αύτῆ
1435 4835 1451 4868 ε
1464 4820 1508 4886 Sp.

203 4896 237 4951 37
255 4902 316 4950 ante
334 4913 372 4967 pr.
387 4905 438 4950 τῶν
458 4895 526 4949 2-3
545 4896 595 4949 litt.
615 4914 702 4951 erasae
721 4902 745 4950 V
