3540 5610
223 325 262 393 18
586 322 813 381 ΑΛΕΞΑΝΔΡΟΥ
833 322 986 381 ΑΙΙΟΡΙΩΝ
1006 321 1064 379 ΚΑΙ
1084 320 1217 379 ΛΥΣΕΩΝ

273 500 348 584 αὐτῇ
373 502 406 562 τὸ
428 499 505 569 εἶδος
526 502 558 562 τὸ
582 500 613 563 ὃν
637 502 665 563 ἐν
689 500 764 583 αὑτῇΙ
793 502 834 568 ὡς
857 498 944 582 μέρος
970 499 1029 562 ἐστὶ
1053 503 1103 561 τοὺ
1127 496 1356 581 συναμφοτέρου.
1403 497 1450 559 καὶ
1474 496 1528 578 γὰρ

273 603 292 685 η
316 604 397 687 ψυχὴ
421 604 450 665 ἐν
473 609 516 688 τῷ
540 605 682 687 ὑρηανικῳ
706 606 833 684 σώματι,
862 602 892 663 ἐν
916 598 941 684 ᾧ
965 601 1057 672 ἐστιν,
1081 603 1174 670 οὑτως
1197 602 1272 663 ἐστὶν
1296 603 1337 668 ὡς
1361 599 1457 681 μέρος.
1503 598 1529 660 εί

274 705 299 767 δ’
328 709 369 774 ώς
392 705 492 789 μέρος,
516 704 569 768 οὑκ
591 705 625 768 ἀν
648 705 693 788 εῖη
719 710 759 774 ώς
782 706 811 768 ἐν
835 704 1016 788 ὑποκειμένῳ
1041 703 1072 766 ὃν
1096 703 1205 788 τοὺτῳ,
1232 704 1262 766 ἐν
1285 697 1310 789 ᾧ
1336 701 1413 764 ἐστιν
1436 701 1570 768 οὑτωςῶ

273 806 390 890 [ἔστιν],
418 807 483 872 οὔθ’
512 811 530 891 ἡ
554 810 637 895 ψυχὴ
663 807 730 871 οὑτε
752 833 777 870 τι
804 807 880 876 εἶδος
902 806 986 875 ὅλως.
1033 807 1052 888 ἦ
1076 807 1139 889 ἐρεῖ
1159 829 1199 874 τις
1222 807 1270 868 καὶ
1292 806 1325 868 τέ
1348 805 1453 867 λευκὸν
1477 806 1527 865 τοῦ

237 912 324 990 ὁμὲν
347 913 453 974 λευκοῦ
476 914 611 993 σώματος
637 912 710 974 εἶναι
734 910 834 993 μέρος,
865 911 895 972 ἐν
919 909 1110 993 ὑποζκειμένῳ
1139 908 1164 970 θ’
1192 907 1265 971 εἶναι
1292 913 1335 993 τῷ
1361 910 1476 989 σώματι
1500 901 1525 992 ιη’)
1546 914 1581 966 39

273 1016 402 1076 συντελεῖ
423 1015 494 1097 πρὸς
516 1015 549 1075 τὸ
573 1013 644 1076 εἶναι
672 1015 702 1076 ἐν
726 1014 896 1081 ὑποστάσει,
925 1014 969 1075 διὸ
993 1014 1041 1076 καὶ
1068 1013 1100 1074 τὸ
1123 1010 1198 1080 εἶδος
1226 1016 1279 1095 τῆς
1306 1012 1357 1092 μέν
1381 1030 1527 1092 συναμφο-

270 1115 356 1199 τέρου
380 1115 479 1185 οὑσίας
503 1116 590 1199 μέρος
613 1116 742 1192 ἔσεσθαι,
766 1117 796 1179 ἐν
819 1117 851 1178 δέ
870 1120 909 1199 τῇ
933 1112 1030 1199 ὑληη]
1057 1117 1189 1177 συντελεῖ
1208 1114 1280 1197 πρὸς
1302 1113 1429 1197 ὕπαρξιν,
1453 1111 1527 1174 εἶναι

271 1219 301 1280 ἐν
324 1219 515 1302 ὑποκειμένῳ.
561 1217 607 1303 ἀρ’
636 1218 686 1282 οὑν
713 1220 772 1303 χρὴ
800 1218 892 1300 λέγειν
920 1221 977 1280 δεῖν
1001 1220 1053 1301 μὲν
1080 1218 1112 1280 τὸ
1141 1212 1218 1304 ἐνῷ
1246 1221 1387 1301 ζητεῖται,
1414 1215 1446 1277 εί
1466 1215 1528 1277 ἐστι’
1554 1231 1568 1271 ε

269 1345 295 1383 τι
319 1324 359 1390 ὡς
382 1322 411 1384 έν
435 1321 626 1403 ὑποκειμένῳ,
651 1322 766 1388 πάντως
789 1320 862 1383 εἶναι
883 1319 950 1383 τάδε
973 1345 997 1382 τι
1021 1323 1068 1383 καὶ
1091 1321 1219 1404 ἐνεργείᾳ
1243 1321 1375 1403 ὑπάρχον
1396 1317 1447 1401 (οὑ
1470 1318 1525 1401 γάρ

219 1444 250 1490 10
269 1424 305 1505 δὴ
329 1424 359 1485 ἐν
383 1429 424 1508 τῷ
450 1425 490 1506 μὴ
515 1422 573 1486 ὄντι
597 1423 657 1485 οἷον
682 1424 712 1486 τέ
736 1447 761 1485 τι
786 1422 858 1486 εἶναι
881 1424 910 1485 ἐν
934 1424 1147 1507 ὑποκειμένῳ),
1176 1429 1233 1486 τῶν
1257 1424 1289 1485 δὲ
1311 1420 1405 1505 τούτῳ
1429 1441 1527 1483 συντε·

269 1527 396 1589 λοὺντιυν
420 1526 492 1608 πρὸς
513 1526 546 1587 τὸ
570 1524 641 1587 εἶναι
665 1525 695 1586 ἐν
716 1527 872 1588 ὑποστάσει
895 1548 925 1587 τε
946 1527 993 1588 καὶ
1017 1523 1078 1588 κατ’
1100 1526 1243 1609 ἐνέργειαν
1267 1530 1309 1609 τῷ
1327 1524 1399 1587 εῖναι
1422 1523 1452 1584 ἐν
1475 1522 1523 1585 αὖ·
1540 1540 1567 1580 ιο

268 1635 327 1713 τῷ,
359 1628 414 1690 ὅσα
437 1627 488 1709 μὲν
512 1627 542 1689 ἐν
565 1627 644 1710 αὐτῷ
670 1625 756 1710 μόνον
780 1627 820 1694 εἰς
842 1627 875 1688 τὸ
898 1624 955 1709 (ἐν)
977 1628 1133 1690 ὑποστάσει
1156 1627 1230 1690 εἶναι
1253 1631 1394 1698 συντελεῖ,
1419 1625 1524 1708 μηκέτι

268 1732 371 1793 δὲκαὶ
394 1731 426 1791 τὸ
449 1730 527 1812 τῷδέ
549 1752 601 1790 τινι
617 1729 699 1807 εἶναι,
722 1728 825 1811 (ταῦτα
848 1729 878 1791 ἐν
902 1729 1084 1814 ὑποκειμένῳ
1107 1729 1190 1815 αὐτῷ
1212 1729 1298 1813 εἶναι)
1320 1727 1404 1811 (καθ’
1425 1729 1445 1791 ἃ
1469 1729 1524 1811 γάρ

268 1856 293 1894 τι
310 1837 403 1904 σῶζον
426 1833 478 1914 την
495 1831 602 1893 οἰκείαν
618 1832 702 1914 φὺσιν
726 1830 786 1893 οῖάν
809 1854 841 1892 τε
858 1832 1057 1914 μεταβάλλειν,
1081 1836 1171 1895 ταῦτα
1192 1833 1221 1894 ἐν
1238 1831 1421 1915 ὑποκειμένῳ
1446 1832 1524 1893 ἐστὶν
1539 1846 1565 1887 ιε

217 1957 246 2003 15
265 1935 372 2019 αὐτῷ),
395 1933 449 1997 ὑσα
473 1934 561 2014 δὲμὴ
579 1932 665 2014 μόνον
682 1934 769 2001 εἰςτὸ
786 1934 953 2016 ὑφεστάναι,
976 1933 1049 1995 ἀλλὰ
1073 1935 1146 1998 πολὺ
1170 1933 1309 2018 πρότερον
1332 1934 1375 2003 εἰς
1393 1934 1426 1996 τὸ
1446 1935 1525 2017 τῷδέ

265 2062 317 2100 τινι
340 2036 412 2099 εἶναι
436 2040 566 2100 συντελεῖ
584 2060 646 2111 τινι,
674 2034 741 2099 καθ’
770 2036 789 2097 ἂ
813 2037 1030 2118 μεταβάλλοντα
1053 2036 1152 2099 οὐκέθ’
1181 2036 1296 2100 οἷόντε
1319 2036 1413 2119 μένειν
1437 2040 1522 2099 τοῦτο

266 2140 281 2202 ὃ
306 2140 351 2224 ἦν,
374 2144 464 2202 ταῦτα
487 2140 519 2202 δὲ
543 2137 646 2221 μηκέτι
669 2139 698 2200 ἐν
715 2137 795 2222 αὐτῷ
819 2137 891 2200 εἶναι
914 2142 954 2206 ώς
977 2138 1007 2200 ἐν
1023 2139 1217 2224 ὑποκειμένῳ.
1251 2145 1315 2208 πῶς
1335 2139 1390 2223 γὰρ
1415 2137 1449 2201 ἀν
1471 2137 1518 2221 εἴη
1534 2155 1563 2196 ευ

266 2243 296 2305 ἐν
320 2241 501 2325 ὑποκειμένῳ
525 2242 674 2325 ἀνθρώπῳ
698 2245 783 2303 τοῦτο
806 2240 839 2303 οὑ
862 2265 886 2323 η
912 2241 1039 2304 ἀπουσία
1062 2243 1176 2327 φθείρει
1202 2244 1251 2305 τὸν
1274 2241 1447 2326 ἀνθρωπον;
1473 2243 1519 2304 διὸ

265 2347 282 2426 η
309 2345 359 2426 μὲν
382 2346 568 2428 γραμματικὴ
596 2345 625 2405 ἐν
650 2343 831 2427 ὑποκειμένῳ
859 2348 905 2429 τῳ
930 2345 1079 2428 ἀνθρώπῳ
1106 2351 1155 2428 τῷ,
1173 2341 1272 2429 ἔχοντι
1293 2343 1399 2427 αὑτήν,
1428 2344 1520 2406 καίτοι

211 2466 244 2511 20
265 2450 458 2509 συντελοῦσαν
481 2446 561 2530 αὐτῷ
588 2447 659 2527 πρὸς
682 2446 714 2506 τθ
737 2452 929 2529 γραμματικῷ
953 2446 1025 2509 εἶναι
1052 2446 1102 2527 (οὑ
1124 2447 1177 2529 γὰρ
1201 2447 1230 2509 ἐν
1253 2470 1289 2528 τη
1315 2451 1366 2529 τῆς
1388 2469 1521 2530 γράμμα·

264 2554 346 2632 τικῇς
368 2549 493 2629 ἀπουσία
521 2551 569 2610 καὶ
592 2547 747 2630 ἅνθρωπος
775 2548 847 2611 εἶναι
876 2549 1027 2632 παύεται),
1059 2573 1077 2633 η
1106 2552 1138 2612 δὲ
1165 2551 1246 2634 ψυχὴ
1274 2547 1370 2612 οὐκέτ’
1398 2549 1429 2610 ἐν
1453 2549 1564 2611 {nto-23»

262 2651 388 2735 κειμένῳ
412 2652 509 2735 αὐτῷ,
538 2650 582 2713 ὅτι
606 2652 677 2733 πρὸς
704 2652 736 2711 τὸ
765 2650 837 2712 εἶναι
866 2652 1015 2735 ἀνθρώπῳ
1043 2653 1061 2734 η
1086 2651 1235 2715 συντέλεια
1262 2653 1367 2736 αὐτῆς,
1395 2650 1455 2714 ἀλλ’
1485 2651 1519 2715 οὑ

263 2754 334 2836 πρὸς
357 2755 389 2815 τὸ
413 2760 487 2838 ποιῷ
511 2778 530 2835 η
554 2758 637 2836 ποσῳ
662 2752 734 2814 εἶναι
762 2754 781 2834 ἦ
810 2757 865 2815 ποὺ
895 2753 915 2836 ἥ
938 2778 989 2816 τινι
1017 2759 1075 2816 τιῖνν
1102 2754 1239 2817 τοιούτων
1269 2753 1358 2818 ὑντιυν
1386 2757 1419 2818 τὸ
1442 2753 1519 2822 εἶδος

262 2858 293 2918 τὺ
320 2856 322 2940 ξ
348 2855 481 2939 φυσικόν,
504 2856 577 2937 είηε
600 2856 672 2918 κατὰ
695 2857 728 2917 τὸ
751 2855 827 2923 εἶδος
850 2856 966 2939 ἑκάστῳ
990 2857 1022 2918 τὸ
1043 2856 1115 2919 εἶναι
1138 2861 1222 2919 τοῦτο
1246 2856 1264 2919 ὅ
1285 2857 1371 2920 ἐστιν.
1407 2858 1437 2920 ἐν
1463 2861 1515 2937 μὲν
1534 2868 1575 2923 40

208 2978 241 3026 ‘25
262 2957 311 3020 οὑν
334 2966 377 3045 τῳ
394 2958 604 3042 συναμφοτέρῳ
627 2981 658 3020 τε
681 2960 728 3019 καὶ
745 2958 822 3040 τῷδέ
845 2981 897 3019 τινι
921 2957 979 3020 ὄντι
1003 2957 1049 3021 διὰ
1065 2963 1149 3021 τοῦτο
1173 2960 1205 3021 τὸ
1226 2957 1302 3027 εἶδος
1325 2958 1380 3023 οὑκ
1402 2961 1433 3024 ἐν
1450 2963 1518 3025 ὑπο·

261 3063 396 3146 κειμένῳ.
432 3061 519 3144 μέρος
541 3061 595 3144 γὰρ
619 3066 670 3142 τῆς
694 3058 794 3128 οὑσιάς
817 3065 868 3142 τῆς
892 3061 1015 3123 ἑκάστου
1039 3061 1131 3129 οὑτιυς
1154 3061 1184 3122 ἐν
1205 3060 1305 3130 αὑτοῖς
1327 3059 1370 3137 ὅν,
1394 3065 1463 3128 οὐδὲ
1487 3066 1517 3127 ἐν
1546 3084 1562 3125 ε

260 3171 297 3246 τῇ
323 3166 377 3247 ὑλη
402 3165 434 3226 ὑὲ
460 3163 561 3245 μάνου,
593 3163 636 3224 ὅτι
661 3164 735 3245 μηδὲ
758 3165 809 3245 την
835 3164 930 3246 ἀρχὴν
953 3164 1026 3246 αὕτη
1054 3164 1147 3232 οὑτως
1170 3165 1358 3245 ὑποκείμενον
1385 3171 1427 3236 ώς
1449 3168 1518 3233 τάδε

260 3291 300 3341 τι,
328 3268 368 3350 μη
393 3266 504 3350 ἔχουσά
527 3291 573 3327 πώ
597 3266 627 3326 ἐν
651 3267 726 3347 αὑτη
750 3267 782 3327 τὸ
805 3265 896 3339 εἶδος,
930 3264 960 3326 ἐν
984 3266 1016 3326 δὲ
1043 3270 1101 3333 τοῖς
1128 3266 1222 3334 οὑτως
1243 3265 1307 3330 οὑσι
1333 3268 1367 3330 τὸ
1390 3269 1421 3331 ἐν
1449 3272 1517 3335 ὑπο-

259 3369 394 3452 κειμένῳ.
439 3371 464 3430 τὶ
488 3367 543 3451 γάρ
566 3370 612 3430 ὑεῖ
631 3366 703 3430 εῖναι
730 3369 778 3430 καὶ
801 3366 867 3429 τόδε
890 3391 915 3428 τι
939 3368 968 3428 ἐν
992 3364 1017 3450 ᾧ
1046 3368 1078 3429 τὸ
1103 3367 1132 3429 ἐν
1157 3368 1354 3454 ὑποκειμένῳ·
1388 3378 1517 3438 τοιοῦτον

207 3490 241 3538 30
258 3471 312 3553 γὰρ
336 3474 368 3533 τὸ
396 3472 469 3554 μέρη
493 3469 572 3554 ἔχον.
618 3469 659 3532 ἔτι
683 3471 708 3531 εἰ
735 3472 767 3531 τὸ
792 3471 843 3550 μὲν
871 3470 1061 3550 ὑποκείμενον
1087 3474 1138 3532 τοῦ
1167 3470 1197 3532 ἐν
1226 3472 1410 3558 ὑποκειμένῳ
1434 3475 1517 3548 ὄντος
1533 3496 1562 3538 ιο

259 3574 339 3659 αὐτῷ
366 3573 495 3656 διαφέρει
518 3578 560 3656 τῷ
582 3574 614 3634 τὸ
644 3573 696 3653 μέν
720 3572 906 3654 ὑποκείμενον
935 3572 1077 3634 δύνασθαι
1103 3573 1152 3634 καὶ
1174 3571 1244 3636 ἄνευ
1267 3581 1325 3637 τῶν
1348 3577 1379 3640 ἐν
1403 3580 1517 3644 ὑποκει·
1581 3583 1586 3591 ’

260 3677 339 3760 μένῳ
363 3675 453 3738 ὄντων
481 3674 561 3758 αὐτῷ
585 3673 657 3736 εἶναι
686 3673 749 3754 (καὶ
772 3674 825 3756 γὰρ
848 3674 874 3735 εἰ
903 3674 943 3755 μὴ
971 3671 1032 3735 οῖὺν
1057 3697 1087 3736 τε
1115 3676 1204 3757 κηρὸν
1226 3676 1300 3740 εἶναι
1326 3682 1419 3764 χωρίς
1441 3686 1516 3768 σχη-

259 3803 361 3860 ματος,
391 3777 465 3839 ἀλλὰ
488 3777 579 3860 χωρίς
601 3800 634 3857 ηε
664 3776 765 3838 τοὺτου
792 3779 842 3837 τοῦ
871 3777 1037 3859 σχήματος,
1066 3776 1082 3838 ὃ
1108 3781 1156 3838 νῦν
1180 3774 1258 3862 ἔχει,
1285 3779 1347 3843 οῖὺν
1373 3806 1405 3846 τε
1427 3784 1558 3848 αὐτὸνιε

259 3880 356 3960 εἶναι),
380 3881 411 3941 τὸ
436 3881 467 3940 ἀὲ
491 3879 520 3939 ἐν
541 3877 723 3961 ὑποκειμένῳ
747 3877 778 3939 ὃν
803 3877 1002 3960 μὴδύνασθαι
1025 3879 1222 3962 χωρισθέντος
1244 3886 1296 3945 τοὺ
1319 3884 1515 3970 ὑποκειμένου

204 4001 237 4050 35
257 3981 337 4065 αὐτῷ
361 3982 434 4044 εἶναι
461 3981 529 4064 (τὴν
552 3981 583 4042 ὑὲ
606 3981 675 4062 ὑλην
699 3982 746 4041 καὶ
769 3982 801 4041 τὸ
828 3979 903 4047 εἶδος
927 3980 1066 4044 ἀὺὑνατον
1094 3983 1185 4066 χωρὶς
1208 3984 1343 4067 ἀλλήλων
1371 3988 1445 4054 εἶναι
1468 3997 1513 4077 τῳ

206 4215 215 4264 l
238 4212 317 4281 ταὺιη
338 4212 405 4263 coni.
418 4210 461 4277 Sp.
570 4208 605 4267 ὡς
625 4213 687 4262 VB:
707 4208 736 4261 τὺ
755 4209 782 4261 ὃν
802 4209 837 4267 ὡς
856 4215 938 4265 GFSa
956 4212 1013 4278 Sp.:
1033 4212 1061 4264 τὸ
1080 4212 1107 4264 ὃν
1127 4215 1193 4266 ἐνΙ,
1302 4217 1404 4271 Ηστιν
1423 4220 1472 4274 del.
1485 4222 1531 4291 Sp.

203 4300 261 4352 οὔτε
274 4319 296 4350 τι
308 4299 344 4350 B*J
356 4300 422 4350 vict.
435 4298 492 4366 Spa
512 4298 595 4350 οὑκέτι
607 4303 679 4350 VFa:
699 4298 798 4350 οὑκέστι
812 4303 832 4350 1ο
924 4301 939 4350 7
959 4297 1043 4373 W:
1064 4302 1120 4370 ηδε
1140 4301 1155 4371 ἣ
1177 4307 1215 4354 La
1233 4304 1276 4372 Sp.
1373 4308 1407 4359 10
1425 4309 1566 4366 οίοντοιιθΙ

202 4392 276 4452 (corr.
288 4388 333 4449 V²)
426 4386 456 4437 Γ.)
475 4387 501 4436 ἐν
521 4386 660 4437 ad‹1‚vict.
674 4386 717 4453 Sp.
806 4388 836 4438 13
854 4388 919 4456 τῳδί
938 4407 986 4440 τινι
1001 4391 1072 4439 V²Bz
1091 4390 1130 4457 τῳ
1148 4390 1174 4441 δέ
1192 4409 1230 4442 τιν
1244 4393 1291 4442 V¹:
1310 4392 1365 4445 τάδε
1385 4412 1408 4446 τι
1428 4399 1489 4450 (isa
1507 4399 1567 4469 Sp.:

202 4474 231 4526 εὑ
250 4470 276 4525 δ’
297 4474 332 4525 ἔτι
352 4477 371 4525 F
460 4478 539 4524 ταῦτα
558 4473 582 4524 ἐν
601 4474 760 4543 ὑποκειμένῳ
781 4475 851 4543 αὑτῳ
870 4476 931 4528 εἶναι
950 4476 1167 4544 ad‹l.13²s²asp.
1258 4478 1322 4531 καθ’
1341 4481 1357 4532 ἃ
1375 4482 1479 4537 V²B¹S²
1497 4486 1567 4541 Vict,

202 4563 258 4629 Sp.:
278 4563 508 4613 maedwssb'sqm
602 4562 639 4611 15.
657 4563 686 4612 16
706 4562 770 4630 τῳάέ
784 4580 830 4614 τινι
842 4566 912 4615 WB:
931 4565 969 4632 τῳ
983 4563 1008 4614 δέ
1023 4566 1109 4614 uV':
1129 4565 1185 4616 τάδε
1203 4584 1227 4617 τι
1241 4568 1322 4618 GFSa
1334 4567 1380 4637 Sp.
1472 4574 1503 4625 16
1522 4593 1567 4642 με.

202 4648 326 4717 ταβάλλον
348 4650 431 4700 132's2a
450 4651 506 4716 Spa
535 4648 722 4716 μεταβάλλοντα
742 4653 852 4703 VFB¹S¹
944 4651 978 4701 20
997 4651 1147 4704 ουντελοὺσα
1166 4653 1259 4706 Fsss²a
1277 4654 1320 4721 Sp.
1409 4659 1439 4711 τὸ
1457 4662 1567 4730 scripsi:

201 4738 239 4805 τῳ
258 4738 315 4789 libri
417 4736 450 4787 93
478 4734 559 4786 ὄντων
581 4738 653 4787 VB¹2
682 4739 863 4790 on1.GFS¹L:
893 4737 973 4790 ὄντων
992 4744 1105 4791 τοιοῦτον
1123 4742 1170 4810 γάρ
1190 4742 1283 4794 ss²s²a:
1314 4741 1351 4807 ὄν,
1370 4753 1422 4798 τῶν
1440 4747 1567 4800 τοιοΰτων

201 4826 303 4896 γάρὸμ.
402 4825 435 4874 28
455 4842 495 4875 πω
517 4827 574 4875 VB:
595 4841 649 4879 πιυς
667 4828 773 4876 SGFLa
791 4828 835 4892 Sp.
942 4826 1008 4898 αὑτη
1029 4831 1050 4877 V
1157 4828 1201 4879 alt.
1221 4828 1250 4880 τὺ
1270 4846 1355 4884 ουκυ
1462 4835 1496 4887 29
1516 4835 1569 4903 δεῖ]

202 4909 262 4967 ὄά
370 4908 391 4986 ῳ
414 4912 471 4964 V²B
494 4912 558 4964 vict.
578 4911 635 4980 Sp.:
658 4919 705 4964 τῶι
725 4916 866 4968 V¹GFSLa
973 4916 1007 4967 35
1026 4914 1108 4986 αὑτῷ]
1128 4916 1190 4970 αὑτὸ
1209 4936 1225 4970 ε
1244 4918 1288 4988 Sp.
