3540 5610
592 308 673 366 ΠΕΡΙ
692 306 852 366 ΚΡΑΣΕΩΣ
870 307 932 364 KAl
952 308 1128 367 ΑΥΞΗΣΕΩΣ
1148 313 1178 365 16
1501 311 1564 375 235

258 490 330 549 ποῖα
353 484 439 568 μὸρια
461 490 519 548 τῶν
542 484 710 568 αὐξομένων
734 490 785 569 τῆς
808 486 980 570 προσθήκης
994 485 1145 568 γινομένης
1166 485 1202 548 τά
1217 484 1272 548 ῦλα
1286 484 1412 555 αὔξεται.
1446 480 1510 544 ἐπεὶ

257 586 353 649 τοίνυν
386 586 416 649 έν
449 591 510 656 τοῖς
532 586 701 668 αὐξομένοις
734 587 796 651 ἐστὶ
818 592 876 650 τῶν
900 592 996 672 μερῶν
1025 587 1060 650 τά
1088 589 1140 672 μὲν
1167 589 1376 672 ἀνομοιομερῆ,
1409 587 1445 650 τά
1477 585 1510 648 bl

258 689 418 773 ὁμοιομερῆ
441 688 504 771 (καὶ
528 690 725 772 ἀνομοιομερῆ
750 690 801 770 μὲν
824 689 859 753 τά
881 689 916 752 ἐκ
937 671 1132 773 διαφερόντων
1155 694 1251 774 μερῶν
1268 694 1445 759 συνεστῶτα,
1469 689 1509 754 ὡς

258 792 413 875 πρὸσωπον
437 793 485 855 καὶ
516 791 593 876 χείρ,
626 792 787 875 ὁμοιομερῆ
821 793 854 855 δὲ
876 790 946 875 σάρξ
966 813 999 854 τε
1020 792 1067 855 καί
1090 792 1173 867 ὁστᾶ,
1207 796 1262 876 μῦς
1293 793 1341 855 καὶ
1367 791 1440 873 αἷμα
1462 789 1552 852 καὶ»

223 912 239 960 5
258 891 345 977 φλέψ,
367 895 415 956 καὶ
438 891 515 962 ὅλως
538 895 579 954 ῶν
600 893 635 955 τὰ
659 895 746 977 μύρια
768 897 829 960 τοῖς
850 891 930 963 θλοις
951 893 1012 957 ἐστὶ
1035 893 1217 977 συνώνυμα),
1241 896 1289 958 καὶ
1306 895 1451 976 σύγκειται
1473 891 1507 954 ἐκ

257 1000 316 1059 τῶν
338 996 520 1079 ὁμοιομερῶν
542 994 578 1057 τά
601 997 808 1078 ἀνομοιομερῆ,
843 994 903 1057 ἀλλ’
931 997 984 1059 οὐκ
1006 996 1147 1060 ἀνάπαλιν
1181 996 1229 1077 (οὐ
1263 996 1315 1079 γὰρ
1338 995 1372 1058 έκ
1394 995 1509 1078 προσώ·

259 1099 364 1181 πωνή
388 1097 467 1181 σάρξ,
490 1095 550 1160 ἀλλ’
572 1096 606 1160 ἐκ
629 1101 744 1180 σαρκῶν
767 1121 799 1160 τε
821 1099 868 1160 καὶ
892 1098 985 1161 ὀστῶν
1007 1098 1040 1160 τὸ
1064 1097 1244 1181 πρόσωπον),
1267 1096 1421 1182 ήαῦξησις
1436 1095 1510 1159 κατὰ

256 1200 309 1283 τῆν
331 1203 391 1269 τοῖς
414 1198 600 1282 ὁμοιομερέσι
621 1199 794 1283 προσθήκην
821 1200 936 1281 γίνεται.
980 1199 1091 1268 τούτοις
1124 1200 1179 1284 γάρ
1212 1200 1380 1282 αὐξομένοις
1412 1199 1510 1262 ἕπεται
1523 1213 1551 1256 κο

256 1300 306 1362 καὶ
328 1303 347 1384 ή
368 1305 426 1364 τῶν
450 1302 670 1386 ἀνομοιομερῶν
693 1301 828 1371 ἐπιθοσις.
873 1301 907 1364 οὐ
929 1301 983 1386 γάρ
1006 1302 1025 1382 ῆ
1048 1303 1278 1387 τροσκρινομένη
1304 1303 1408 1386 τροφή,
1443 1299 1511 1385 πρὸ·

208 1423 239 1469 10
258 1425 357 1468 σωπον
380 1403 399 1486 ῆ
423 1406 488 1489 χεὶρ
511 1403 660 1487 γινομένη,
683 1405 895 1488 προσκρίνεται,
918 1400 978 1466 ἀλλ’
1004 1405 1045 1473 εἰς
1067 1405 1162 1487 σάρκα
1184 1406 1232 1468 καὶ
1255 1405 1357 1468 ὀστοῦν
1380 1405 1508 1467 καὶτῶν

258 1504 355 1569 ἄλλων
379 1509 437 1569 τῶν
460 1506 643 1591 ὁμοιομερῶν
666 1506 787 1570 ἕκαστον
812 1507 1032 1589 μεταβαλλουσά
1053 1530 1086 1569 τε
1107 1508 1154 1570 καὶ
1188 1507 1417 1591 τροσκρινομένη
1448 1505 1510 1569 τού·

257 1631 315 1678 τοις
337 1613 390 1692 τῆς
412 1612 463 1671 τοῦ
486 1610 593 1677 παντὸς
625 1608 775 1693 αὐξήσεως
809 1610 946 1692 σώματος
978 1609 1055 1672 αίτία
1088 1610 1205 1691 γίνεται.
1249 1610 1275 1671 εί
1297 1610 1391 1673 τοίνυν
1414 1610 1433 1690 ή
1458 1608 1508 1689 μἐν

257 1709 377 1794 αῦξησις
398 1714 449 1773 τοῦ
471 1710 666 1794 αὐξανομένου
689 1710 860 1793 σωζομένου
883 1733 914 1773 τε
937 1712 985 1775 καὶ
1008 1710 1152 1793 μένοντος,
1182 1709 1296 1780 αὔξεται
1319 1712 1351 1775 ῦὲ
1373 1711 1409 1774 τά
1432 1712 1509 1793 ὁμοι-
1523 1726 1551 1768 ιο

257 1818 366 1898 ομερῆ,
400 1815 488 1896 δῆλον
511 1813 555 1876 ὁτι
576 1818 667 1876 ταῦτα
690 1812 841 1885 σώζεσθαί
861 1836 890 1876 τε
912 1814 960 1877 καὶ
984 1813 1078 1897 μένειν
1100 1816 1154 1877 δεῖ.
1181 1813 1184 1897 Ι
1208 1813 1369 1878 ἀκὸλυυθον
1392 1814 1484 1877 τοίνυν
1507 1821 1560 1877 320

205 1936 237 1984 15
255 1916 367 1986 τούτοις
390 1917 469 1991 ἰδεῖν,
503 1922 567 1985 πῶς
588 1939 630 1985 τις
652 1915 745 1997 λέγων
768 1915 920 1997 ὑπομένειν
942 1919 1032 1979 ταῦτα
1054 1916 1222 2000 ἀληθεύσει.
1268 1917 1344 1980 καθὸ
1366 1916 1421 2000 γάρ
1444 1917 1510 1979 ύπο·

258 2019 352 2102 μένειν
374 2017 436 2081 οίὸν
458 2041 490 2082 τε
511 2023 612 2094 ταῦτα,
645 2018 719 2081 κατά
741 2014 818 2079 τοῦτ’
847 2015 1014 2081 αὐτῶνκαὶ
1036 2021 1089 2102 τὴν
1112 2018 1230 2103 αὔξησιν
1258 2020 1413 2101 ἀναγκαῖον
1436 2016 1508 2080 εἶναι

255 2121 357 2204 λέγειν.
406 2124 462 2183 πᾶν
486 2121 522 2203 δὴ
544 2122 577 2183 τὸ
601 2120 631 2190 ἐξ
654 2121 725 2204 ῦλης
747 2143 778 2183 τε
802 2119 849 2182 καὶ
871 2117 968 2187 εἴδους
990 2121 1175 2205 συγκείμενον
1199 2121 1267 2186 καθ’
1288 2122 1424 2204 ἑκάτερον
1451 2126 1508 2183 τῶν

257 2223 288 2292 ἐξ
310 2224 351 2286 ῶν
379 2222 455 2285 ἐστιν
485 2221 559 2286 εἶναι
581 2222 710 2305 λέγεται·
745 2223 793 2286 καὶ
826 2222 882 2306 γὰρ
905 2222 978 2285 κατὰ
1010 2225 1063 2306 τήν
1098 2222 1169 2307 ύλην
1202 2225 1250 2287 καὶ
1273 2223 1347 2287 κατά
1368 2224 1400 2286 τὸ
1423 2222 1509 2292 εἶδος.
1537 2238 1551 2279 ὁ

257 2325 292 2389 ἐκ
312 2327 422 2391 τούτων
445 2327 547 2390 δὲκαὶ
571 2326 606 2388 τά
629 2327 802 2410 ὁμοιομερῆ,
836 2324 906 2389 καθ’
934 2325 954 2388 ἀ
975 2325 1096 2408 λέγομεν
1126 2328 1178 2410 τῆν
1201 2333 1259 2389 τῶν
1283 2325 1369 2411 ζῴων
1391 2324 1510 2408 αὔξησιν

203 2449 239 2496 20
256 2430 395 2512 γίνεσθαι.
441 2430 485 2492 bb
509 2430 556 2492 καὶ
579 2427 659 2491 ταῦτ’
687 2427 752 2513 ἔχει
773 2429 806 2489 τὸ
829 2427 932 2492 διττὸν.
970 2429 1017 2491 καὶ
1040 2428 1154 2510 λέγεται
1177 2429 1298 2492 ἕκαστον
1321 2428 1417 2491 αὐτῶν
1441 2429 1511 2490 ποτὲ

256 2532 308 2615 μὲν
331 2532 405 2595 κατὰ
427 2533 480 2614 τῆν
503 2532 584 2615 ύλην,
619 2532 689 2593 ποτὲ
712 2533 744 2594 δὲ
767 2529 840 2594 κατά
862 2532 895 2592 τὸ
918 2529 1003 2600 είῦος.
1049 2529 1116 2594 ὅταν
1151 2533 1203 2614 μὲν
1226 2532 1281 2616 γάρ
1303 2532 1435 2614 λέγωμεν
1457 2532 1509 2614 τὴν

257 2637 353 2719 σάρκα
376 2635 436 2717 ὁεῖν
458 2636 507 2698 καὶ
529 2633 603 2697 εἶναι
624 2632 655 2695 έν
689 2637 809 2718 συνεχεῖ
839 2632 989 2715 ἀποκρίσει
1023 2636 1126 2698 τεκαὶ
1149 2637 1327 2719 προσκρίσει,
1361 2633 1435 2698 κατά
1457 2635 1509 2716 τῆν
1525 2647 1551 2689 1⁰

259 2737 331 2820 ὕλην
353 2738 406 2820 τὴν
431 2739 524 2822 σάρκα
546 2741 636 2801 ταῦτα
659 2736 783 2819 πάσχειν
806 2734 937 2817 λέγομεν,
972 2734 1040 2798 ὁταν
1074 2736 1099 2800 δ’
1126 2737 1164 2800 αὖ
1197 2740 1282 2800 πάλιν
1304 2736 1435 2819 λέγωμεν
1457 2737 1509 2819 τήν

255 2841 348 2924 σάρκα
381 2841 433 2923 τῆν
457 2838 547 2923 αὐτὴν
571 2838 676 2921 μένειν,
710 2839 768 2901 ἀπὸ
790 2841 842 2900 τοῦ
864 2835 957 2906 εἴδους
991 2840 1039 2901 καὶ
1062 2841 1113 2923 τὴν
1143 2840 1216 2903 κατά
1249 2841 1282 2902 τὸ
1310 2839 1386 2909 εἶδος
1414 2839 1509 2921 σάρκα

204 2961 238 3009 25
256 2941 393 3027 λαβόντες
426 2946 516 3005 ταῦτα
538 2940 613 3025 αὐτῆ
638 2944 848 3025 μαρτυροῦμεν.
893 2941 986 3003 πάντα
1008 2941 1062 3024 γάρ
1084 2941 1120 3004 τά
1142 2943 1172 3005 ἐν
1196 2943 1252 3026 ῦλη
1276 2945 1308 3006 τὸ
1331 2942 1403 3006 εἶναι
1427 2939 1508 3025 έχον-

254 3066 292 3107 τα
325 3043 399 3108 κατά
433 3045 485 3127 μὲν
508 3046 561 3127 τῆν
595 3044 666 3128 ύλήν
688 3042 793 3106 ἄλλοτε
815 3041 891 3105 ἀλλα
912 3042 1028 3124 γίνεται,
1062 3045 1109 3107 ῦιά
1141 3046 1174 3107 τὸ
1209 3046 1249 3127 μῆ
1285 3045 1378 3127 μένειν
1401 3043 1507 3126 ταύτην
1524 3056 1549 3097 1ο

253 3144 327 3209 κατά
349 3148 397 3209 τὸν
420 3146 545 3230 ἀριθμὸν
568 3146 645 3226 μίαν,
669 3149 800 3229 συνεχῶς
823 3144 897 3208 κατὰ
930 3145 966 3207 τά
1001 3143 1088 3229 μὸρια
1121 3148 1362 3231 μεταβάλλουσαν
1398 3169 1428 3208 τε
1461 3145 1509 3208 καὶ

253 3249 404 3333 γινομένην
425 3249 530 3312 ἄλλοτε
553 3247 655 3332 ἀλλην,
678 3248 751 3311 κατὰ
773 3248 861 3312 δὲτὸ
883 3246 958 3316 εἶδος
982 3246 1011 3309 ἐν
1034 3248 1115 3332 αὐτῷ
1144 3240 1208 3312 κατ’
1237 3249 1361 3332 ἀριθμὸν
1385 3248 1508 3311 ἕκαστον

257 3350 347 3433 μένει.
392 3351 466 3415 κατά
487 3351 541 3434 γάρ
564 3352 597 3413 τὸ
620 3349 698 3419 εἶδος
731 3353 750 3434 ἡ
774 3350 844 3435 σὰρξ
877 3350 993 3434 ἡαύτῆ
1025 3349 1088 3414 κατ’
1117 3352 1241 3434 ἀριθμὸν
1266 3350 1353 3433 μένει.
1400 3349 1453 3413 κάν
1476 3351 1508 3411 τὸ

201 3473 237 3522 30
257 3455 310 3536 μέν
332 3453 464 3538 ἀπορρέγγ
487 3458 540 3537 τῆς
563 3453 803 3537 ὁποβεβλημένης
825 3453 896 3535 ῦλης
917 3451 1005 3536 αὐτῆ,
1028 3454 1061 3516 τὸ
1084 3454 1117 3516 δὲ
1139 3454 1272 3538 ἐπιρρέη,
1294 3454 1318 3536 †
1341 3452 1402 3517 ἔστι
1424 3453 1509 3536 μένον
1523 3469 1551 3510 κο

257 3557 348 3640 αὐτῆς
369 3555 400 3619 έν
423 3555 516 3639 αὐτῷ,
550 3556 695 3638 φυλάσσει
728 3556 761 3618 τὸ
784 3559 836 3639 τῆς
858 3557 965 3638 σαρκὸς
988 3554 1074 3628 εἶδος,
1108 3560 1146 3639 τῆ
1177 3556 1250 3619 κατά
1273 3559 1399 3620 διάδοσιν
1434 3560 1512 3638 μονῆ

256 3661 370 3722 κωλῦον
392 3656 481 3720 αὐτοῦ
504 3658 557 3739 τὴν
579 3662 705 3742 παντελῆ
729 3658 852 3742 φθοράν.
897 3657 931 3720 οὐ
954 3657 1008 3741 γὰρ
1031 3659 1063 3720 τὸ
1086 3657 1158 3722 εἶναι
1180 3663 1217 3742 τῆ
1242 3660 1327 3742 σαρκλ
1349 3659 1379 3722 ἐν
1401 3663 1444 3743 τῷ
1466 3657 1510 3719 τὸ-

180 3792 184 3797 ·
256 3762 336 3846 σῷδε
360 3758 487 3844 μεγέθει,
510 3758 526 3821 θ
549 3758 584 3822 οὐ
606 3758 694 3823 ταύτὸ
717 3760 796 3843 μένει
820 3758 867 3823 διά
882 3762 934 3843 τῆν
957 3764 1009 3843 τῆς
1032 3759 1103 3843 ῦλης
1119 3760 1208 3844 ῥύσιν,
1231 3760 1291 3824 ἀλλ’
1319 3761 1349 3824 ἐν
1372 3766 1414 3846 τῷ
1438 3760 1509 3823 εἴδει

255 3867 299 3948 τῷ
322 3864 439 3946 τοιῷδε,
463 3860 479 3923 θ
502 3860 606 3925 ταύτὸν
630 3861 719 3944 μένει,
742 3859 802 3925 ἔστ’
830 3861 865 3925 ἀν
888 3862 1021 3946 σῶζητοιί
1041 3885 1068 3925 τι
1082 3867 1134 3946 τῆς
1150 3862 1266 3948 σαρκός.
1302 3864 1394 3932 οὕτως
1416 3865 1509 3927 τοίνυν
1523 3879 1550 3921 κο

200 4111 217 4164 θ
236 4109 374 4180 ὁμοιομερῆ
394 4110 431 4160 Α1
548 4108 572 4160 2.
591 4108 607 4160 3
634 4109 666 4161 τὰ
684 4106 800 4160 ὁὲ-ιιαὶ
818 4107 863 4160 ἀνο
881 4107 940 4161 add.
960 4108 996 4160 Απ
1014 4110 1043 4161 in
1061 4125 1113 4178 mg.
1237 4112 1253 4163 4
1272 4111 1311 4180 τε]
1330 4129 1367 4168 τις
1384 4115 1424 4164 Ra

201 4202 249 4268 μῦς
267 4217 296 4251 ιιι
320 4214 353 4251 ex
379 4211 443 4250 οοττ.
462 4198 524 4249 AR:
552 4211 602 4249 orn.
620 4197 699 4249 BPS:
728 4210 779 4248 οτιι.
802 4210 861 4248 cum
884 4196 981 4249 indicio
1006 4198 1156 4250 lacunaec
1263 4198 1392 4266 5ρι.καὶ
1410 4216 1460 4252 orn.
1480 4203 1519 4252 Ra

201 4285 217 4338 6
239 4285 408 4354 ἀνομοιομερῆ
435 4282 528 4337 Α’Βαι
557 4282 695 4354 ὁμοιομερῆ
719 4284 782 4335 A¹B
809 4286 879 4350 (post
903 4281 916 4335 b
939 4285 1054 4354 spatium
1083 4285 1177 4348 llitt.)
1203 4286 1266 4339 OPS
1373 4287 1425 4339 6.7
1446 4288 1476 4339 ἐκ
1490 4303 1563 4355 προσ·

202 4373 282 4427 ῶπων
305 4373 411 4440 scripsi:
445 4371 479 4428 είς
503 4370 637 4443 πρόσωπον
661 4371 734 4423 libri:
764 4369 972 4438 ἐστι’πρόσωπον
995 4373 1049 4424 sive
1075 4372 1104 4424 ἐκ
1130 4373 1267 4441 προσώπου
1293 4373 1371 4440 Apelt
1480 4376 1512 4427 10
1530 4375 1564 4433 τίς

201 4462 244 4514 καὶ
269 4474 291 4511 σ.
315 4477 342 4510 ιι.
363 4461 404 4511 Ra
495 4458 527 4510 14
545 4457 583 4510 δεῖ
602 4458 684 4510 Diels:
704 4456 741 4508 ὁιὸ
760 4458 819 4510 libri
930 4459 959 4509 17
978 4457 1040 4510 θέο
1142 4458 1176 4511 2²3
1197 4459 1344 4528 λίγωμενο
1449 4462 1483 4512 24
1503 4461 1561 4529 ἀπὸ]

201 4547 263 4600 αὐτὸ
282 4551 323 4600 Βε
402 4544 431 4598 τὸ
456 4543 531 4613 εἶδος]
555 4549 600 4597 τοῦ
625 4543 705 4602 ιίθους
728 4547 767 4597 Ra
884 4544 918 4597 25
946 4550 1122 4618 μαρτηρούμεν
1146 4550 1185 4599 Ra
1309 4546 1341 4598 29
1369 4548 1435 4600 κατά
1458 4547 1501 4600 τὸν
1524 4549 1562 4616 ἀρ.

200 4634 284 4688 Ιάολοτ
356 4632 391 4686 30
418 4631 470 4684 ίστι
488 4631 574 4699 μένον]
594 4630 631 4682 ἔτι
649 4648 723 4699 μενον
742 4631 835 4684 ldeler:
864 4631 888 4684 εί
903 4649 926 4684 τι
945 4633 1014 4700 μένοι
1037 4634 1127 4702 Apelt:
1157 4633 1267 4687 fortasse
1290 4630 1354 4686 ἔστ’
1375 4634 1411 4686 ἄν
1436 4653 1465 4687 τι
1486 4637 1562 4706 μίνη

201 4722 234 4776 οἱ.
257 4737 281 4774 r.
299 4719 334 4773 34
440 4718 475 4772 32
502 4719 580 4772 αὐτοῦ
604 4719 694 4788 Apelt:
723 4719 785 4773 αὐτὸ
808 4719 869 4773 libri
1019 4720 1061 4773 32.
1086 4721 1119 4773 33
1148 4721 1172 4773 έν
1195 4724 1233 4790 τῷ
1256 4720 1351 4790 τοσῷδε
1377 4722 1467 4790 Apelt:
1495 4723 1564 4782 ίντὸς

200 4810 268 4880 τύσιρ
292 4808 320 4862 θλ
342 4809 403 4862 libri
509 4807 543 4861 33
567 4805 661 4878 μεγέθη
680 4812 720 4862 Ra
841 4808 854 4861 ὃ
880 4807 908 4861 οὐ
929 4809 1018 4876 Apelt:
1048 4809 1077 4862 οὐ
1102 4810 1161 4862 libri
1282 4809 1335 4879 τίθη
1360 4828 1376 4862 ο
1491 4810 1524 4863 34
1549 4809 1563 4864 θ

202 4896 293 4965 Apelt:
314 4894 343 4948 οὐ
362 4895 422 4949 libri
