3540 5610
704 327 908 382 ALEXANDRI
927 329 971 381 DE
989 328 1099 383 ANIMA
1538 329 1580 395 85

275 500 423 587 τηδειότης
451 502 470 585 ἡ
498 501 568 585 πρὸς
595 501 627 564 τδ
654 500 703 582 ἐγγ
670 504 838 624 γγραρῗηναι.
888 503 928 568 ὡς
954 498 1004 564 οῦν
1034 500 1081 563 ἐπὶ
1109 505 1160 564 τοῦ
1187 501 1425 586 γραμματείουτ
1410 501 1525 582 τδμὲν

274 609 469 689 γραμματεῖον
500 604 611 689 πάσχοι
642 600 755 686 <ἂν>’
737 624 833 686 αντιγρ
818 600 995 686 ραφόμενον,
1034 601 1121 666 ἐν
1098 627 1122 688 ιρ
1158 605 1176 686 ἡ
1212 603 1283 687 πρδς
1315 603 1398 685 τγδ
1381 607 1526 687 γαρφῇναι

275 708 486 792 ἐπιτηδειότης,
523 707 543 789 ἡ
578 704 675 788 μέντοι
708 703 907 788 ἐπιτηδειότης
943 705 1016 789 αῦτη
1052 705 1134 769 οῦδὲν
1168 707 1277 790 πάσχει
1310 705 1351 774 εἰς
1384 704 1525 788 ἐνέργειαν

273 810 402 894 ἀγομένη
428 809 513 892 (οῦδέ
537 808 592 892 γάρ
619 807 682 870 ἐστί
707 831 732 870 τι
760 807 974 891 ὑποκείμενον),
1005 808 1097 877 οῦτιος
1124 804 1185 871 οὐδ’
1216 806 1249 870 ἂν
1277 808 1292 870 ό
1322 811 1388 876 νοῦς
1415 809 1524 892 πάσχοι

241 928 313 992 οτι,
341 911 432 997 μηδέν
457 935 491 994 γε
518 911 558 974 ὢν
584 915 642 973 τῶν
670 909 806 994 ἐνεργείᾳ.
851 911 895 973 διδ
922 912 969 974 καὶ
997 910 1050 974 οῦκ
1073 909 1186 994 ἀλόγως
1212 911 1285 979 τινές
1311 911 1368 974 άπὸ
1396 917 1448 994 τῆς
1472 914 1524 973 τοῦ

271 1019 323 1078 νοῦ
349 1015 500 1097 δυνάμεως
527 1012 689 1097 κινούμενοι
713 1011 800 1076 τόπον
829 1013 914 1076 εἰδῶν
941 1015 993 1097 τὴν
1020 1016 1117 1099 ψυχὴν
1144 1014 1223 1076 εἶπον
1250 1012 1337 1088 εἶναι,
1368 1014 1384 1076 δ
1412 1017 1454 1097 τῷ
1478 1036 1524 1075 κυ-
1537 1029 1565 1071 ου

274 1110 409 1202 ριωτάτιρ
433 1122 485 1202 τῆς
507 1120 607 1201 ψυχῆς
636 1115 775 1199 ὑπάρχει,
803 1112 880 1178 τοῦτ’
907 1117 955 1179 ἐπὶ
982 1120 1076 1180 πᾶσαν
1102 1117 1192 1200 αὐτὴν
1220 1116 1435 1201 μεταφέροντες.
1479 1115 1548 1180 τό·-

271 1244 326 1289 πος
352 1220 379 1284 δ’
408 1218 442 1283 ἂν
467 1218 515 1303 εἴη
543 1224 600 1281 τῶν
626 1218 712 1281 εἰδῶν
739 1215 772 1280 οῦ
797 1214 859 1280 κατ’
887 1218 1030 1302 ἐνέργειαν
1056 1217 1230 1302 (οὐδὲνγὰρ
1254 1218 1328 1281 κατὰ
1354 1218 1406 1300 τὴν
1434 1218 1522 1282 αὑτοῦ

270 1322 357 1407 ρόσιν
386 1327 443 1386 τῶν
466 1322 552 1385 εἰδῶν
580 1319 658 1407 ἔχων
681 1319 833 1405 ἐδείχθη),
859 1319 919 1383 ἀλλ’
948 1324 990 1391 ὡς
1016 1323 1173 1405 δυνάμενος
1201 1320 1276 1384 αὐτὰ
1301 1321 1456 1406 λαμβάνειν
1479 1319 1523 1383 τό·

224 1441 255 1485 ιο
268 1449 324 1495 πος
345 1425 442 1489 αῦτιῦν
470 1424 504 1488 ἂν
526 1423 571 1508 εἴη
601 1425 719 1507 δυνάμει
746 1424 819 1486 κατὰ
841 1426 934 1486 τοῦτο.
980 1426 1028 1487 καὶ
1055 1429 1183 1493 τοιοῦτος
1210 1424 1262 1506 μὲν
1289 1423 1305 1485 ό
1329 1424 1425 1491 ῦλικδς
1447 1427 1523 1497 νοῦς,

268 1531 285 1592 ὁ
310 1529 343 1592 δὲ
364 1531 405 1598 ὡς
427 1527 484 1597 ἐξις
505 1526 658 1611 λεγόμενος
680 1525 756 1595 εἶδός
778 1525 838 1589 ἐστι
861 1526 922 1608 [καὶ
936 1526 1066 1609 δύναμις]
1090 1528 1137 1591 καὶ
1159 1526 1304 1610 τελειότης
1326 1526 1438 1602 τούτου,
1460 1527 1522 1610 ἥτις
1536 1543 1563 1584 α’)

270 1631 328 1701 ἕξις
355 1630 386 1693 ἐν
413 1629 494 1715 αῦτιγῦ
521 1630 625 1713 γίνεται
651 1626 685 1691 ἔκ
712 1650 743 1690 τε
770 1632 822 1711 τῆς
847 1632 898 1692 τοῦ
925 1630 1053 1694 καθόλου
1079 1631 1261 1714 περιλήψεως
1287 1630 1335 1692 καὶ
1357 1629 1391 1692 ἐκ
1413 1632 1463 1691 τοῦ
1486 1629 1521 1692 τὰ

269 1732 336 1816 εἴδη
358 1733 492 1818 χωρίζειν
514 1731 573 1794 άπδ
595 1736 648 1815 τῆς
670 1731 741 1814 ῦλης
763 1729 944 1815 [δόνασθαι],
973 1732 992 1795 ἃ
1013 1730 1117 1816 τρόπον
1139 1732 1201 1795 τινὰ
1221 1730 1311 1797 ταῦτά
1336 1731 1412 1796 ἐστιν
1435 1732 1521 1855 ηἰλλή-
1554 1734 1559 1743 '

269 1839 307 1899 λ
288 1860 342 1905 ι
387 1835 405 1899 ὅ
426 1859 458 1898 τε
479 1834 532 1919 γὰρ
560 1834 592 1896 τὸ
615 1831 692 1901 εἶδός
717 1855 793 1902 τινος
814 1834 906 1918 χωρὶς
932 1858 985 1918 της
1012 1836 1082 1919 ῦλης
1108 1836 1205 1921 λαβὼν
1232 1833 1295 1920 ἔχει
1317 1835 1350 1898 ιδ
1371 1832 1465 1898 κοινόν
1488 1857 1520 1897 τε

224 1956 255 2001 15
269 1941 322 2004 καί
349 1938 479 2003 καθόλου
511 1936 543 2020 (δ
570 1936 624 2019 γὰρ
650 1936 683 1998 τδ
710 1934 785 2005 εἶδος
811 1940 863 2000 τοῦ
890 1938 1049 2022 ἀνθρώπου
1082 1939 1179 2022 λαβὼν
1210 1938 1301 2022 χωρὶς
1327 1941 1386 1999 τῦνν
1414 1937 1521 2000 δλυιῶν

267 2044 468 2127 περιστάσεων
496 2037 631 2125 ἔχειτὸν
654 2039 747 2101 κοινὸν
774 2037 943 2165 ἄνθρωπον·
977 2066 996 2125 η
1019 2040 1073 2124 γαρ
1096 2046 1153 2102 τῶν
1182 2039 1295 2103 καθ’”
1278 2059 1387 2103 εκαστα
1408 2022 1519 2123 ἀνθρώ·
1533 2056 1562 2098 ιο

267 2171 333 2208 πων
356 2145 427 2229 πρδς
449 2144 594 2226 άλληλους
616 2140 739 2225 διαφορὰ
765 2141 843 2224 παρὰ
863 2146 916 2225 τῆς
942 2143 1013 2226 ῦλης
1035 2165 1157 2225 γινετοιι,
1184 2144 1248 2207 ἐπεὶ
1270 2146 1306 2206 τά
1327 2165 1360 2226 γε
1386 2139 1449 2226 ειοη
1472 2142 1520 2205 αῦ-

267 2253 344 2323 τῶν,
366 2245 436 2311 καθ’
464 2246 484 2309 ἅ
505 2246 574 2308 εἰσιν
597 2242 761 2327 ἄνθρωποι,
783 2243 918 2341 οὐδεμίαν
941 2243 1007 2330 ἔχει
1028 2245 1196 2330 διαφοράν),
1223 2244 1241 2308 ό
1262 2269 1293 2309 τε
1314 2247 1347 2309 τδ
1370 2247 1463 2309 κοινδν
1486 2248 1519 2309 τδ

269 2351 320 2414 ἐπὶ
350 2355 409 2419 τοῖς
431 2346 499 2412 καθ’
528 2346 637 2409 ἕκαστα
664 2348 785 2410 συνιδὼν
813 2347 846 2410 τὸ
869 2345 945 2416 εἶδος
967 2349 1052 2411 πάλιν
1079 2349 1170 2434 χωρίς
1198 2353 1251 2433 τῆς
1277 2350 1348 2432 ῦλης
1369 2349 1518 2434 λαμβάνει.

220 2470 253 2515 2⁰
267 2457 354 2518 τοῦτο
375 2452 429 2537 γὰρ
453 2452 483 2515 ἐν
505 2450 603 2517 αὐτοῖς
624 2449 658 2511 τδ
680 2448 775 2512 κοινόν
802 2473 833 2513 τε
855 2451 904 2513 καὶ
925 2449 1039 2514 ταύτόν.
1083 2451 1221 2534 ἐγγίνεται
1244 2453 1277 2515 δὲ
1302 2476 1321 2535 η
1344 2453 1442 2515 τοιάδε
1464 2452 1519 2522 ἕξις

265 2562 311 2641 τῷ
338 2561 380 2640 νῷ
408 2556 461 2638 τὴν
488 2553 584 2638 ἀρχὴν
612 2551 686 2614 κατὰ
713 2553 869 2637 μετάβασιν
900 2554 959 2617 ἀπὸ
985 2559 1036 2638 τῆς
1064 2556 1128 2638 περὶ
1156 2555 1192 2618 τὰ
1221 2554 1348 2639 αἰσθητὰ
1376 2559 1519 2640 συνεχοῦς

267 2659 410 2744 ἐνεργείας
426 2659 525 2739 ὥσπερ
548 2652 612 2740 ὄψιν
627 2654 689 2717 τινὰ
710 2653 759 2717 ἀπ’
780 2654 876 2718 αὐτῶν
898 2657 1093 2742 λαμβάνοντος
1114 2661 1165 2720 τοῦ
1181 2656 1309 2721 καθόλου
1324 2658 1517 2742 θεωρητικήν,

266 2762 283 2826 ὃ
307 2757 368 2826 κατ’
397 2759 492 2844 ἀρχὰς
519 2759 570 2841 μὲν
592 2756 689 2841 νόημα
714 2758 762 2821 καὶ
789 2755 883 2822 ἔννοια
905 2762 1048 2836 καλεῖται,
1076 2763 1236 2824 πλεονάσαν
1264 2761 1296 2823 δέ
1318 2763 1366 2824 καὶ
1388 2761 1516 2825 ποικιλον
1531 2777 1557 2820 45

267 2866 316 2928 καὶ
339 2863 518 2947 πολότροπον
541 2859 701 2944 γινόμενον,
730 2863 770 2929 ὡς
792 2860 932 2925 δόνασθαι
958 2864 1006 2926 καὶ
1029 2864 1120 2948 χωρὶς
1141 2868 1194 2946 τῆς
1215 2863 1388 2947 αἰσθητικης
1409 2856 1547 2949 ὑποβά-Ι

222 2984 252 3029 25
266 2968 339 3053 θρας
360 2972 454 3030 ποιεῖν
476 2969 571 3041 τοῦτο,
593 2967 660 3031 νοῦς
681 2962 750 3047 ἤδη.
794 2961 862 3027 όταν
884 2964 938 3048 γὰρ
966 2964 995 3027 ἐν
1019 2965 1076 3036 ἐξει
1097 2965 1213 3049 γένηται
1239 2965 1286 3029 διὰ
1307 2966 1359 3035 τὰς
1381 2972 1515 3051 συνεχεῖς

266 3071 411 3155 ἐνεργείας
433 3067 564 3152 τοιαύτη,
590 3069 632 3136 ὡς
654 3065 691 3130 δι’
719 3065 808 3129 αὐτοῦ
830 3068 929 3129 λοιπὸν
952 3069 1076 3151 ἐνεργεῖν
1099 3067 1249 3148 δύνασθαι,
1272 3067 1337 3131 τότε
1359 3069 1375 3131 ό
1399 3073 1439 3138 ὡς
1461 3070 1516 3139 ἕξις

210 3210 346 3264 Intellects
364 3210 426 3262 aber
444 3207 531 3259 nichis
555 3205 593 3258 cls
611 3204 654 3256 dic
677 3204 741 3271 (von
759 3204 855 3256 diesem
874 3204 1008 3257 Zustandc
1030 3207 1066 3258 ist
1087 3205 1128 3258 icir
1146 3205 1196 3258 dcn
1214 3205 1339 3258 Intellect·
1353 3206 1430 3260 λείου
1449 3206 1568 3275 [andere]

210 3296 380 3364 Vorstellung
399 3295 437 3347 als
456 3295 498 3346 dic
517 3292 572 3359 der)
591 3293 781 3360 Vcrbcreituug
804 3308 862 3344 zum
882 3292 1024 3346 Eintrcffcn
1043 3293 1088 3346 θοι
1106 3291 1202 3346 Schriit
1219 3293 1266 3346 auf
1283 3294 1430 3359 dcrsclbcn,
1449 3296 1503 3348 und
1522 3297 1569 3349 wic

209 3385 253 3437 dic
273 3381 424 3437 oberflcchc
443 3382 488 3435 dcr
506 3379 579 3434 Tcicl
598 3378 707 3433 afficicrt
724 3378 796 3443 vird,
814 3395 889 3432 wcnn
907 3379 1000 3432 darauf
1015 3380 1182 3448 geschricben
1200 3382 1272 3455 wird.
1342 3381 1358 3432 7
1378 3386 1458 3434 πᾶσαν
1477 3381 1568 3452 αυτὴν]

208 3473 252 3524 dic
271 3469 363 3523 Scclc
382 3469 464 3523 selbst
553 3466 585 3520 13
604 3465 718 3519 ταῦτά..
737 3464 865 3535 ἀλληλοις]
885 3484 918 3519 zu
935 3468 1060 3520 einander
1077 3470 1215 3537 passcnd
1311 3468 1411 3520 17-18
1430 3468 1568 3522 ἐπεὶ-δια-

208 3557 301 3631 φοράν]
323 3573 400 3625 wenc
417 3557 503 3620 nicht,
527 3571 557 3608 sc
575 3552 680 3607 wirden
698 3554 754 3606 ihre
773 3554 896 3619 Formcn‚
917 3555 996 3607 durch
1017 3556 1110 3608 welche
1132 3557 1170 3609 sic
1187 3558 1326 3610 Mcnschen
1345 3557 1417 3620 sind,
1440 3556 1568 3609 durchaus

207 3647 280 3700 ohne
296 3643 468 3699 Unterschicd
486 3644 543 3696 scin
625 3641 726 3694 18-19
745 3640 760 3695 ὅ
776 3642 957 3711 τι-συνιδὼν]
977 3642 1023 3712 [zu
1042 3643 1115 3712 wem]
1135 3643 1180 3696 der
1198 3644 1454 3712 gemeinschaftliche
1472 3645 1571 3713 Bcgriii

207 3733 327 3802 golangt,
344 3731 453 3784 welcher
470 3747 518 3784 aus
537 3731 587 3783 den
605 3729 762 3783 individucn
781 3732 903 3795 υιιιιιελιι,
922 3745 950 3783 sc
969 3730 1030 3783 dass
1048 3748 1076 3783 cr
1093 3732 1139 3783 ibn
1157 3732 1186 3783 in
1206 3730 1250 3783 σοι
1267 3730 1339 3784 Seelc
1357 3731 1463 3784 iesthcli

208 3821 243 3874 20
260 3818 367 3888 τοῦτόν]
386 3832 566 3886 mommsen,
584 3817 699 3869 conform
783 3816 816 3869 θ’)
835 3824 895 3886 post
913 3818 1034 3889 ἐνεργείας
1052 3818 1136 3871 addit:
1156 3818 1200 3871 des
1220 3818 1350 3872 Intelleccs
1432 3819 1466 3871 *23
1485 3819 1568 3890 νόημα

206 3909 252 3960 καὶ
270 3905 363 3974 ἔννοια]
383 3905 503 3958 Einsicht
520 3904 574 3957 und
593 3904 784 3958 Wissenschaft
893 3905 997 3959 23-25
1025 3905 1268 3976 πλεονάσαν-ἤδη]
1292 3922 1366 3959 wenc
1385 3923 1413 3959 cs
1432 3909 1567 3972 αυιιίιυοιι,

206 3996 263 4049 und
286 3996 346 4048 cine
365 3993 522 4061 Gestaltung
543 3992 672 4044 annimmt
693 3993 748 4045 und
772 3994 827 4046 sich
852 3995 988 4063 verzweigt
1010 3995 1064 4046 und
1083 3994 1212 4062 ausgcibt
1235 3993 1311 4058 wird,
1335 4008 1363 4046 sc
1382 3994 1441 4046 dass
1465 4012 1492 4047 cs
1511 3996 1565 4047 sich

206 4083 384 4150 beicstigt,
402 4096 444 4132 um
464 4081 522 4132 scin
539 4080 616 4132 Τθυιι
635 4080 703 4133 ohnc
717 4080 923 4151 Unterstfitzung
941 4083 986 4134 der
1004 4081 1151 4134 sinnlichen
1164 4081 1275 4149 Bcgriffe
1293 4080 1476 4146 auszuifihrcn,
1495 4081 1566 4134 dcun

205 4172 313 4224 θείνει
332 4186 361 4222 οε
379 4167 499 4220 Intellcct
582 4166 615 4219 ‘26
634 4165 837 4237 ὡς-δόνασδαι]
856 4169 917 4222 (λιιι
935 4185 962 4221 er
980 4169 1035 4221 sich
1054 4168 1168 4221 dadurch
1188 4168 1330 4237 beicstigcn
1348 4168 1428 4234 kann,
1444 4169 1563 4221 wihrcnd
1661 4226 1667 4235 ,

204 4276 233 4312 ετ
249 4257 294 4310 fir
313 4256 368 4309 sich
387 4254 562 4323 cbgcscndert
580 4255 623 4319 ist,
641 4269 670 4307 sc
688 4255 749 4308 dass
767 4271 795 4308 cr
813 4257 885 4309 scine
903 4256 1033 4324 Wirkung
1051 4256 1168 4310 ιυεῦδειι
1185 4256 1265 4308 kann.

203 4379 278 4434 Ην
293 4377 386 4431 addidi
491 4375 587 4429 coci*
608 4374 639 4428 ἂν
657 4377 764 4446 scripsi:
782 4375 899 4431 οῦδὰνλί
1005 4377 1098 4447 πάσχοι
1115 4378 1220 4445 scripsi:
1239 4378 1372 4450 πάοχιιλί
1483 4374 1566 4435 οὕτως

203 4465 368 4522 mcccc
405 4462 460 4517 occ·
482 4463 699 4537 ἂνπᾶσχοιτιο
801 4463 968 4533 ὅμοιαι
1072 4463 1249 4519 ξοιιεεεεῦπὸ
1355 4463 1488 4517 δοθοιιι.
1507 4465 1548 4517 Kc

201 4557 285 4607 αυτοῦ
305 4542 341 4605 V':
360 4550 473 4605 αῦτοῦυ
579 4550 594 4603 9
613 4549 727 4622 ἐδείχθη]
746 4550 825 4618 84,15
935 4553 963 4603 ll
986 4552 1118 4622 ,περὶτοῦ
1137 4552 1163 4604 ἐν
1182 4549 1229 4612 ἕξει
1246 4554 1315 4604 νοῦ“.
1352 4550 1365 4604 δ
1384 4551 1411 4604 δὲ
1429 4552 1469 4604 Va

205 4639 338 4706 11-86,6
366 4638 424 4692 δδέ
442 4637 648 4708 τός-νοήματα]
672 4638 704 4691 ci.
727 4639 769 4691 Ρε.
788 4638 863 4692 Alex.
887 4640 915 4692 in
938 4639 1316 4707 mec.Ar.671,28-672‚16
1342 4642 1368 4693 ct
1390 4638 1564 4691 Freudcnthal

201 4724 693 4794 Ach.d.sserl.Ac.1884p.24sq.
802 4724 1283 4794 11ααὶδόναμιςιίολΕιευόοιιθιυλ
1391 4724 1422 4778 13
1447 4723 1564 4777 δόνασθαι

199 4816 255 4869 δελ.
274 4814 368 4868 Prcud.
478 4813 509 4866 16
529 4810 672 4884 ἀνθρώπων
690 4828 740 4865 οιιι.
759 4813 802 4866 Ps.
820 4813 862 4865 Al.
881 4813 931 4865 dcl.
951 4813 1123 4867 Freudcnthal
1225 4813 1258 4868 22
1276 4813 1385 4870 fortasse
1403 4811 1564 4884 λαμβάνοντι,

200 4902 249 4957 sed
268 4902 303 4955 ci.
319 4900 407 4954 15213
513 4898 697 4973 θιωριτιαίγνιι
803 4900 836 4954 ’26
854 4899 957 4975 τοιαότη
975 4901 1016 4954 Ka
