3548 5604
659 330 803 390 BIBAION
821 329 1003 388 ΔΕΥΊῈΡΟΝ
1022 334 1122 386 20-21
1531 333 1573 398 65

269 528 336 567 των.
380 506 599 590 μεταβάλλοντα
621 504 647 568 δ’
669 505 699 575 ἐξ
722 507 763 568 ὧν
785 511 875 568 ταῦτα
897 505 933 569 τὰ
955 510 1078 587 σώματα
1099 504 1204 587 (ταῦτα
1228 503 1253 568 δ’
1275 503 1310 587 ἦν
1333 504 1370 568 τὰ
1392 508 1525 588 στοιχεῖα

270 609 437 692 σωζόμενα)
463 608 562 672 λύεταί
583 632 614 671 τε
638 607 688 671 ἀπ’
716 608 851 691 ἀλλήλων
879 609 1076 693 ἀσυμμετρίας
1097 609 1171 677 τινὸς
1198 608 1229 670 ἐν
1252 607 1347 676 αὐτοῖς
1370 607 1521 691 γινομένης

268 715 311 795 τῷ
334 713 575 796 πλεονεκτήσαντι
601 711 631 781 ἐξ
653 710 749 774 αὐτῶν
776 710 826 794 (ού
852 713 907 797 γὰρ
930 713 1048 795 δύναμιν
1077 710 1198 797 ἔχοντα,
1227 709 1298 775 ὥστ’
1327 709 1372 774 ἐπ’
1401 711 1518 795 ἄπειρον
1534 726 1561 768 ιο

269 814 321 897 τὴν
344 815 477 899 τοιαύτην
505 815 681 898 συμμετρίαν
709 815 898 898 φυλάσσειν),
925 817 973 878 καλ
1001 813 1076 879 ἔστιν
1099 817 1118 899 ἧ
1143 837 1173 877 τε
1200 821 1258 877 τῶν
1282 813 1367 900 ζῴων
1395 816 1442 877 καὶ
1464 819 1522 876 τῶν

234 935 250 984 5
270 915 366 980 ἄλλων
389 923 447 981 τῶν
464 918 610 982 συνθέτων
633 919 779 1000 σωμάτων
800 919 898 1003 φθορὰ
913 917 1047 1002 γινομένη
1070 920 1111 987 εἰς
1134 920 1185 1003 τὴν
1208 923 1266 981 τῶν
1282 919 1435 1002 στοιχείων
1458 919 1524 980 ἀνά·

270 1024 362 1096 λυσιν,
385 1021 415 1090 ἐξ
438 1024 478 1084 ὧν
501 1021 575 1085 κατὰ
597 1022 773 1105 συμμετρίαν
796 1021 858 1084 τινὰ
880 1023 932 1105 τὴν
955 1023 1027 1106 πρὸς
1046 1022 1161 1106 οίλληλα
1183 1026 1241 1084 τῶν
1264 1023 1415 1106 στοιχείων
1438 1046 1457 1103 η
1481 1019 1524 1103 γέ·
1540 1036 1566 1077 ιο

268 1124 345 1192 νεσίς
366 1148 398 1187 τε
419 1124 516 1188 αὐτῶν
539 1126 586 1188 καὶ
609 1128 628 1209 ἡ
652 1125 796 1193 σύστασις.
839 1126 886 1188 καὶ
909 1125 926 1186 ό
948 1124 1056 1208 κόσμος
1078 1126 1111 1189 δὲ
1137 1131 1194 1188 τῶν
1217 1123 1251 1188 ἔκ
1273 1149 1356 1187 τινων
1379 1126 1524 1207 σωμάτων

269 1227 396 1311 ἐνεργείᾳ
420 1227 510 1291 ὄντων
526 1229 599 1291 κατὰ
621 1228 790 1313 μεταβολήν.
805 1252 868 1291 τινα
887 1228 1001 1311 γέγονεν
1024 1227 1047 1310 †
1070 1231 1157 1312 δῆλον
1181 1228 1224 1291 ότι
1240 1228 1275 1291 τὰ
1292 1231 1414 1310 σώματα
1429 1228 1525 1290 ἐκεῖνα

269 1333 393 1402 σώζεται
416 1330 446 1392 ἐν
470 1329 566 1415 αὐτῷ,
594 1331 635 1393 ὧν
659 1332 732 1394 κατὰ
756 1332 919 1416 μεταβολὴν
941 1333 961 1416 ἡ
984 1332 1093 1413 γένεσις
1114 1331 1220 1406 αὐτῶν,
1245 1330 1399 1413 σωζόμενα
1421 1331 1453 1395 δὲ
1476 1333 1523 1394 καὶ
1537 1346 1566 1389 ευ

218 1454 250 1501 10
268 1434 412 1517 δυνάμενα
428 1435 568 1503 κάκείνως
583 1432 673 1519 ἔχειν,
698 1438 738 1503 ὡς
758 1433 865 1520 ἔχοντα
881 1436 1070 1520 μεταβάλλειν
1093 1437 1133 1505 εἰς
1155 1437 1188 1498 τὸ
1204 1434 1313 1518 κόσμος
1332 1433 1414 1511 εἶναι,
1437 1437 1522 1497 πάλιν

271 1537 305 1600 ἂν
337 1538 527 1622 μεταβάλλοι,
563 1539 605 1606 εἰς
635 1538 668 1601 θν
699 1540 914 1625 μεταβαλλοντα
942 1538 1038 1602 οὐκέτ’
1070 1538 1104 1602 ἂν
1138 1541 1154 1601 ό
1186 1538 1294 1621 κόσμος
1325 1536 1387 1620 εἴη,
1418 1537 1518 1622 ὥσπερ

269 1641 384 1726 όριῖιμεν
415 1643 631 1727 μεταβάλλοντα
652 1644 688 1705 τοί
710 1664 741 1705 τε
772 1643 852 1705 ἁπλᾶ
875 1645 998 1725 σώματα
1021 1643 1062 1711 εἰς
1092 1641 1206 1724 ἄλληλα
1228 1646 1330 1725 πρῶτα
1357 1640 1436 1723 γῆν
1457 1640 1523 1702 όπο-

271 1743 405 1828 κειμένην
428 1744 526 1813 αὐτοῖς
549 1745 619 1828 ύλην
641 1744 713 1808 εἶναι
735 1747 867 1829 δεκτικὴν
889 1751 948 1808 τῶν
964 1745 1184 1809 εἰδοποιούντων
1207 1744 1242 1807 τὰ
1264 1749 1366 1827 πρῶτοι
1388 1746 1522 1825 σώματα,

269 1848 317 1909 καὶ
340 1847 375 1910 τὰ
398 1847 537 1923 σύνθετα,
566 1846 570 1934 ί
599 1847 667 1911 όταν
694 1850 712 1933 ἦ
740 1849 785 1913 διὰ
815 1851 868 1933 τὴν
891 1849 976 1932 φύσιν
1004 1850 1023 1932 ἢ
1047 1850 1095 1912 διά
1121 1872 1183 1910 τινα
1204 1845 1313 1916 ἔξωθεν
1341 1847 1507 1930 περίστασιν
1531 1852 1576 1909 122

218 1971 248 2018 15
268 1949 449 2034 ἐπικρατήσῃ
471 1975 498 2014 τι
521 1952 551 2014 ἐν
571 1950 679 2029 αὐτοῖς,
702 1954 718 2017 ὃ
741 1953 803 2016 λύει
825 1954 877 2036 τὴν
898 1954 1074 2037 συμμετρίαν
1097 1951 1192 2014 αὐτῶν
1216 1953 1286 2035 πρὸς
1302 1950 1425 2033 ἂλληλα,
1448 1948 1515 2013 καθ’

270 2054 306 2137 ἢν
328 2054 360 2116 τὸ
384 2052 457 2117 εἶναι
480 2059 524 2140 τῷ
549 2055 680 2140 συνθέτιρ
703 2059 826 2138 σώματι.

269 2257 351 2321 XXI.
392 2255 465 2322 Ὅτι
488 2261 533 2345 μὴ
558 2261 646 2324 κατὰ
669 2262 1101 2347 συμβεβηκὸςήπρόνοια
1122 2263 1208 2325 κατὰ
1228 2258 1464 2345 Ἀριστοτέλη.
1548 2273 1562 2315 ⁶

356 2411 463 2502 [Ιρηίην
477 2412 556 2499 ἡμῖν
578 2417 734 2500 γινομένων
756 2419 828 2502 πρός
850 2419 916 2488 τοὺς
939 2419 1070 2503 ἑταίρους
1091 2420 1156 2502 περὶ
1179 2418 1314 2502 προνοίας
1335 2416 1444 2499 λόγων,
1472 2416 1520 2478 καὶ

270 2518 451 2600 πειρωμένου
476 2543 532 2602 μου
561 2521 716 2595 δεικνύναι,
747 2519 790 2583 ότι
813 2520 845 2584 τέ
867 2522 928 2585 ἐστι
956 2521 1029 2584 κατὰ
1053 2520 1240 2606 Ἀριστοτέλη
1267 2521 1325 2582 ἀπὸ
1353 2524 1410 2582 τῶν
1432 2518 1521 2582 θείων

214 2639 248 2686 20
267 2625 324 2682 τῶν
349 2622 463 2703 θνητῶν
486 2621 637 2705 ἐπιμέλειαί
654 2647 695 2692 τις
717 2625 764 2687 καὶ
780 2622 910 2708 πρόνοια,
933 2626 980 2687 καὶ
1003 2625 1054 2699 τίς,
1077 2626 1125 2687 καλ
1147 2625 1209 2687 τίνα
1231 2622 1365 2706 γινομένη
1388 2623 1436 2684 τὸν
1459 2619 1520 2705 τρό-
1536 2637 1563 2678 1⁰

269 2746 322 2785 πον
345 2721 426 2792 ὄντος
449 2725 566 2806 ἑτοίμου
589 2726 691 2808 λέγειν,
724 2725 789 2789 εἶπέ
812 2751 853 2796 τις
875 2733 934 2791 τῶν
962 2727 1111 2812 παρόντων
1135 2732 1249 2811 πρῶτον
1272 2725 1349 2795 ἄξιον
1371 2723 1444 2788 εἶναι
1469 2749 1520 2807 μα-

267 2827 344 2904 θεῖν,
373 2832 436 2895 πῶς
458 2828 668 2910 ἀποκρίνασθαι
697 2831 744 2892 δεῖ
763 2830 835 2912 πρὸς
861 2831 928 2900 τοὺς
949 2830 1134 2915 ἐρωτῶντας,
1165 2828 1274 2913 πότερα
1296 2829 1355 2913 χρὴ
1378 2851 1520 2912 προηγου·

269 2928 362 3011 μένως
385 2931 477 3012 λέγειν
499 2929 536 2993 τὰ
558 2931 626 2994 θεῖα
647 2934 740 2995 τῶνδε
762 2934 950 3016 προνοεῖσθαι
972 2932 1040 2995 καθ’
1068 2935 1161 3016 ἡμᾶς,
1188 2933 1207 3017 ἢ
1231 2931 1304 2995 κατὰ
1327 2931 1518 3016 συμβεβηκός.
1535 2947 1561 2988 ¹⁵

211 3152 245 3201 25
264 3135 387 3218 γομένην
414 3136 554 3217 γίνεσθαι,
581 3136 716 3220 πρόνοιαν
745 3139 819 3201 κατὰ
843 3138 1026 3224 συμβεβηκός
1048 3159 1118 3222 φασι
1144 3138 1274 3221 γίνεσθαι
1300 3137 1447 3220 λέγεσθαι.
1493 3137 1520 3199 εἰ

265 3239 297 3300 δὲ
319 3238 349 3300 ἐν
372 3243 474 3309 πᾶσιν,
505 3240 548 3308 οἷς
576 3241 775 3324 προστίθεται,
803 3244 835 3304 τὸ
859 3243 932 3305 κατὰ
961 3242 1145 3326 συμβεβηκὸς
1174 3246 1225 3305 τού
1252 3242 1293 3324 μὴ
1320 3241 1425 3323 κυρίως
1446 3239 1518 3304 εἶναι
1531 3257 1560 3299 ευ

266 3341 376 3410 τούτοις
399 3342 418 3405 ἂ
440 3343 552 3425 λέγεται
582 3343 703 3427 σημεῖόν
727 3345 801 3416 ἐστι,
829 3347 862 3408 τὸ
885 3347 918 3407 δὲ
948 3346 988 3428 μὴ
1012 3345 1119 3427 κυρίως
1146 3344 1177 3406 ὃν
1200 3344 1262 3407 οὐδ’
1291 3343 1322 3407 όν
1345 3368 1422 3412 πως.
1450 3342 1511 3407 οὐδ’

266 3442 299 3506 ἂν
321 3446 340 3527 ἡ
364 3446 437 3508 κατὰ
460 3447 645 3532 συμβεβηκὸς
667 3448 808 3531 λεγομένη
832 3447 951 3533 πρόνοια
973 3447 1021 3531 εἴη
1044 3447 1163 3531 πρόνοια
1182 3447 1254 3528 μετὰ
1277 3447 1410 3528 τοιαύτης
1432 3468 1517 3529 προσ-

265 3547 360 3631 θήκης
380 3549 532 3634 λεγομένη.
578 3551 652 3613 κατὰ
674 3551 856 3636 συμβεβηκός
878 3575 909 3614 τε
929 3552 982 3635 γὰρ
1005 3550 1184 3633 κείκινῆσθαι
1202 3550 1315 3632 λέγεται
1338 3550 1373 3612 τόι
1397 3551 1438 3633 μὴ
1462 3575 1500 3612 κι-
1523 3557 1568 3614 123

210 3669 244 3718 30
264 3652 388 3734 νούμενα
411 3655 517 3736 κυρίως
539 3677 570 3716 τε
593 3655 640 3717 καὶ
664 3651 731 3717 καθ’
760 3655 843 3731 αύτά,
867 3656 915 3718 καὶ
937 3654 1010 3717 κατὰ
1034 3655 1217 3739 συμβεβηκὸς
1239 3652 1316 3715 αἴτια
1339 3655 1390 3734 μὲν
1413 3657 1512 3728 ταῦτα,

263 3750 313 3838 ἀφ’
342 3754 383 3815 ὧν
407 3756 534 3838 μηδεμία
558 3758 704 3821 συντέλεια
727 3756 955 3841 προηγουμένως
982 3757 1053 3840 πρὸς
1074 3756 1110 3819 τὰ
1133 3758 1173 3817 ὧν
1200 3756 1278 3819 αίτια
1299 3754 1372 3818 εἶναι
1393 3755 1513 3837 λέγεται

264 3858 290 3920 εἰ
312 3858 348 3941 δὴ
365 3859 413 3921 καὶ
435 3861 487 3942 τἠν
504 3859 639 3944 πρόνοιαν
662 3861 735 3943 μετὰ
758 3861 863 3945 ταύτης
883 3862 1011 3942 γίνεσθαι
1036 3866 1087 3943 τῆς
1103 3861 1274 3944 προσθήκης
1290 3858 1420 3942 λέγομεν,
1445 3858 1515 3929 ἴσως
1541 3876 1555 3918 ι

262 3959 292 4028 ἐξ
315 3961 355 4022 ὧν
378 3961 500 4045 λέγομεν
528 3963 609 4026 αὐτοὶ
636 3965 701 4048 περὶ
725 3964 858 4047 προνοίας
885 3964 1050 4046 άναιροῖμεν
1079 3961 1113 4025 ἂν
1135 3962 1168 4024 τό
1194 3962 1267 4026 εἶναι
1293 3962 1345 4045 τὴν
1368 3960 1512 4045 πρόνοιαν.

262 4065 301 4132 ὡς
323 4064 378 4149 γὰρ
401 4067 452 4148 τὴν
469 4067 605 4152 κίβδηλον
629 4069 764 4152 δραχμὴν
787 4066 844 4151 οὐχ
867 4067 982 4130 οἷόντε
1005 4067 1139 4150 δραχμὴν
1162 4065 1234 4128 εἶναι
1257 4064 1348 4145 λέγειν
1371 4069 1412 4148 τῷ
1436 4065 1512 4128 ἀναι-

209 4184 243 4234 35
263 4168 375 4252 ρετικόν
401 4171 491 4252 αὐτῆς
517 4169 588 4233 εἶναι
616 4171 650 4233 τό
678 4172 900 4253 προσκείμενον,
930 4171 1023 4238 οὕτως
1049 4169 1117 4232 οὐδὲ
1144 4170 1196 4252 τὴν
1225 4167 1298 4231 κατὰ
1330 4169 1553 4253 συμβεβηκὸςιυ

210 4339 221 4390 l
242 4337 398 4409 μεταβάλλον
411 4342 476 4393 τὰν
548 4342 640 4412 ταῦτα]
659 4343 768 4395 sortasse
781 4347 856 4396 τοῦτο
928 4342 944 4394 3
963 4341 1053 4414 ἔχοντα
1068 4342 1192 4394 VFB¹S¹:
1215 4339 1268 4410 ἔχει
1280 4339 1346 4392 3²8²
1358 4339 1415 4407 Sp.:
1436 4338 1531 4409 ἔχεινα

205 4426 222 4477 4
242 4425 373 4494 φυλάσσειν
391 4428 496 4482 B¹s²Fa
514 4430 572 4498 Sp.:
592 4429 710 4498 φυλάσσει
720 4432 811 4484 VB¹S¹
883 4431 898 4482 7
922 4437 974 4483 τῶν
994 4431 1023 4482 ἐκ
1041 4431 1142 4482 VB¹S¹:
1164 4435 1216 4480 τῶν
1235 4430 1256 4480 εί
1274 4427 1369 4481 B²S²az
1392 4428 1421 4479 ἐκ
1443 4430 1521 4482 θῆσθε
1544 4431 1565 4482 εἰ

205 4512 235 4564 ἐκ
254 4512 298 4580 Sp.
388 4516 404 4567 8
429 4515 540 4584 γέγονεν]
563 4515 673 4585 γίνεσθαι
694 4517 710 4587 ίγ
733 4520 857 4587 γεγονέναι
877 4519 943 4570 vict.
1038 4518 1053 4569 9
1076 4517 1126 4582 ὧν]
1145 4515 1166 4587 ᾦ
1188 4536 1202 4568 ιι
1225 4516 1269 4584 Sp.
1366 4515 1462 4584 αὐτῶν]
1487 4517 1564 4569 αὐτοῦ

205 4599 333 4653 Schwartz
426 4605 457 4655 10
476 4590 578 4672 ὡς]ἐίς
599 4606 631 4655 τὰ
653 4607 687 4656 13²
769 4604 944 4674 μεταβάλλειν]
969 4604 1117 4675 μεταβάλλει
1135 4605 1191 4673 Sp.:
1216 4605 1324 4656 fortasse
1344 4603 1495 4671 μετέβαλλεν

208 4688 237 4738 ll
262 4687 302 4756 θν]
325 4690 357 4742 τὰ
376 4710 403 4742 a:
428 4692 535 4745 fortasse
558 4691 572 4743 θ
677 4692 757 4746 ὁόολ
780 4694 851 4746 Diels
962 4694 991 4745 12
1016 4699 1118 4765 πρῶτα·
1142 4711 1172 4762 ην
1197 4695 1234 4744 sic
1255 4697 1290 4742 V:
1319 4698 1407 4760 πρῶτα
1431 4692 1463 4759 ἢν
1484 4693 1562 4743 3¹5¹:

204 4781 293 4845 πρῶτα
312 4781 350 4845 tq]
369 4777 415 4848 τὴν
434 4778 516 4831 B²s⁹a
535 4780 579 4847 sp.
663 4781 694 4831 14
720 4782 764 4833 alt.
782 4781 798 4852 ἢ
818 4782 889 4835 sB²a
906 4782 965 4852 Sp.:
994 4784 1037 4834 καλ
1055 4783 1114 4834 B¹V
1204 4780 1237 4832 23
1261 4778 1429 4849 προνοεῖσθαι]
1450 4788 1562 4848 προνοεῖν

204 4869 256 4914 τῶν
278 4865 345 4917 coni.
366 4866 424 4933 Sp.:
439 4873 551 4936 προνοεῖν
572 4867 709 4932 Schwartz,
729 4869 822 4923 melius
922 4868 949 4873 “’
986 4870 993 4882 “
1013 4869 1096 4921 ”⁰²⁸
1115 4870 1171 4937 Sp.:
1191 4869 1212 4920 εἰ
1232 4870 1344 4921 VB¹S¹F
1444 4868 1475 4917 29
1495 4886 1562 4918 mt-

204 4948 306 5019 νῆσθαι]
331 4969 370 5021 pr.
389 4972 406 5004 ιι
425 4955 452 5005 in
472 4955 510 5006 lit.
531 4959 554 5006 V
644 4956 678 5008 35
704 4957 846 5026 προκιίμενι
1124 4956 1180 5023 Sp.:
1206 4956 1234 5008 τό
1253 4957 1311 5008 libri

257 5060 410 5110 θυρρλ.λτὶιι.
426 5058 473 5102 11¹2
501 5063 561 5102 Alex.
578 5064 656 5112 scripta
672 5064 759 5103 ωίιιοτε.
1340 5063 1360 5105 ί)
