3540 5610
217 323 259 387 34
693 321 898 377 ALEXANDRI
920 321 965 376 DE
988 321 1098 377 ANIMA

270 495 373 580 τρυφὴ.
418 494 452 558 οὐ
476 496 533 579 μὴν
556 499 629 559 πᾶν·
653 495 687 560 ού
709 496 763 582 γὰρ
785 498 842 559 πᾶν
865 495 898 559 τὸ
914 495 1093 581 μεταβάλλον
1116 496 1157 566 εἰς
1179 497 1212 560 τὸ
1236 497 1361 561 ἐναντίον
1385 495 1442 581 ἤδη
1458 495 1519 580 τρέ-

269 621 331 682 φειν
359 597 431 662 αὐτὸ
458 597 583 662 δύναται.
625 599 658 661 τὸ
685 603 753 681 γοῦν
781 598 830 668 ὀξὺ
860 598 903 667 είς
928 597 962 661 τὸ
988 598 1060 683 βαρὺ
1090 598 1263 684 μεταβάλλει
1289 601 1338 662 καὶ
1365 603 1450 662 τοῦτο
1476 598 1519 668 εἰς

269 701 362 763 ἐκεῖνο
389 701 492 763 καὶτὸ
515 701 733 786 ἀσχημάτιστον
759 701 800 770 εἰς
827 701 860 763 τὸ
884 701 1136 785 ἐσχηματισμένον
1165 701 1212 764 καὶ
1239 702 1273 763 τὸ
1296 702 1399 765 λευκὸν
1421 701 1462 771 εἰς
1476 701 1518 764 τὸ
1531 717 1561 759 ιο

270 802 369 884 μέλαν,
392 800 452 866 ἀλλ’
480 802 514 865 ού
530 803 577 866 διὰ
598 807 683 866 τοῦτο
706 802 763 888 ἤδη
779 802 913 888 τρέφεται
935 803 982 867 καί
999 802 1113 873 αύξεται
1137 805 1177 867 ὧν
1199 804 1380 888 ὴμεταβολὴ
1402 805 1518 888 χεήονεν

240 905 309 973 σείς
330 906 472 970 τάναντία.
517 905 577 968 ἀλλ’
605 905 667 971 ἔστι
693 909 784 969 ταῦτα
809 910 868 968 τῶν
895 906 1029 970 ἐναντίων
1055 906 1164 990 τροφὴ,
1192 905 1211 969 ἂ
1239 907 1454 990 μεταβάλλοντα
1475 906 1517 976 εἰς

266 1008 303 1072 τὰ
324 1008 437 1071 ἐναντία
458 1005 554 1076 αὔξειν
577 1008 693 1072 δύναται
714 1008 750 1071 τὰ
772 1008 814 1077 εἰς
836 1007 855 1071 ἃ
876 1008 1066 1094 ὴιμεταβολὴ
1088 1008 1202 1091 χέχυνεν
1224 1006 1330 1078 αὐτοῖς.
1376 1008 1517 1094 αύξητικὰ

265 1111 297 1173 δέ
312 1110 347 1173 τὰ
364 1113 501 1195 σώματα·
528 1110 531 1195 ί
555 1111 678 1196 δεῖᾶρα
698 1113 750 1195 τὴν
767 1111 876 1195 τροφὴν
898 1110 1023 1174 ἐναντίον
1038 1135 1070 1174 τε
1086 1110 1158 1174 εἶναι
1180 1111 1330 1195 καὶσῶμα
1352 1109 1425 1174 ἄλλο
1446 1116 1498 1175 τοῦ
1518 1127 1571 1172 mv

265 1213 454 1297 τρεφομένου.
499 1215 552 1278 οὐκ
579 1214 605 1276 εἰ
627 1213 679 1297 τὴν
707 1214 816 1298 τροφὴν
846 1213 879 1276 δέ
905 1214 949 1276 δεῖ
971 1213 1104 1299 τοιαύτην
1134 1213 1206 1278 εἶναι
1235 1216 1275 1282 ὡς
1306 1213 1447 1278 δύνασθαι
1468 1236 1516 1280 συ·

264 1315 388 1391 ναύξειν,
419 1315 476 1400 ὴδη
500 1319 548 1380 καὶ
570 1320 627 1379 πάν
655 1316 688 1378 τὸ
711 1313 847 1383 συναύξύν
874 1338 900 1378 τι
923 1318 964 1385 ὡς
985 1316 1078 1401 τροφὴ
1102 1315 1241 1385 συναύξει.
1287 1315 1323 1379 τὰ
1344 1321 1412 1398 χοῦν
1435 1318 1514 1382 ἁπλᾶ

224 1433 251 1476 10
264 1422 321 1479 τῶν
345 1421 505 1502 σωμάτων,
536 1419 555 1483 ἃ
582 1423 712 1504 στοιχεῖα
739 1422 899 1502 καλοῦμεν,
931 1418 1097 1489 συναύξεται
1126 1419 1177 1503 μὲν
1201 1418 1257 1481 ύπθ
1285 1424 1343 1482 τῶν
1370 1420 1412 1489 εἰς
1438 1420 1513 1484 αὐτὰ

267 1521 516 1604 μεταβαλλόντων,
540 1521 573 1584 ού
597 1522 654 1606 μὴν
679 1524 720 1590 ὡς
742 1520 798 1584 ὑπὸ
821 1526 939 1607 τροφῆς.
984 1522 1145 1605 κοινότερον
1166 1522 1221 1606 γὰρ
1244 1521 1357 1605 λέγεται
1378 1525 1411 1586 τὸ
1436 1523 1513 1608 ὕδωρ

264 1623 335 1687 εἶναι
357 1625 450 1709 τροφὴ
473 1629 518 1710 τῷ
540 1624 621 1709 πυρί·
646 1622 720 1707 μύνα
742 1623 796 1709 γὰρ
819 1624 925 1708 κυρίως
945 1624 1079 1709 τρέφεται
1101 1623 1137 1686 τὰ
1159 1624 1211 1708 τὴν
1234 1626 1391 1710 θρεπτικὴν
1414 1627 1513 1712 ψυχὴν
1539 1643 1554 1684 ι

264 1725 384 1812 ἔχοντα·
418 1728 451 1790 τὸ
473 1727 527 1811 γὰρ
549 1726 662 1812 τρέφειν
684 1726 798 1810 ταύτης.
843 1728 887 1790 διὸ
910 1732 967 1790 τῶν
989 1727 1113 1812 ἀψύχων
1136 1725 1219 1790 οὐδὲν
1240 1727 1393 1813 τρέφεται,
1416 1729 1443 1792 εἰ
1465 1731 1513 1793 καὶ

263 1828 389 1899 αὔξεται.
438 1830 486 1893 καὶ
513 1830 605 1899 ούτως
632 1829 685 1912 μὲν
711 1831 731 1913 ὴ
759 1830 851 1915 τροφὴ
879 1831 912 1892 τὸ
940 1829 1076 1893 ἐναντίον.
1125 1830 1145 1912 ὴ
1172 1828 1226 1914 γὰρ
1253 1815 1355 1915 πρώτη
1382 1831 1540 1927 τοιαύτη.Ι

224 1948 249 1991 15
262 1934 338 1996 καθὸ
362 1933 393 1995 δὲ
416 1932 464 1995 καὶ
487 1933 519 1994 ri
542 1931 783 2016 πρυσκρινύμενον
806 1932 863 2017 ἤδη
884 1932 989 2018 τροφὴ,
1012 1931 1210 2016 προσκρίνεται
1232 1932 1265 1995 δέ
1286 1933 1319 1995 τὸ
1342 1932 1442 2017 ὅμοιον
1464 1939 1506 2019 τῷ

262 2037 366 2121 ύμοίιρ,
388 2035 462 2099 κατὰ
483 2038 567 2097 τοῦτο
589 2036 675 2097 πάλιν
697 2036 730 2098 τὸ
749 2034 849 2118 ὅμοιον
871 2035 978 2120 τρέφει.
1002 2039 1111 2119 τροφῆς
1129 2035 1193 2118 γάρ,
1217 2035 1257 2104 ὥς
1272 2055 1369 2120 φασιν,
1391 2037 1424 2098 τὸ
1447 2035 1509 2119 τρέ-

263 2162 317 2224 φον
340 2140 443 2223 τροφὴ,
466 2136 570 2222 τρέφον
592 2138 680 2201 δὲτὸ
702 2137 952 2222 προσκρινύμενον,
978 2141 1106 2200 τοιοῦτον
1129 2137 1216 2200 δὲτὸ
1240 2137 1430 2222 ὁμοιούμενον
1452 2138 1511 2223 ἤδη

259 2246 301 2327 τῷ
325 2239 503 2326 τρεφομένῳ.
549 2239 593 2303 ὅτι
623 2240 655 2304 δέ
677 2241 709 2303 τὸ
732 2238 801 2325 ἔχον
829 2241 881 2325 τὴν
910 2240 1067 2324 θρεπτικὴν
1095 2240 1195 2323 ψυχὴν
1218 2239 1353 2326 τρέφεται
1380 2242 1428 2305 καὶ
1456 2240 1510 2305 οὐκ

218 2462 245 2506 ἰο
258 2450 309 2510 τοῦ
332 2446 508 2532 τρεφομένου
540 2450 638 2530 μεῖξον
666 2447 718 2528 μὲν
746 2446 881 2531 ἑκάτερον
909 2445 1005 2509 αὐτῶν
1032 2444 1173 2509 δύνασθαι
1200 2444 1336 2528 λέγεσθαι
1361 2446 1508 2530 γεγονέναι

258 2550 383 2634 (ὁμοίων
404 2548 458 2634 γὰρ
482 2547 572 2612 ὅντων
594 2548 739 2633 ἑκατέρων
761 2548 977 2631 ούδένμᾶλλυν
999 2546 1065 2610 τάδε
1085 2551 1182 2629 μεῖζον
1206 2546 1240 2611 ἂν
1263 2548 1293 2611 ἐν
1313 2552 1352 2633 τῇ
1374 2550 1510 2615 συνθέσει

219 2709 226 2727 ,
257 2653 374 2735 γεγονὸς
396 2650 473 2735 εἴη),
499 2652 664 2736 τεθράφθαι
687 2652 788 2714 δὲκαὶ
811 2652 858 2714 διὰ
880 2655 989 2736 τροφῆς
1016 2649 1163 2735 ηύξὴσθαι
1185 2651 1218 2713 τὸ
1241 2651 1294 2734 μὲν
1316 2650 1350 2715 ἐκ
1372 2658 1425 2736 τὴς
1445 2676 1508 2737 τρο-

258 2761 316 2841 φὴς
339 2755 556 2840 μεταβεβληκὸς
585 2755 626 2837 μὴ
650 2753 789 2817 δύνασθαι
810 2752 963 2836 λέγεσθαι,
991 2753 1083 2816 ἐκεῖνο
1111 2752 1143 2815 δὲ
1166 2749 1191 2837 ιβ
1214 2758 1300 2817 τοῦτο
1322 2756 1509 2838 προστίθεται

257 2858 359 2921 διὰτὸ
381 2858 430 2922 καὶ
458 2856 511 2940 τὴν
532 2854 694 2941 τρέφουσαν
722 2856 821 2941 ψυχὴν
848 2856 941 2920 ἐκεῖνο
964 2853 1059 2940 ἔχειν,
1086 2857 1202 2919 κάκεῖνο
1233 2857 1285 2941 μὲν
1307 2856 1507 2943 ἀμετάβλητον

216 2976 244 3020 νο
259 2959 367 3044 μένειν,
393 2960 447 3044 τὴν
469 2960 502 3023 δὲ
523 2958 633 3044 τρυφὴν
657 2957 910 3044 μεταβαλλομένην
939 2956 989 3021 ὑπ’
1016 2957 1107 3041 αὐτῆς
1129 2962 1182 3042 τὴς
1204 2960 1354 3044 δυνάμεως
1375 2961 1506 3046 προσκρί-

256 3063 357 3127 νεσθαι
378 3066 421 3147 τῷ
445 3061 571 3147 ἐμψύχῳ
593 3085 625 3125 τε
647 3063 695 3124 καὶ
718 3061 840 3144 μένοντι.
1523 3079 1550 3122 ιε

342 3162 401 3229 Καὶ
423 3168 551 3228 τοιοῦτον
574 3164 668 3248 μὲνὴ
691 3167 798 3249 τροφή·
830 3165 849 3248 ὴ
873 3164 905 3226 δὲ
926 3163 1000 3227 κατὰ
1021 3165 1054 3227 τὸ
1074 3163 1230 3248 τρέφεσθαι
1253 3164 1382 3249 ἐνέργεια
1403 3166 1508 3247 γίνεται

256 3273 309 3352 τὴς
324 3268 481 3352 θρεπτικὴς
503 3271 601 3351 ψυχῆς
617 3266 856 3352 μεταβαλλούσης
875 3267 926 3350 τὴν
943 3263 1051 3335 ἔξωθεν
1072 3267 1319 3352 προσενεχθεῖσαν
1335 3268 1508 3352 τροφὴνθιά

96 3484 104 3497 ”
206 3491 271 3543 1-·2
290 3489 320 3543 οὐ
337 3488 537 3560 μὴν-θύηται]
555 3492 616 3543 eber
633 3490 708 3543 nieht
722 3489 803 3555 Alios,
821 3505 873 3543 was
891 3489 947 3542 sich
964 3488 993 3541 in
1012 3489 1059 3542 dae
1077 3489 1130 3542 ihm
1149 3489 1399 3558 iintgegengesetzie
1416 3493 1563 3560 rerindert,

202 3580 238 3630 ist
249 3593 278 3630 so
291 3579 433 3646 ευςειλιτιι,
452 3578 512 3630 dass
525 3593 553 3630 ee
565 3579 612 3630 ibn
630 3577 772 3630 dedureh
785 3576 892 3644 (daven)
906 3578 1013 3630 ernihre
1083 3578 1100 3629 4
1118 3578 1235 3649 τρέφεται
1253 3591 1303 3629 om.
1374 3579 1443 3631 4-5
1461 3577 1563 3640 αὔξεται

202 3663 372 3733 -τάναντία]
396 3665 516 3718 weehsen
534 3665 608 3718 nicht
631 3665 697 3717 auch
720 3664 762 3716 die
781 3665 878 3731 hingo,
901 3666 929 3717 in
954 3665 1048 3717 welche
1072 3665 1110 3717 sie
1133 3665 1188 3717 sich
1212 3664 1349 3717 verenderi
1371 3665 1456 3718 haben
1560 3668 1564 3676 '

202 3752 270 3805 6-7
301 3750 589 3822 αύξητικὰ-σίιματα]
609 3753 651 3805 die
670 3752 893 3820 Vergrrissernden
912 3752 970 3803 sind
990 3753 1051 3804 eber
1070 3752 1169 3820 Kerper
1287 3749 1304 3803 8
1333 3759 1392 3819 post
1410 3758 1455 3806 τοῦ
1472 3771 1562 3827 τρεφο-

203 3840 280 3908 μένου
298 3840 384 3892 addit:
404 3840 445 3891 iirr
462 3839 513 3892 den
532 3856 558 3893 er
577 3855 748 3909 angemeseen
767 3841 809 3903 ist,
828 3839 953 3907 Nehrung
971 3855 1004 3890 zu
1023 3841 1080 3892 sein
1168 3841 1197 3891 ll
1218 3837 1277 3910 γάρ]
1296 3838 1366 3891 deun
1451 3841 1482 3894 12
1501 3842 1561 3915 γὰρ]

203 3927 272 3980 ιΙειιιι
388 3925 464 3995 μόνα]
488 3926 599 3979 frirwehr
679 3916 816 3979 '19-‘22
844 3924 1066 3996 δῆλον-γεγονὸς
1084 3924 1134 3996 εἴη]
1159 3926 1222 3979 wird
1240 3927 1334 3979 deraus
1352 3925 1418 3992 kler,
1436 3927 1497 3980 dass
1515 3931 1563 3984 wir

202 4029 252 4066 von
272 4012 341 4079 dem,
364 4014 392 4066 in
411 4014 502 4066 dessen
522 4015 791 4081 Zusammenseizung
809 4013 851 4066 die
871 4014 963 4066 beiden
982 4012 1120 4066 ihniiehen
1137 4013 1236 4081 Dinge,
1260 4014 1301 4066 ich
1320 4015 1405 4066 meine
1423 4015 1470 4068 des
1489 4016 1560 4070 Neh-

201 4101 280 4155 rende
297 4102 351 4153 und
370 4101 417 4154 des
435 4101 580 4167 Genihrte‚
603 4103 632 4153 in
656 4102 744 4169 Bezug
768 4100 814 4154 eui
831 4101 905 4170 jedes
924 4101 989 4154 Eine
1013 4116 1063 4153 ven
1087 4102 1165 4154 ihnen
1190 4115 1273 4169 segon
1291 4100 1429 4167 missen,
1453 4103 1514 4157 dass
1532 4120 1562 4158 ee

201 4190 273 4241 mehr
291 4205 355 4254 wer,
378 4189 462 4242 aises
483 4188 624 4259 [gewesen]
644 4205 708 4252 war,
731 4190 800 4242 deun
819 4189 852 4241 da
870 4190 908 4242 sie
932 4189 982 4242 eile
999 4188 1075 4242 beide
1098 4187 1201 4241 ihnlich
1226 4203 1324 4253 waren,
1347 4203 1376 4241 se
1399 4204 1451 4241 wer
1468 4190 1561 4245 keiuee

201 4291 254 4329 ven
266 4276 360 4330 beiden
379 4276 426 4329 des
445 4281 512 4330 ersie
531 4293 576 4329 rer
593 4277 650 4329 deur
671 4277 770 4329 andern
788 4276 869 4328 durch
883 4276 1150 4344 Zusammenseizung
1168 4276 1269 4343 gresser
1288 4277 1424 4344 geworden
1443 4294 1475 4329 zu
1493 4279 1561 4345 sein,

201 4363 239 4416 als
257 4362 448 4433 es‘[ge'wesen]
467 4380 518 4417 wer
632 4362 763 4429 *re-353
790 4366 836 4433 τῆς
848 4360 1107 4436 θρεπτικῆς-αύτη]
1132 4361 1186 4430 [die
1205 4363 1337 4432 Wirkung
1355 4365 1389 4416 ist
1407 4363 1477 4433 die]‚
1499 4367 1560 4420 dese

203 4554 214 4604 l
236 4550 404 4622 μεταβάλλου,
416 4569 446 4604 ου
458 4569 491 4605 ex
504 4566 568 4604 cerr.
588 4553 609 4605 V
682 4553 698 4606 5
716 4552 834 4606 τάναντία
848 4554 978 4608 Usenerus
992 4553 1117 4607 restituit:
1137 4552 1216 4606 ταύτά
1229 4554 1269 4607 Va
1340 4555 1356 4606 6
1374 4551 1498 4625 αύξητικὴ
1517 4556 1560 4609 Κιι

201 4639 391 4692 7ἐναντίανΚ
477 4640 521 4692 καὶ
538 4639 567 4692 τὸ
586 4640 703 4710 σῶμαΚ
799 4639 1150 4712 11κοινύτιρον]ιίύ.Ιιιιλ
1240 4639 1286 4712 γὰρ
1305 4639 1373 4710 κτλ]
1392 4641 1426 4695 ef.
1445 4658 1470 4710 p.
1483 4643 1559 4709 14,19

202 4726 235 4778 18
252 4725 311 4796 ἔχον
329 4727 372 4778 καὶ
390 4726 528 4798 θρεπτικὴν
547 4727 588 4779 Κυ
695 4728 725 4781 21
747 4726 804 4780 τάδε
824 4729 929 4796 scripsi:
949 4727 978 4782 τὸ
997 4728 1023 4782 δὲ
1041 4729 1089 4791 Va,
1108 4733 1245 4796 exspectas
1264 4726 1321 4781 τάδε
1339 4727 1355 4797 ὴ
1374 4728 1403 4781 τὸ
1422 4728 1506 4801 ἕτερον

200 4813 234 4864 ’23
252 4813 333 4866 ἐκεῖνο
352 4812 379 4866 δὲ
398 4810 420 4886 ιβ
438 4819 513 4867 τοῦτο
536 4815 811 4886 προστίθεταιβυιιρρλ
828 4813 969 4886 τεθράφθαι
986 4817 1030 4868 καὶ
1049 4815 1089 4868 διὰ
1107 4819 1202 4887 τροφῆς
1220 4814 1344 4886 ηύξησθαι
1433 4818 1466 4870 27
1488 4818 1560 4891 ,περὶ

200 4904 246 4969 τῆς
263 4900 401 4971 θρεπτικῆς
418 4903 562 4975 &seperius-
600 4903 617 4973 ὴ
636 4902 662 4956 δὲ
683 4905 721 4956 λἰι
827 4903 861 4955 28
880 4901 1070 4973 μεταβαλούσης
1089 4920 1104 4954 ιι
