3540 5610
711 316 853 375 ΒΙΒΛΙΟΝ
872 314 1001 374 ΤΡΙΤΟΝ
1019 320 1089 372 7-8
1536 319 1580 383 93

269 495 314 574 τῷ
338 492 371 555 δὲ
393 490 456 554 κατ’
477 491 622 575 ἐνέργειαν
645 491 780 575 αἰσθητῷ
802 489 859 575 <ἐν>
881 496 924 576 τιγῖ
949 489 1070 576 ἔχεσθαι
1093 492 1125 554 τό
1148 491 1224 560 εἶδος
1246 490 1335 554 αὐτοῦ
1359 491 1450 574 χωρὶς
1472 494 1525 572 τῆς

268 592 352 675 ὕλης.
389 594 416 657 εἰ
430 594 486 678 γάρ
501 593 577 657 ἐστιν
591 594 611 676 ἡ
627 594 735 678 κίνησις
750 591 797 677 <ή>
812 593 868 656 ὑπό
883 597 935 657 τοῦ
949 597 1093 661 κινοῦντος
1108 593 1242 676 γινομένη
1266 591 1313 675 [ή]
1331 592 1360 654 ἐν
1376 596 1417 675 τῷ
1434 614 1524 654 κινου-

268 692 352 778 μένῳ
375 696 480 759 καὶτὸ
506 696 656 765 πάθοςτὸ
679 695 735 758 ὑπὸ
757 699 808 756 τοῦ
831 699 980 764 ποιοῦντος
1001 694 1150 777 γινόμενον
1173 695 1203 756 ἐν
1225 700 1266 777 τῷ
1288 693 1453 777 ποιουμένῳ
1477 694 1524 755 καί
1538 708 1565 750 νῦ

267 797 427 881 πάσχοντι,
453 798 456 882 ψ
481 797 592 881 ἀνάγκη
615 797 663 861 καί
685 798 737 879 τήν
764 797 822 858 ἀπὸ
849 801 900 859 τοῦ
922 797 1064 879 αἰσθητοῦ
1091 796 1201 879 κίνησιν
1228 798 1274 858 καὶ
1302 797 1334 858 τὸ
1357 795 1504 877 γινόμενον
1528 801 1574 857 177

227 916 244 964 5
266 896 319 958 ὑπ’
347 897 437 963 αὐτοῦ
459 902 556 970 πάθος
576 900 607 963 ἐν
629 905 666 983 τή
689 899 764 962 κατὰ
787 898 906 977 δύναμιν
930 898 1067 981 αἰσθήσει
1088 897 1240 979 γενόμενον
1263 903 1354 961 ποιεῖν
1376 899 1429 980 τἠν
1451 895 1515 959 κατ’

266 1000 415 1085 ἐνέργειαν
440 1000 592 1087 αἴσθησιν·
624 1005 665 1070 ῶς
690 1001 745 1084 γόιρ
772 1001 791 1083 ή
819 999 933 1082 ποίησις
960 1001 1008 1062 καί
1035 1002 1055 1083 ἡ
1083 1002 1210 1083 πάθησις
1242 1000 1272 1063 ἐν
1299 1005 1341 1083 τηῖ
1370 1001 1521 1083 πάσχοντι,

266 1101 331 1164 ἀλλ’
359 1102 414 1167 οῦκ
435 1104 466 1167 ἐν
488 1109 532 1190 τηῖ
556 1107 684 1167 ποιοῦντι
708 1102 760 1186 (ήν
782 1103 837 1185 γὰρ
859 1102 892 1164 τὸ
915 1107 1015 1165 ποιοῦν
1039 1104 1168 1187 πάσχον,
1195 1102 1243 1164 καί
1265 1101 1352 1164 τοῦτό
1375 1102 1407 1163 τό
1431 1107 1522 1164 ποιεῖν
1549 1117 1563 1158 ο

264 1227 299 1266 τε
322 1205 371 1268 καί
393 1208 529 1292 πάσχειν,
552 1209 594 1276 ῶς
615 1204 722 1275 ἔδειξεν
744 1204 775 1267 ἐν
791 1205 909 1286 Φυσικῇ
933 1202 1096 1287 ἀκροάσει),
1119 1203 1212 1271 οῦτως
1236 1203 1282 1265 καί
1304 1203 1323 1284 ἡ
1346 1207 1397 1265 τοῦ
1420 1203 1523 1287 αἰσθη-

267 1310 321 1368 τοῦ
345 1309 393 1370 καί
415 1309 434 1391 ἡ
458 1313 509 1372 τοῦ
524 1308 705 1390 αἰσθητικοῦ.
739 1306 848 1369 τούτων
870 1307 904 1369 δὲ
926 1310 1027 1368 τοῦτον
1047 1304 1175 1388 ἐχόντων
1199 1306 1247 1367 τόν
1269 1305 1375 1389 τρόπον
1399 1307 1446 1368 καὶ
1469 1310 1522 1389 τῆς

207 1428 243 1474 10
266 1405 333 1471 κατ’
360 1408 503 1493 ἐνέργειαν
530 1409 699 1492 αἰσθήσεως
727 1408 877 1491 γινομένης
903 1413 941 1490 τή
970 1413 1028 1469 τῶν
1055 1406 1141 1468 εἰδῶν
1169 1410 1227 1468 τῶν
1256 1406 1407 1490 αἰσθητῶν
1434 1410 1522 1492 λήψει
1536 1423 1563 1465 ιο

264 1513 361 1597 χωρὶς
381 1517 433 1595 τῆς
456 1511 537 1594 ῦλης,
559 1510 668 1593 γένοιτο
691 1509 726 1572 ἂν
747 1511 817 1593 ἡμῖν
840 1511 967 1592 εἰιλόγως
989 1509 1052 1591 ἅμα
1074 1512 1112 1590 πή
1129 1508 1266 1592 αἰσθήσει
1288 1515 1346 1572 τῶν
1370 1510 1520 1592 αἰσθητῶν

264 1614 314 1676 καὶ
338 1614 526 1698 συναίσθησις
550 1617 601 1677 τοῦ
623 1612 817 1676 αἰσθάνεσθαι
843 1612 917 1675 κατὰ
943 1612 994 1694 τήν
1021 1611 1111 1694 αὐτὴν
1134 1610 1280 1694 αἴσθησιν.
1325 1616 1369 1695 τηῖ
1393 1613 1521 1696 μὲνγὰρ

264 1715 326 1777 ἀπὸ
348 1720 405 1779 τῶν
429 1715 579 1799 αἰσθητῶν
603 1713 712 1784 ἔξωθεν
736 1713 826 1777 όντων
849 1714 1004 1799 λαμβάνειν
1027 1715 1059 1775 τό
1083 1712 1157 1782 εἰῦος
1180 1714 1199 1795 ή
1221 1713 1336 1776 ἐκείνων
1359 1714 1519 1799 ἀντίληψις,
1534 1731 1560 1772 ιο

262 1821 308 1901 τῷ
333 1819 364 1880 ii
386 1818 417 1881 ἐν
445 1818 537 1900 ἑαυτῇ
561 1817 612 1900 τὴν
636 1816 771 1900 αἴσθησιν
793 1817 826 1878 τό
842 1815 919 1884 εἶδος
940 1814 1018 1899 ἔχειν
1042 1821 1099 1877 τῶν
1119 1816 1269 1898 αἰσθητῶν
1294 1817 1341 1879 καὶ
1364 1818 1410 1879 διὰ
1432 1822 1515 1881 τοῦτο

202 1939 239 1986 15
262 1918 313 1982 καί
339 1919 446 2003 ταύτης
472 1941 534 1988 πως
562 1918 755 1983 αἰσθάνεσθαι
782 1920 801 2000 i,
830 1917 1026 2000 συναίσθησις.
1073 1918 1099 1979 εἰ
1123 1918 1177 2001 γόιρ
1206 1918 1239 1980 τό
1267 1919 1337 2002 όράν
1365 1920 1438 1982 κατὰ
1466 1922 1518 2004 τήν

263 2025 316 2084 τοῦ
337 2021 433 2090 εἴδους
460 2025 511 2084 τοῦ
533 2021 677 2104 αἰσθητοῦ
705 2024 791 2105 λῆψιν
819 2021 941 2102 γίνεται,
970 2017 1070 2102 ὅμοιος
1097 2021 1129 2082 δὲ
1158 2021 1174 2082 ό
1202 2021 1286 2100 λόγος
1314 2023 1361 2083 καὶ
1389 2022 1436 2084 ἐπὶ
1459 2028 1516 2084 τῶν
1532 2041 1561 2082 νο

263 2122 362 2186 ἄλλων
384 2125 569 2207 αἰσθήσεων,
597 2124 727 2209 λαβοῦσα
753 2123 786 2184 τό
810 2121 887 2191 εἰῦος
914 2123 969 2206 όρᾷ
998 2123 1045 2184 καὶ
1075 2123 1163 2204 αὐτὴν
1191 2122 1253 2204 ἅμα
1281 2124 1396 2207 ὁρῶσαν
1419 2126 1519 2208 όρῶσα

263 2226 378 2307 γίνεται.
425 2227 444 2308 ή
468 2226 520 2308 μὲν
547 2227 583 2309 δὴ
607 2225 797 2308 συναίσθησις
823 2228 874 2287 τοῦ
901 2225 1092 2287 αἰσθάνεσθαι
1121 2225 1256 2307 γινομένη
1286 2225 1315 2288 ἐν
1338 2223 1379 2309 τῷ
1403 2227 1456 2309 τἠν
1479 2226 1519 2288 α’ί-

262 2327 368 2411 σθησιν
391 2327 454 2410 ἅμα
469 2350 501 2390 τε
516 2325 581 2411 [τῇ]
603 2331 654 2390 τοῦ
669 2327 813 2410 αἰσθητοῦ
829 2327 878 2389 καί
896 2331 952 2410 ,τῆς
975 2326 1049 2395 ἰδίας
1071 2329 1134 2410 περὶ
1158 2327 1190 2389 τό
1214 2328 1354 2412 αἰσθητὸν
1377 2329 1521 2414 ἐνεργείας
1534 2343 1561 2387 ευ

200 2450 241 2497 20
260 2429 465 2494 αἰσθάνεσθαι.
504 2431 548 2493 όιὸ
571 2430 600 2499 ἐξ
624 2431 752 2514 ἀνάγκης
774 2430 874 2492 ἕπεται
895 2429 978 2492 παντὶ
993 2433 1036 2512 τιγῖ
1053 2429 1257 2514 αἰσθανομένην
1275 2434 1519 2496 συναισθάνεσθαι

250 2533 300 2595 καὶ
326 2533 433 2595 ἑαυτοῦ
462 2530 466 2618 ψ
495 2531 708 2616 αἰσθανομένου
735 2535 777 2616 τῷ
811 2532 935 2594 ἕπεσθαι
964 2535 1001 2614 τῇ
1032 2531 1168 2614 αἰσθήσει
1199 2533 1396 2619 αἰσθανομένη
1427 2538 1502 2605 τινός
1525 2543 1571 2599 178

260 2640 319 2696 τῶν
341 2634 493 2718 αἰσθητῶν
515 2631 572 2703 ἔξω
595 2631 677 2702 ὄντος
699 2634 731 2697 τό
755 2633 817 2717 όμα
839 2634 887 2697 καί
911 2634 1016 2716 ἑαυτῆς
1038 2633 1240 2698 αἰσθάνεσθαι.

259 2919 346 2984 VIII.
393 2918 434 2985 Εἰ
456 2920 625 3005 αἰσθητόν
653 2920 669 2984 ὃ
692 2922 819 2989 πάσαις
846 2924 921 2990 ταῖς
944 2920 1157 3004 αἰσθήσεσιν
1180 2923 1520 3011 κατὰσυμβεβηκός
1546 2944 1559 2986 σ

797 3022 981 3107 αἰσθητόν.

200 3237 238 3285 νσ
346 3215 383 3280 Εἰ
406 3222 458 3303 μιᾷ
480 3218 617 3300 αἰσθήσει
639 3217 919 3303 κατὰσυμβεβηκός
943 3216 1019 3281 ἐστιν
1041 3218 1184 3302 αἰσθητόν
1207 3222 1239 3283 τό
1262 3220 1332 3306 ἕχον
1355 3230 1413 3286 τῶν
1437 3225 1516 3287 ἰδίων

258 3342 288 3381 τι
307 3318 401 3402 ταότη
428 3325 466 3402 τῇ
489 3319 626 3404 αἰσθήσει
653 3321 803 3405 αἰσθητῶν
827 3320 1014 3404 συμβεβηκός
1040 3322 1140 3406 έαυτηῖ
1166 3323 1230 3404 (διὰ
1251 3325 1305 3407 γὰρ
1327 3331 1379 3408 τῆς
1402 3333 1452 3390 τοῦ
1475 3329 1516 3391 αἰ-

259 3421 373 3504 σθητοῦ
396 3421 577 3506 ἀντιλήψεως
597 3422 707 3505 γίνεται
729 3424 777 3486 καὶ
799 3424 819 3505 i
843 3427 893 3486 τοῦ
916 3421 1208 3508 κατὰσυμβεβηκός·
1233 3427 1310 3489 οὕτω
1332 3428 1387 3513 γόιρ
1409 3432 1428 3512 ἡ
1452 3429 1517 3514 ὄψις
1531 3447 1558 3488 ιο

256 3522 380 3604 γλυκέος
400 3522 444 3586 ότι
466 3528 509 3609 tqi
527 3527 619 3608 ῶχριγῖ
644 3524 826 3609 συμβέβηκεν
849 3523 921 3587 εἶναι
940 3527 1044 3606 γλυκεῖ
1063 3549 1094 3587 τε
1116 3528 1163 3588 καὶ
1180 3527 1299 3609 μέλιτι),
1323 3528 1414 3599 εἴτις
1436 3531 1515 3613 λέγοι

259 3649 286 3688 τι
313 3628 418 3697 πάσαις
444 3631 509 3697 ταῖς
540 3627 697 3710 αἰσθήσεσι
725 3628 798 3691 κατὰ
825 3627 1008 3712 συμβεβηκὸς
1040 3627 1112 3690 εἶναι
1140 3628 1295 3713 αἰσθητόν,
1328 3631 1412 3702 οὗτος
1438 3634 1516 3716 λε’γοι

201 3748 238 3796 ³0
258 3728 306 3804 ἄν,
328 3733 423 3804 τοῦτο,
446 3728 464 3792 ό
483 3750 554 3814 φησι
570 3731 678 3798 πάσαις
699 3730 977 3814 κατὰσυμβεβηκός
1000 3735 1061 3797 ταῖς
1077 3731 1247 3814 αἰσθήσεσιν
1271 3735 1411 3818 αἰσθητόν
1434 3736 1515 3811 εἰναι,
1531 3755 1557 3796 ισ

259 3828 341 3916 ἔχειν
362 3831 425 3894 τινὰ
447 3829 654 3917 συμβεβηκότα
676 3837 808 3905 τοιαῦτα,
836 3833 877 3894 ῶν
899 3832 932 3894 τό
960 3832 1012 3913 μὲν
1035 3835 1073 3914 τή
1097 3833 1159 3916 ἁφή
1189 3833 1257 3896 καθ’
1284 3836 1354 3899 αὑτό
1378 3838 1452 3902 ἐστιν
1475 3841 1516 3902 αἰ·

257 3932 384 4016 σθητόν,
412 3932 445 3996 τό
468 3935 500 3996 δὲ
522 3937 560 4017 πή
583 3934 694 4018 γεόσει,
720 3935 753 3996 τὸ
776 3935 808 3997 δὲ
831 3937 868 4018 πή
892 3934 1049 4018 ὀσφρήσει,
1075 3934 1108 3996 τὸ
1131 3936 1163 3997 δὲ
1185 3941 1222 4019 τή
1247 3937 1340 4021 ἀκοή,
1367 3942 1400 4003 τὸ
1423 3942 1455 4005 δὲ
1476 3948 1515 4026 τῇ

205 4207 215 4256 1
238 4202 367 4274 αἰσθητῷ]
386 4205 426 4274 τῷ
444 4221 464 4258 s.
484 4221 507 4256 r.
527 4209 550 4255 V
641 4207 667 4258 1ν
685 4205 744 4259 add.
763 4206 807 4274 Sp.
888 4198 971 4275 εἶδος]
990 4207 1086 4260 εἰναιιι
1165 4207 1244 4260 2τ11.
1263 4211 1279 4280 ή
1299 4212 1357 4263 add.
1377 4213 1420 4282 Sp.
1511 4221 1568 4268 teri.

201 4293 218 4361 η
239 4291 291 4345 dol.
311 4290 356 4360 Sp.
463 4294 480 4344 4
499 4291 560 4362 ἀπὸ]
580 4292 629 4345 imi
648 4295 716 4345 coni.
735 4293 779 4362 Sp.
878 4295 894 4347 8
917 4291 1017 4366 Φυσικῇ
1041 4294 1169 4365 ἀκροάσει]
1198 4296 1242 4361 111,
1260 4298 1285 4350 3.
1310 4298 1414 4353 2011111
1432 4317 1487 4369 sqq.

202 4375 391 4447 9ιι1σθητικοῦ
403 4379 471 4431 Vici.
480 4378 536 4447 Sp:
555 4377 776 4450 αἰσθητικωτάτυυ
794 4381 853 4435 libri
946 4382 976 4432 12
995 4378 1153 4452 συναίσθησις
1172 4382 1228 4450 Sp:
1254 4384 1410 4456 συναισθήσει
1429 4388 1488 4440 libri

205 4464 237 4515 17
261 4465 373 4517 forium
394 4465 448 4527 <κα1
465 4465 482 4535 ή
501 4464 568 4536 όψις)
591 4465 702 4537 λαβοῦσα
843 4467 922 4538 αὐτὴν
942 4473 966 4522 V
1097 4470 1128 4520 19
1146 4489 1174 4522 τε
1193 4471 1301 4524 damnat
1319 4473 1363 4541 Sp.
1485 4475 1516 4526 19
1535 4479 1567 4547 τῇ

202 4552 397 4619 circumscripsi
515 4551 638 4623 αἰσθητοῦ
656 4553 732 4626 λήψει
750 4556 794 4607 καὶ
812 4555 882 4607 Vici.
901 4555 945 4623 Sp.
1057 4557 1087 4609 τό
1106 4555 1226 4626 αἰσθητόν
1245 4561 1281 4611 Sa
1299 4559 1357 4627 Sp:
1383 4566 1428 4613 τοῦ
1447 4560 1567 4634 αἰσθητὸν

203 4634 374 4706 (opimari)
392 4641 418 4689 V
524 4639 555 4691 21
585 4643 622 4709 τῷ
644 4645 664 4693 F
686 4640 744 4709 Sp:
771 4646 816 4694 τοῦ
836 4642 896 4694 iibri
1004 4643 1036 4695 22
1062 4643 1336 4712 1ουτῖγς]έαυτοῦ8ρ.
1462 4649 1495 4701 23
1514 4658 1567 4707 ταῖς

203 4739 289 4776 oum
407 4723 440 4778 25
468 4725 501 4795 εἰ]
524 4727 577 4779 imi
601 4728 668 4780 coni.
692 4728 736 4795 Sp.
844 4728 877 4780 26
905 4728 1033 4799 αἰσθητῶν
1057 4734 1115 4784 Fsa
1137 4731 1197 4799 Sp:
1222 4730 1342 4801 αἰσθητόν
1362 4738 1384 4783 V
1492 4735 1525 4787 29
1544 4755 1567 4788 τι

204 4810 310 4878 scripsi:
329 4808 369 4864 ότι
386 4811 445 4865 iibri
543 4811 665 4884 αἰσθητόν
684 4818 707 4865 V
805 4813 879 4873 οὗτος
903 4817 981 4869 Vici:
1002 4814 1083 4875 οθτως
1102 4817 1161 4870 111)ιὶ
1263 4818 1296 4870 32
1316 4822 1348 4890 τῇ
1366 4825 1429 4872 ante
1449 4821 1567 4891 ὀσφρήσει

207 4895 276 4949 inin
293 4912 396 4950 versum
414 4897 437 4949 V
