3540 5610
222 336 264 401 84
696 336 900 392 ALEXANDRI
923 336 967 390 Dc
990 336 1101 391 thhlA

273 505 344 571 αύτδ
367 507 438 593 (τῳ>
460 509 530 592 ύλην
552 509 680 592 γίνεσθαι
704 514 747 595 τῷ
764 509 987 595 λαμβανομένῳ,
1005 508 1026 594 ,ὃ
1042 510 1089 572 ἐπὶ
1111 515 1169 572 τῶν
1190 507 1294 573 παθῶν
1317 512 1374 572 τῶν
1397 509 1431 574 οδ
1447 512 1521 575 κατὰ

273 612 372 696 ψυχὴν
394 610 552 695 γινομένων
580 611 648 675 ἰδεῖν
672 609 741 676 ἔστι.
786 612 824 676 τὰ
846 612 900 697 γὰρ
924 613 1026 682 ἁπλῶς
1053 613 1205 698 πάσχοντα
1233 611 1297 676 ύλαι
1319 614 1442 696 γίνονται
1463 618 1522 676 τῶν

273 713 388 776 παθῶν.
432 712 541 796 τὸγὰρ
566 713 792 799 θερμαινόμενον
820 715 928 799 θερμδν
957 713 1105 797 γινόμενον
1127 714 1197 778 αὐτὸ
1225 714 1279 798 ῦλη
1307 719 1349 800 τῷ
1373 716 1462 780 πάθει
1482 714 1520 797 γί-

272 838 364 890 νεται,
402 814 417 878 δ
446 813 513 879 ούτε
538 817 558 899 η
586 816 722 901 αἴσθησις
749 815 816 880 οῦτε
843 817 859 880 δ
886 820 951 886 νοῦς
978 815 1105 902 ἔχουσιν.
1153 818 1200 880 καὶ
1225 816 1279 902 γὰρ
1311 818 1337 880 εἰ
1363 820 1411 882 διά
1436 839 1520 881 τινων

244 917 376 979 σπαθῶν
399 922 572 1002 σωματικῶν
603 920 636 982 τδ
660 919 851 983 αἰσθάνεσθαι
877 920 997 1002 γίνεται,
1026 918 1086 982 ἀλλ’
1114 918 1185 983 αὐτό
1213 942 1247 1002 γε
1273 920 1306 982 τδ
1328 920 1521 986 αἰσθάνεσθαι

271 1020 305 1084 ού
328 1023 451 1106 πάσχειν
474 1021 566 1097 ἐστίν,
593 1021 668 1085 ἀλλὰ
689 1022 802 1106 κρίνειν.
848 1020 915 1085 οὔτε
936 1020 986 1087 οῦν
1015 1025 1055 1090 ῶς
1082 1021 1136 1104 ῦλη
1159 1020 1306 1105 γινόμενος
1333 1024 1349 1087 ό
1371 1027 1439 1093 νοῦς
1460 1028 1517 1087 τῶν
1533 1040 1561 1083 ιο

270 1123 354 1187 είδῶν
378 1123 470 1193 ούτως
491 1122 565 1188 αδτὰ
587 1126 727 1210 λαμβάνει
755 1123 822 1188 οὔτε
844 1128 885 1194 ῶς
909 1124 981 1208 μετὰ
1007 1124 1078 1206 ύλης
1100 1122 1169 1187 ὄντα
1191 1127 1231 1194 ῶς
1253 1125 1289 1189 τὰ
1310 1126 1518 1209 αἰσθανόμενα,

270 1225 331 1288 ἀλλ’
359 1225 434 1290 αὐτὰ
456 1226 524 1292 καθ’
552 1227 627 1291 αύτδ
648 1229 782 1313 χωρίζων
809 1225 883 1291 αύτδι
905 1229 963 1290 οῖπδ
986 1229 1081 1311 πάσης
1104 1228 1204 1311 ὑλικῆς
1226 1230 1423 1312 περιστάσεως
1445 1227 1520 1312 μόνα

269 1330 424 1414 λαμβάνων
452 1330 568 1414 θεωρεῖ.
614 1328 724 1415 οὐγὰρ
751 1331 855 1394 λευκὸν
880 1335 954 1393 νοῶν
983 1332 1024 1399 ῶς
1052 1329 1125 1412 μετὰ
1146 1332 1298 1414 σχῆματος
1326 1332 1345 1415 ἢ
1376 1332 1518 1415 μεγέθους

229 1447 255 1491 10
270 1429 350 1501 ὄντος
372 1431 463 1497 αδτοῦ
485 1434 538 1517 τῆν
560 1432 658 1517 νόησιν
681 1438 814 1497 ποιεῖται.
853 1430 942 1495 αἴτιον
965 1432 998 1495 δὲ
1019 1432 1121 1495 τούτου
1143 1432 1175 1495 τδ
1193 1434 1267 1516 μηδὲ
1287 1434 1339 1517 τῆν
1355 1435 1450 1519 ἀρχὴν
1473 1435 1518 1518 δρ-

268 1538 347 1621 γάνῳ
374 1537 428 1599 τινί
450 1539 611 1621 σωματικῷ
642 1535 848 1621 προσχρῆσθαι
874 1535 945 1620 πρὸς
972 1536 1024 1619 τῆν
1052 1538 1138 1621 λῆψιν
1166 1538 1223 1598 τῶν
1245 1535 1423 1619 νοουμένων,
1451 1535 1512 1600 ἀλλ’

268 1640 422 1722 ἀρκεῖσθαι
443 1639 531 1702 αύτδν
553 1638 634 1723 αύτῷ
658 1640 729 1723 πρδς
751 1639 783 1702 τδ
806 1644 912 1721 γνῶναι
935 1639 967 1701 τὸ
990 1638 1159 1722 νοούμενον·
1186 1640 1229 1701 διδ
1252 1640 1272 1722 ῆ
1296 1639 1348 1720 μὲν
1370 1639 1517 1722 αἴσθησις,

267 1741 293 1803 εἰ
316 1743 363 1805 καί
387 1744 427 1826 μὴ
451 1743 619 1818 ἀλλοίωσις,
648 1741 724 1805 ἀλλὰ
745 1740 781 1804 δι’
808 1743 994 1810 ἀλλοιώσεώς
1016 1741 1049 1823 γε’
1071 1764 1146 1809 τινος
1166 1741 1297 1824 γίνεσθαι
1319 1744 1414 1817 δοκεῖ,
1446 1744 1462 1805 ύ
1485 1743 1518 1806 δὲ
1532 1761 1558 1802 ιε

266 1848 333 1913 νοῦς
359 1843 392 1907 ού
415 1850 515 1909 τοῦτον
541 1846 590 1908 τδν
613 1843 727 1930 τρόπον.
772 1843 837 1907 ἐπεί
864 1844 897 1906 δὲ
923 1845 971 1907 δεῖ
994 1843 1026 1905 τδ
1052 1843 1216 1928 ληψόμενον
1244 1843 1308 1928 εἴδη
1336 1846 1398 1908 τινὰ
1426 1849 1517 1930 μηδὲν

227 1962 253 2006 15
266 1947 375 2010 τούτων
398 1946 477 2034 ἔχειν
505 1948 535 2012 ἐν
562 1953 599 2031 τῆ
628 1948 720 2031 οίκείηι
747 1946 831 2031 φύσει
859 1945 1141 2030 (παρεμφαινόμενον
1168 1945 1221 2030 γὰρ
1248 1948 1281 2009 τὸ
1310 1947 1417 2011 οἰκεῖον
1438 1948 1515 2020 εἶδος

266 2050 372 2112 κωλύει
393 2052 445 2135 τὴν
467 2055 518 2114 τοῦ
547 2051 698 2135 ἀλλοτρίου
721 2053 823 2135 λῆψιν·
858 2048 951 2118 ούτως
971 2053 1038 2131 γοῦν
1066 2045 1173 2134 ἔχοντα
1195 2049 1321 2134 ἐδείχθη
1345 2051 1393 2113 καὶ
1415 2052 1451 2115 τὰ
1473 2053 1516 2115 αἰ·

266 2152 441 2236 σθητῆρια),
471 2156 518 2217 δεῖ
542 2155 590 2217 καί
612 2154 661 2216 τδν
684 2151 780 2216 ὑλικόν
806 2175 836 2214 τε
863 2153 912 2215 καὶ
935 2152 1122 2234 ὑποκείμενον
1148 2155 1213 2214 νοῦν
1242 2153 1331 2234 μηδὲν
1359 2152 1430 2217 εἶναι
1457 2159 1514 2217 τῶν

264 2256 394 2319 νοεῖσθαι
420 2256 586 2340 δυναμένων
614 2254 663 2319 ὑπ’
691 2254 790 2318 αύτοῦ.
834 2255 910 2317 ἀλλὰ
941 2254 996 2338 μὴν
1024 2255 1117 2317 πάντα
1142 2253 1178 2317 τὰ
1207 2252 1275 2319 ὄντα
1301 2256 1357 2318 ύπδ
1388 2261 1439 2320 τοῦ
1462 2261 1513 2320 νοῦ

264 2363 380 2434 νοεῖται,
402 2358 433 2421 εἴ
450 2382 483 2442 γε
504 2363 561 2421 τῶν
585 2356 674 2421 όντων
696 2358 733 2421 τὰ
756 2357 807 2442 μέν
831 2357 891 2422 ἐστι
912 2358 1012 2440 νοητά,
1034 2356 1124 2420 τὰδὲ
1146 2357 1280 2440 αἰσθητά.
1321 2363 1401 2422 ποιεῖ
1419 2360 1473 2444 γὰρ
1497 2361 1513 2422 ό

222 2466 328 2531 υυνοῦς
354 2462 402 2526 καὶ
430 2461 467 2524 τὰ
494 2460 621 2545 αἰσθητὰ
647 2461 728 2544 αύτῳῖ
757 2461 845 2544 νοητὰ
873 2460 1007 2546 χωρίζων
1038 2459 1113 2523 αῦτδι
1138 2464 1191 2543 τῆς
1218 2461 1288 2543 ύλης
1315 2463 1362 2524 καὶ
1389 2463 1418 2524 τί
1444 2462 1558 2526 coelae

261 2565 339 2629 ἐστιν
360 2563 458 2633 αὐτοῖς
480 2565 513 2626 τδ
533 2562 605 2627 εἶναι
627 2563 760 2648 θεωρῶν.
795 2562 878 2627 οὐδὲν
901 2563 958 2645 ἄρα
980 2566 1036 2624 τῶν
1060 2560 1151 2625 όντων
1167 2562 1295 2647 ἐνεργείᾳ
1317 2563 1393 2627 ἐστὶν
1417 2566 1433 2627 ύ
1456 2566 1514 2629 ύλι-

262 2667 313 2735 κδς
335 2671 411 2742 νοῦς,
433 2666 509 2729 ἀλλὰ
523 2668 617 2730 πάντα
638 2668 765 2751 δυνάμει.
803 2666 858 2750 πρδ
880 2664 934 2750 γὰρ
957 2670 1008 2728 τοῦ
1029 2670 1104 2728 νοεῖν
1120 2664 1203 2728 οὐδὲν
1225 2665 1266 2727 ῶν
1282 2666 1418 2751 ἐνεργείᾳ,
1441 2666 1511 2731 ὅταν

262 2775 317 2853 νοῆ
340 2794 380 2845 τι,
407 2770 439 2833 τδ
462 2769 614 2852 νοούμενον
643 2770 762 2853 γίνεται,
789 2767 820 2831 εἴ
837 2792 870 2851 γε
892 2769 923 2830 τὸ
946 2772 1020 2830 νοεῖν
1049 2767 1129 2852 αὐτῷ
1150 2768 1183 2851 ἐν
1211 2772 1255 2853 τῳ
1279 2769 1311 2831 τδ
1333 2768 1410 2838 εἶδος
1431 2767 1511 2855 ἔχειν

262 2873 295 2935 τδ
318 2871 481 2957 νοούμενον.
525 2870 724 2956 ἐπιτηδειότης
750 2895 792 2941 τις
813 2870 870 2956 ἄρα
898 2869 984 2953 μόνον
1007 2870 1082 2934 ἐστὶν
1111 2870 1248 2940 δύλικδς
1270 2876 1335 2940 νοῦς
1361 2873 1432 2955 πρὸς
1458 2874 1512 2957 τὴν

221 2991 249 3036 ie
263 2981 320 3040 τῶν
343 2975 430 3038 είδῶν
447 2975 597 3060 ὑποδοχὴν
619 2974 723 3044 ἐοικὼς
744 2974 867 3037 πινακίδι
889 2973 1022 3058 ἀγράφῳ,
1046 2976 1154 3054 μᾶλλον
1177 2974 1210 3036 δὲ
1228 2977 1271 3059 τῷ
1293 2980 1345 3058 τῆς
1367 2975 1513 3044 πινακίδος

263 3080 396 3163 ἀγράφῳ,
420 3076 480 3140 ἀλλ’
501 3076 535 3141 οδ
558 3082 597 3161 τῆ
620 3079 745 3142 πινακίδι
766 3076 854 3159 αύτῆ.
890 3076 960 3139 αὐτὸ
982 3075 1037 3161 γδιρ
1059 3079 1091 3139 τό
1111 3082 1305 3160 γραμματεῖον
1327 3076 1385 3161 ἤδη
1408 3102 1434 3141 τι
1454 3082 1512 3141 τῶν

263 3179 353 3244 όντων
369 3179 455 3243 ἐστίν.
489 3181 533 3244 διδ
555 3182 643 3265 ἡμὲν
666 3181 750 3266 ψυχὴ
773 3181 821 3243 καὶ
843 3179 876 3242 τδ
893 3179 998 3262 ταύτην
1021 3175 1090 3263 ἔχον
1113 3177 1158 3262 εἴη
1175 3182 1284 3261 μᾶλλον
1307 3177 1368 3263 (hv)
1390 3179 1463 3243 κατὰ
1479 3181 1511 3244 τδ
1525 3197 1555 3240 υτ

261 3288 472 3368 γραμματεῖον,
500 3285 533 3347 τὸ
554 3285 588 3348 δὲ
609 3283 737 3369 ἄγραφον
764 3283 794 3346 ἐν
817 3282 892 3367 αὐτῆ
921 3283 937 3344 ό
960 3286 1027 3351 νοῦς
1054 3281 1069 3344 ό
1094 3280 1190 3351 ύλικδς
1215 3280 1383 3366 λεγόμενος,
1410 3282 1430 3364 ῆ
1453 3284 1512 3348 ἐπι-

211 3456 277 3509 1-2
303 3453 547 3527 τῶν-γινομένων]
568 3454 663 3510 welch'e
682 3471 772 3509 ausser
789 3455 833 3507 der
851 3453 923 3506 Seele
944 3454 998 3506 sich
1017 3452 1107 3506 finden
1216 3453 1285 3507 4-5
1312 3453 1564 3526 διά-σωματικῶν]

207 3561 242 3598 an
260 3544 351 3612 irgend
370 3545 483 3598 welchen
502 3543 602 3612 Spuren
622 3543 679 3595 und
696 3557 748 3595 von
766 3542 815 3595 den
836 3540 936 3609 Spuren
955 3540 1001 3594 des
1020 3540 1132 3608 Keirpers
1238 3540 1254 3592 ‘l
1282 3539 1317 3599 ὡς
1334 3543 1367 3594 τὰ
1384 3540 1563 3613 αἰσθανόμενα]

207 3634 254 3686 wie
273 3632 319 3684 das
338 3632 471 3701 geschieht
489 3631 530 3684 bei
549 3630 600 3683 den
619 3629 737 3692 Fomen,
756 3628 850 3681 welche
869 3629 916 3680 mit
934 3628 985 3681 den
1003 3627 1104 3680 Sinnen
1122 3629 1345 3696 wehrgenommen
1364 3631 1467 3683 werden

209 3719 310 3773 15-16
333 3715 686 3790 παρεμφαινόμενον-λῆψιν]
706 3716 753 3768 des
771 3714 879 3769 Gesicht
896 3716 1009 3768 nimlich
1027 3715 1115 3768 steten
1133 3715 1174 3769 die
1194 3716 1312 3781 hormen,
1331 3716 1425 3770 welche
1443 3717 1562 3773 desselhe

206 3806 368 3875 specificiren
387 3822 438 3859 νου
456 3806 500 3858 δατ
518 3805 655 3858 Annahme
674 3803 718 3856 der
736 3803 788 3855 ihm
808 3802 923 3855 fremden
941 3803 1052 3856 Formen
1128 3802 1162 3855 20
1180 3802 1249 3874 αύτῷ
1267 3819 1317 3857 om.
1395 3804 1496 3858 ’λθ-21
1518 3807 1561 3859 καὶ

205 3892 384 3964 τί-θιωρῶν]
403 3894 457 3946 und
475 3893 561 3946 indem
581 3907 608 3944 er
626 3891 681 3943 ihre
699 3888 850 3953 Qualititen
869 3891 1011 3944 betrachlet
1090 3890 1122 3942 21
1143 3890 1191 3963 ἄρα
1209 3907 1260 3945 em.
1341 3891 1375 3945 23
1393 3897 1452 3960 post
1470 3893 1562 3962 γίνεται

205 3998 223 4050 p
242 3982 328 4035 addit:
347 3983 409 4035 aher
421 3998 449 4034 es
467 3981 503 4033 ist
515 3976 550 4048 (l)
563 3981 622 4033 eine
634 3977 719 4043 lircil,
737 3979 784 4030 wie
801 3992 1020 4047 werengegengen
1032 3979 1068 4031 ist
1138 3978 1242 4031 23-24
1260 3978 1467 4047 ὲν-νοούμενον]
1486 3998 1561 4034 wenn

205 4070 261 4123 sich
280 4070 308 4121 in
326 4070 378 4121 ihm
398 4069 440 4121 die
458 4066 612 4136 intelligible
630 4065 705 4118 Form
725 4066 895 4118 substenziirt
1006 4065 1040 4118 24
1067 4065 1142 4134 μόνον
1160 4082 1211 4119 cm.
1319 4066 1353 4120 25
1381 4067 1498 4139 ἀγράφῳ]
1517 4069 1563 4121 auf

205 4157 298 4210 welche
317 4157 485 4225 geechrieben
504 4154 566 4208 wird
664 4152 767 4206 25-26
785 4153 976 4225 τερ-ἀγράφῳ]
994 4154 1052 4206 dem
1070 4154 1167 4207 Fehlen
1185 4154 1229 4207 der
1247 4153 1343 4208 Schrilt
1360 4155 1407 4206 aui
1423 4155 1467 4208 der
1486 4155 1559 4209 Tele}

203 4243 305 4296 26-27
330 4241 503 4307 ciel—icch]
522 4242 591 4295 denn
609 4241 651 4294 die
670 4239 819 4294 Oberfliche
837 4240 881 4293 der
900 4240 982 4306 Τοίελ,
1000 4240 1046 4293 eui
1062 4242 1155 4295 welche
1174 4258 1234 4295 men
1253 4243 1374 4307 schreibt,
1392 4243 1428 4295 isi
1445 4258 1497 4296 νου
1516 4242 1560 4295 der

202 4330 412 4384 Beechelienheil
424 4330 469 4383 der
481 4329 631 4383 wirklichen
643 4329 729 4398 Dinge
791 4327 895 4380 27-28
914 4327 1020 4381 κατὰτὸ
1032 4331 1211 4398 γραμματεῖον]
1225 4329 1271 4383 eui
1282 4330 1326 4383 der
1339 4328 1412 4383 Stule
1424 4329 1469 4381 der
1480 4329 1560 4383 Ober-

201 4417 285 4471 flieche
303 4418 348 4470 der
367 4416 441 4470 Tafel
520 4415 650 4483 iil—852
668 4415 698 4469 τό
716 4414 743 4468 il
756 4415 1124 4489 ἅγραφον-ἀντιγραφόμενον]
1142 4417 1193 4470 Der
1211 4416 1327 4469 Zusland
1346 4417 1391 4470 der
1409 4416 1481 4470 Talei
1501 4417 1559 4469 hin·
1589 4405 1595 4417 ’

202 4521 296 4574 gegen,
314 4521 389 4558 wenn
407 4504 450 4558 die
462 4503 648 4579 Schriltlehll‚
666 4505 702 4557 ist
714 4504 818 4557 ihnlich
836 4504 893 4557 dem
906 4503 1033 4557 Intellect.
1062 4504 1153 4556 Deion
1171 4500 1207 4572 (i)
1226 4504 1262 4557 ist
1274 4504 1316 4557 die
1329 4503 1495 4574 Voretellung
1513 4505 1559 4557 des

203 4661 215 4712 1
241 4659 303 4713 chel
320 4663 359 4730 τῷ
377 4661 483 4728 scripsi:
502 4659 562 4713 αύτδ
581 4660 646 4713 Vlla
727 4661 744 4712 4
763 4658 873 4730 ἔχουσιν]
892 4660 1002 4714 fortasse
1020 4661 1156 4729 πάσχουσιν
1239 4659 1254 4712 9
1272 4659 1382 4713 loclesse
1399 4658 1451 4723 (τὸ)
1468 4659 1559 4713 λευκὸν

203 4747 234 4799 12
253 4747 362 4800 fortasse
380 4746 451 4817 αύτιγῑ
560 4748 591 4799 14
609 4750 638 4800 τὸ
657 4763 707 4800 om,
726 4748 766 4799 lla
876 4746 905 4799 16
928 4745 1028 4818 ἐδείχθη
1047 4745 1115 4815 κτλ]
1135 4746 1257 4817 59,12οη.
1276 4749 1308 4800 cl.
1326 4746 1388 4813 44‚3
1406 4746 1466 4813 63,4

203 4834 234 4887 l‘l
253 4833 460 4903 ύποκείμενωνυ
540 4835 575 4888 20
593 4834 664 4906 αύτῷ
682 4835 748 4888 Vlla
828 4833 862 4887 23
880 4835 910 4887 τδ
927 4835 965 4888 τ’δ·
985 4836 1045 4903 (sic)
1064 4834 1167 4894 elhecV
1247 4835 1280 4887 24
1299 4839 1344 4887 τοῦ
1362 4835 1499 4904 νοουμίνου
1517 4835 1559 4889 Kc

201 4921 234 4975 25
252 4922 376 4981 ἐοικῶςο
483 4922 516 4974 27
536 4920 573 4994 τίη
593 4924 646 4976 Ka:
665 4921 759 4994 elpwV
866 4921 897 4975 ἂν
915 4923 1004 4976 addidi
1111 4922 1144 4975 ‘28
1163 4923 1179 4994 ῆ
1199 4924 1304 4991 scripsi:
1322 4924 1338 4993 ἡ
1357 4923 1421 4975 VKc
