3540 5610
682 329 885 384 hnnxhwnnl
908 330 952 383 llll
976 330 1085 385 ANlMll
1521 330 1563 395 95

261 505 302 567 ὧν
320 504 350 568 αἱ
367 502 419 586 μέν
434 526 509 572 τινες
529 502 607 586 αὐτῇ
623 505 819 567 διακονοῦνται
840 503 912 587 πρὸς
933 503 966 566 τὸ
981 503 1014 566 τὸ
1031 501 1241 586 ἄκατέργαστον
1262 501 1305 567 ἔτι
1319 504 1367 566 καὶ
1382 501 1508 567 ἄπεπτον

261 607 333 690 αἷμα
355 607 414 669 ἄπδ
434 610 492 668 τῶν
514 607 580 689 περὶ
601 606 634 669 τὸ
655 605 735 690 ἧπαρ
758 605 854 669 τόπων
877 606 1024 690 δεχομένῃ
1047 605 1215 669 πέσσων-ἐν
1231 605 1318 688 αὐτῇ,
1341 608 1371 669 αἱ
1392 607 1424 669 δὲ
1439 606 1509 689 πρὸς

262 708 313 791 τὴν
334 706 495 792 τοῦμπαλιν
519 707 591 792 μετὰ
610 709 662 792 τὴν
679 710 867 794 κατεργασίαν
889 732 921 772 τε
942 710 990 772 κοιλ
1012 708 1098 793 πέψιν
1114 708 1161 770 ἐπὶ
1183 712 1240 771 πᾶν
1262 708 1295 771 τὸ
1312 713 1398 789 σῶμα
1421 730 1510 791 παρα·
1524 723 1550 766 15

261 814 389 896 πομπήν.
424 813 468 874 διδ
491 813 539 875 καλ
561 810 711 896 εὐρύτεροι
733 812 784 896 μὲν
812 813 877 897 περὶ
897 812 949 895 τὴν
972 811 1099 894 καρδίαν,
1122 810 1173 874 σ’ίτε
1196 808 1237 873 ἔτι
1259 808 1343 874 οὖσαι
1364 809 1508 895 ἄσχιστον,

232 919 413 998 επροϊοῦσαι
435 914 468 978 δὲ
481 914 523 984 είς
545 914 578 977 τὸ
603 912 731 998 πρόσθεν
754 914 906 999 σχίζονταί
925 937 956 977 τε
978 915 1019 983 εἰς
1038 914 1128 976 πλείω
1151 914 1199 977 καὶ
1221 913 1263 981 είς
1285 912 1441 996 στενότητα
1463 935 1510 977 συ·

261 1020 393 1100 νάηονται
415 1017 489 1079 κατὰ
510 1017 544 1079 τὸ
567 1022 618 1100 τῆς
641 1016 808 1101 διαιρέσεως
829 1017 952 1101 πλῆθος.
992 1016 1138 1079 ἀλλὰκαὶ
1161 1015 1194 1078 τδ
1216 1017 1333 1100 πρώτην
1356 1017 1510 1102 φαίνεσθαι

259 1123 312 1204 τὴν
328 1120 445 1204 καρδίαν
461 1119 681 1203 διηρθρωμένην
703 1117 873 1183 τῶνᾶλλων
897 1124 993 1203 μερῶν
1016 1123 1136 1202 σημεῖον
1158 1121 1209 1180 τοῦ
1225 1121 1349 1200 μαλιστα
1369 1120 1418 1182 καὶ
1433 1122 1510 1203 πρώ·

259 1245 311 1308 την
333 1222 439 1307 ταότην
460 1221 621 1307 τρέφεσθαί
644 1223 745 1285 τεκαὶ
768 1223 820 1305 τὴν
843 1223 1000 1307 θρεπτικὴν
1028 1221 1145 1304 δύναμιν
1169 1218 1247 1305 ἔχειν
1274 1221 1304 1284 ἐν
1327 1220 1413 1304 αὐτῇ.
1458 1226 1509 1284 τοῦ

258 1327 293 1389 δὲ
314 1328 378 1410 περὶ
401 1326 453 1410 τὴν
474 1326 593 1409 καρδίαν
623 1323 769 1407 εἶναιτὴν
793 1327 917 1409 ζωτικὴν
943 1325 991 1388 καὶ
1012 1324 1170 1407 θρεπτικὴν
1198 1324 1295 1408 ψυχὴν
1319 1327 1439 1408 σημεῖον
1461 1325 1509 1387 καὶ

215 1429 292 1491 ιυτδ
315 1428 345 1492 ἐν
367 1433 427 1496 τοῖς
448 1428 584 1496 θανάτοις
610 1427 716 1510 ταότην
743 1428 907 1491 τελευταίαν
935 1425 1155 1512 ἄποψόχεσθοιι,
1186 1427 1284 1510 ὥσπερ
1310 1426 1509 1510 ἀναλυομένης
1522 1444 1551 1486 νο

257 1537 312 1615 τῆς
332 1530 448 1616 φόσεωτ
468 1531 517 1594 καὶ
539 1529 788 1614 παλινδρομούσης
814 1531 862 1594 ἐπὶ
885 1531 937 1614 τὴν
960 1531 1054 1615 ἀρχὴν
1085 1529 1143 1592 ἄπδ
1169 1534 1228 1592 τῶν
1251 1528 1385 1614 ἐσχάτων
1407 1532 1509 1593 τεκαὶ

259 1637 331 1719 ρᾷον
353 1634 412 1696 ἀπὸ
434 1637 485 1696 τοῦ
515 1637 568 1717 ζῆν
591 1633 784 1718 μεθίστασθαι
812 1633 987 1715 δυναμένων.
1032 1634 1062 1696 ἐν
1085 1638 1122 1716 τῇ
1144 1632 1246 1715 καρδία
1275 1631 1300 1694 δ’
1329 1631 1363 1695 ἄν
1386 1634 1406 1717 ἡ
1429 1634 1507 1718 ἄρχὴ

257 1742 312 1800 τοῦ
334 1741 387 1820 ζῆν
409 1735 482 1799 είναι
504 1735 667 1799 πιστεύοιτο
689 1736 738 1798 καὶ
758 1734 885 1799 καθόσον
909 1733 966 1811 ἔδει
990 1737 1042 1818 μὲν
1064 1736 1152 1819 ἐντῷ
1176 1736 1387 1821 ἀσφαλεστάτῳ
1408 1759 1440 1799 τε
1461 1738 1510 1800 καὶ

262 1839 493 1924 δυσπαθεστάτιρ
516 1837 588 1901 εἶναι
610 1836 701 1922 αὐτὴν
724 1841 766 1906 ώς
787 1837 848 1901 οίόν
863 1862 904 1901 τε.
938 1838 968 1900 έν
984 1843 1056 1901 πᾶσι
1077 1837 1131 1922 γὰρ
1153 1862 1173 1921 η
1193 1837 1278 1921 φόσις
1301 1843 1353 1921 τῆς
1367 1843 1419 1902 τοῦ
1440 1837 1504 1903 κατ’

217 1958 246 2002 ιο
259 1941 351 2025 αὐτὴν
372 1942 524 2026 γινομένου
547 1942 691 2027 σωτηρίας
713 1943 895 2026 στοχάζεται.
937 1941 1156 2025 ἀσφαλέστατον
1178 1941 1211 2003 δὲ
1232 1941 1265 2002 τδ
1289 1940 1387 2024 μέσον.
1424 1946 1509 2006 τοῦτο

258 2047 294 2111 δέ
314 2048 391 2110 ἐστιν
419 2046 435 2108 ό
463 2045 564 2129 θώραξ
590 2045 692 2108 τεκαὶ
720 2045 736 2107 ό
759 2044 823 2127 περὶ
849 2044 902 2127 τὴν
924 2043 1041 2127 καρδίαν
1067 2043 1164 2113 τόπος.
1210 2043 1356 2108 ἀλλὰκαὶ
1382 2044 1510 2109 καθόσον
1523 2061 1551 2104 νο

258 2148 343 2218 οὖτος
364 2150 396 2212 ἐν
419 2148 502 2234 μέσφ
525 2149 586 2211 ἐστὶ
608 2151 666 2210 τῶν
688 2147 816 2231 ὀργάνων
846 2150 904 2209 τῶν
928 2170 959 2210 τε
981 2143 1017 2210 δι’
1046 2148 1086 2210 ών
1108 2148 1160 2230 τὴν
1181 2149 1291 2232 τροφὴν
1313 2150 1509 2233 λαμβάνομεν,

258 2254 308 2317 καί
330 2257 406 2327 τῶν,
436 2250 473 2313 δι’
501 2251 542 2313 ών
565 2249 830 2333 ἀποσκευαζόμεθα
860 2249 895 2313 τὰ
918 2246 968 2311 ἄπ’
996 2249 1087 2334 αὐτῆς
1113 2253 1316 2335 περιττώματα
1338 2251 1510 2338 ἀμφοτέρων

258 2355 390 2440 ἐχόντων
413 2354 475 2418 τινὰ
490 2354 671 2439 δυσχέρειαν,
693 2351 830 2416 καὶκατὰ
852 2356 936 2415 τοῦτο
959 2349 1006 2435 εἴη
1029 2351 1062 2414 ἄν
1078 2352 1108 2415 ἐν
1124 2354 1211 2438 τῷδε.
1248 2340 1290 2417 ἔτι
1311 2355 1360 2417 καὶ
1381 2354 1509 2419 καθόσον

216 2476 245 2521 2⁰
259 2458 291 2521 ἐν
313 2459 396 2542 μέσιρ
423 2459 464 2520 ὢν
492 2458 564 2542 πρὸς
586 2456 677 2541 ἄμφω
705 2454 738 2517 ἄν
766 2455 802 2518 τὰ
824 2454 899 2538 μέρη
920 2455 1029 2538 ὁμοίως
1055 2451 1120 2539 ἔχοι
1148 2457 1195 2518 καὶ
1218 2456 1325 2537 ὁμοίως
1355 2456 1388 2520 ἄν
1411 2456 1510 2528 αὐτοῖς

258 2562 434 2647 ἀμφοτέροις
455 2563 580 2646 χορηηοῐ
600 2562 654 2642 τῆς
674 2562 796 2642 τροφῆς,
825 2559 873 2620 καὶ
895 2557 928 2620 οὐ
951 2562 1011 2627 τοῖς
1034 2558 1086 2641 μὲν
1113 2560 1235 2642 πλήσιον
1262 2564 1323 2628 τοῖς
1345 2560 1378 2623 δὲ
1399 2559 1508 2646 πόρρω,

258 2667 306 2728 καὶ
328 2664 404 2728 κατὰ
425 2667 510 2726 τοῦτο
533 2660 568 2723 ἄν
584 2659 629 2744 εἴη
652 2660 718 2743 περὶ
732 2659 861 2744 καρδίαν.
896 2660 944 2723 καὶ
966 2661 1020 2744 γάρ
1043 2661 1118 2723 ἐστιν
1140 2661 1156 2724 ό
1177 2662 1229 2742 μὲν
1251 2662 1351 2748 θώραξ
1373 2664 1406 2726 τδ
1423 2669 1510 2748 σῶμα

260 2772 311 2831 τοῦ
326 2765 416 2852 ζῴου,
437 2765 474 2829 τὰ
497 2766 523 2827 δ’
544 2764 619 2828 ἄλλα
634 2765 675 2831 ώς
691 2761 798 2845 όρηανα
819 2762 921 2835 τούτου
944 2764 992 2825 καὶ
1010 2767 1063 2846 τῆς
1086 2762 1116 2825 ἐν
1132 2764 1227 2850 τοότιρ
1250 2767 1401 2848 δυνάμεως
1416 2767 1509 2851 τοότιρ
1523 2784 1552 2827 ου

257 2869 474 2955 προσπέφυκεν.
511 2866 556 2930 διὸ
579 2865 707 2947 εδλόγως
729 2863 763 2926 ἄν
786 2864 816 2927 ἐν
839 2865 932 2950 τοότιρ
955 2863 1002 2949 εἴη
1023 2867 1138 2951 ὴάρχὴ
1161 2869 1257 2951 ὴτοῖς
1279 2869 1409 2954 δρηοίνοις
1431 2893 1507 2955 χρω-

215 2990 244 3034 25
259 2973 342 3057 μένη.
387 2970 430 3035 ἔτι
451 2972 485 3034 δὲ
506 2970 554 3033 καὶ
579 2967 707 3033 καθόσον
733 2968 785 3050 τὴν
816 2968 868 3051 μὲν
892 2969 990 3051 κοινὴν
1018 2968 1136 3049 δύναμιν
1163 2975 1222 3039 τοῖς
1249 2969 1336 3055 ζῴοις
1357 2976 1443 3035 πᾶσιν
1464 2972 1509 3037 εό-

258 3081 343 3159 λογον
365 3076 397 3138 έν
419 3079 461 3158 τῷ
481 3075 571 3156 κοινῷ
593 3075 679 3135 πᾶσιν
702 3070 800 3139 αὐτοῖς
821 3070 894 3134 είναι
916 3073 1040 3154 σώματι,
1063 3072 1143 3156 κοινὴ
1167 3073 1199 3135 δὲ
1219 3072 1337 3157 δόναμις
1359 3075 1389 3138 ἐν
1412 3074 1510 3147 αὐτοῖς

205 3383 274 3436 1-3
292 3379 684 3452 διακονοῦνται-παραπομπὴν]
704 3380 798 3433 dienen
810 3380 874 3445 ihm,
892 3379 979 3432 indem
998 3380 1036 3433 sic
1054 3380 1084 3431 in
1097 3379 1215 3434 desselbe
1233 3382 1353 3449 giessen,
1364 3398 1416 3435 wne
1434 3384 1463 3437 in
1481 3385 1563 3440 ihnen

201 3489 237 3525 nn
260 3471 323 3524 Blnt
344 3472 393 3535 iel,
415 3470 508 3534 demit,
531 3483 606 3521 wenn
628 3467 657 3519 in
681 3466 799 3520 dceeelbe
822 3467 868 3519 dee
892 3467 955 3520 Blut
976 3467 1096 3534 gelangt,
1121 3467 1213 3521 deeeen
1231 3469 1339 3522 Kochcn
1361 3471 1435 3523 nicht
1458 3477 1506 3540 gut
1528 3474 1564 3527 ist

201 3560 259 3612 nnd
277 3559 371 3612 descen
389 3557 590 3623 Einlrocknung
606 3555 680 3607 nicht
698 3555 806 3607 hereilet
823 3556 868 3618 ist,
885 3554 994 3606 welches
1013 3570 1040 3607 ee
1059 3559 1184 3622 getregen
1202 3556 1255 3621 het,
1273 3572 1325 3609 vcn
1344 3556 1433 3610 Seiten
1452 3560 1497 3612 der
1514 3560 1562 3613 Le·
1632 3586 1636 3593 ·

202 3650 264 3711 ber,
284 3662 312 3699 ee
330 3644 449 3699 desselbe
468 3643 619 3697 eintrockne
636 3642 692 3695 und
710 3641 757 3694 des
774 3642 883 3694 Kochen
904 3642 1014 3705 bereite3
1037 3642 1093 3695 und
1116 3643 1202 3710 einige
1221 3643 1317 3696 dienen
1339 3645 1392 3697 ihm
1412 3644 1491 3700 durch
1515 3648 1562 3700 des

201 3733 309 3801 ‘l'mgen
327 3727 540 3799 (Verbreitenll)
559 3729 642 3783 dieses
661 3729 764 3794 Blutee‚
789 3729 916 3782 nechdem
940 3729 986 3781 des
1005 3729 1112 3783 Kochen
1136 3729 1273 3782 desselben
1291 3735 1339 3797 gut
1360 3732 1415 3784 und
1434 3732 1481 3786 dee
1498 3734 1562 3787 Ein-

200 3821 329 3874 trceknen
348 3821 457 3873 bereltet
474 3820 517 3880 iet,
536 3815 640 3885 [demit]
659 3833 687 3870 es
706 3816 823 3870 desselbe
841 3817 870 3868 in
888 3816 938 3869 elle
957 3817 1068 3885 hhrlgen
1086 3816 1191 3870 Glieder
1209 3818 1255 3870 dee
1272 3818 1386 3885 Κότροτο
1404 3821 1509 3874 echiche

202 3908 274 3960 6—'1
291 3906 322 3960 τδ
340 3901 680 3978 πρώτην-διηρθρωμένην]
699 3903 759 3956 dees
778 3905 824 3957 wir
841 3903 929 3968 eehen,
948 3904 1008 3956 dees
1026 3904 1073 3957 des
1092 3905 1158 3957 Herz
1177 3911 1262 3957 zueret
1280 3905 1427 3974 geschcffen
1445 3908 1499 3961 und
1518 3924 1562 3977 ge·

201 3996 299 4048 lentert
317 3993 500 4062 (eusgcbildet)
519 3992 583 4045 wird
682 3991 698 4043 9
716 3991 763 4061 τὴν
781 3968 1025 4065 ίωτικὴν-ψυχὴν]
1045 3992 1086 4045 die
1105 3992 1214 4045 lebende
1231 3992 1312 4058 Seele,
1330 3994 1376 4046 wir
1394 3995 1497 4047 melnen
1515 3996 1563 4049 dee

201 4083 293 4136 Leben
311 4081 367 4133 und
385 4082 427 4134 dle
444 4080 599 4146 Ernehrnng
707 4077 740 4130 10
766 4076 863 4148 ὥσπερ]
883 4080 939 4131 weil
1048 4079 1079 4130 16
1106 4076 1204 4150 θώραξ]
1224 4078 1289 4132 Olen
1308 4080 1353 4132 der
1371 4080 1449 4134 Bruet

204 4168 308 4222 17-19
326 4174 380 4221 τῶν
395 4186 424 4220 τι
436 4165 469 4219 δι’
484 4164 710 4240 ἴον-δυσχέρειαν]
731 4164 870 4234 [zwlschen
888 4167 938 4219 den
952 4150 1094 4235 Orgenen]‚
1112 4166 1206 4219 welche
1224 4166 1266 4219 die
1285 4166 1475 4222 Extremithten
1493 4171 1563 4237 sind,

200 4257 258 4309 und
280 4258 311 4309 in
328 4256 424 4309 welche
446 4271 474 4308 es
492 4255 534 4308 die
552 4253 755 4319 Ueherechfieee,
777 4253 872 4306 welche
891 4269 938 4306 cus
956 4255 1009 4306 ihm
1033 4254 1181 4318 entstehen,
1203 4253 1284 4319 wirlt,
1306 4254 1349 4307 die
1367 4255 1461 4309 beiden
1480 4258 1562 4311 Arten

201 4346 250 4398 cler
267 4343 371 4413 Orgnne
389 4340 626 4412 gemeinschaftlich
645 4345 722 4393 etwas
741 4339 834 4394 Uehlee
853 4341 918 4393 trifft
936 4340 995 4408 (sic)
1102 4340 1136 4393 23
1154 4339 1296 4410 δυνάμεως]
1315 4341 1360 4395 der
1378 4342 1451 4397 Seele

204 4635 339 4705 Ιαίιτὴιι
445 4635 556 4687 ἄπεπτον
575 4635 609 4686 V:
629 4633 797 4686 ἄπταιστοντι
902 4632 1039 4706 θὴπαριι
1144 4634 1267 4706 διχομίνη
1286 4636 1322 4687 V:
1341 4634 1464 4707 δεχομένη
1483 4654 1500 4689 ε

200 4722 403 4795 δευρώτιραιε
491 4721 561 4779 θείς
579 4720 715 4791 στενότητα
733 4736 761 4773 c:
780 4719 801 4772 τί
820 4719 996 4790 στενόπητοθ
1085 4721 1185 4775 θένα
1273 4721 1337 4799 ebe-[2
1356 4725 1396 4778 Ve
1486 4725 1518 4777 13
1536 4724 1563 4776 ἐν

200 4814 245 4881 τῷ
263 4812 286 4863 V
305 4828 346 4864 ex.
364 4811 446 4863 vich:
466 4808 572 4880 αθτῷο
683 4809 716 4860 14
743 4823 823 4876 ευριο
840 4806 919 4877 αδτὴν
938 4806 1056 4860 liturcV
1167 4808 1202 4862 20
1228 4808 1315 4879 ἔχετε
1424 4812 1455 4863 21
1485 4828 1562 4884 χορη-

203 4905 262 4972 ηοοῖ
279 4899 313 4950 V:
331 4903 437 4969 χορηγεῖ
453 4913 469 4950 ιι
573 4897 618 4949 καὶ
635 4897 661 4949 ἐν
679 4901 764 4955 cclcc
871 4894 905 4947 ‘ll
923 4895 939 4966 ὴ
957 4899 1018 4948 ente
1036 4901 1087 4955 τοῖς
1105 4912 1184 4966 snpra
1202 4897 1248 4949 lin.
1267 4898 1289 4951 V
