3540 5610
191 319 234 384 62
473 300 476 305 ’
672 315 874 387 Αιιικκιιριιι
893 316 937 370 er:
956 316 1064 370 λιιιιιι

246 490 401 556 ἀδύνατον.
430 491 456 554 εἰ
479 487 504 554 θ’
532 489 620 558 ἀλλος
647 490 663 552 ό
686 489 792 574 τρόπος
818 494 871 573 τῆς
893 489 949 553 ὑπὸ
977 492 1034 552 τῶν
1057 489 1205 574 αἰσθητῶν
1228 489 1428 572 κινήσεως-τῇ
1450 487 1491 551 αἰ-

247 594 353 678 σθήσει
376 595 424 658 καὶ
446 594 503 678 οὐχ
531 596 572 662 ῶς
595 593 648 675 ῦλη
676 597 734 655 τῶν
757 587 907 677 αἰσθητῶν
934 592 971 655 τά
993 592 1074 677 παθη
1103 592 1221 677 δέχεται
1247 589 1282 653 τά
1304 592 1492 675 αἰσθητήρια,
1518 606 1534 649 e

246 695 340 759 οὐκέτ’
369 695 403 760 ἀν
426 686 534 778 ὁμοίως
556 695 664 780 ἄπορον
687 693 743 777 εἴη.
790 693 834 758 ότι
855 695 909 778 γὰρ
938 695 995 780 οὐχ
1018 698 1059 763 ῶς
1086 694 1140 778 ῦλη
1164 693 1281 778 δέχεται
1308 694 1448 777 τὰπάθη
1471 719 1490 777 η

246 795 311 882 ὄψις
332 798 458 883 ἐναργές.
494 799 608 881 όρῶμεν
631 796 686 880 γὰρ
709 796 752 860 ότι
775 795 809 860 οὐ
828 797 935 880 γίνεται
957 799 976 880 ἡ
1002 796 1067 882 όψις
1089 797 1210 881 μέλαινα
1233 797 1280 860 καί
1299 798 1399 880 λευκή,
1422 797 1490 860 όταν

218 899 363 964 υέκείνων
385 901 569 984 αἰσθάνηται.
607 897 666 963 ἀλλ’
695 899 764 963 οῦδὲ
785 901 801 963 ό
824 899 1043 984 τειρωτισμένος
1066 901 1134 984 ἀήρ,
1157 900 1248 962 καίτοι
1271 898 1491 981 διακονούμενος

244 1007 282 1087 τῇ
307 1001 372 1089 ὄψει
395 1005 466 1088 πρὸς
488 1004 541 1086 τὴν
556 1002 704 1086 ἀντίληψιν
728 1008 785 1065 τῶν
800 1005 966 1087 χρωμάτων
989 1003 1037 1066 διὰ
1058 1002 1109 1066 τοῦ
1124 1001 1212 1070 αὐτὸς
1235 999 1282 1064 ὑπ’
1303 1001 1399 1064 αὐτῶν
1415 1006 1512 1085 eps·

136 1097 141 1107 ⁸
245 1129 293 1183 τος
315 1108 458 1170 κινεῖσθαι
481 1107 528 1169 καὶ
552 1105 641 1186 μέλας
663 1105 749 1174 αὐτὸς
772 1104 791 1188 ἦ
813 1106 919 1174 λευκὸς
940 1105 1068 1186 γίνεσθαι
1091 1109 1175 1169 τοῦτο
1197 1108 1282 1167 ποιεῖ.
1316 1103 1399 1173 οὐδὲν
1423 1107 1490 1185 γοῦν

245 1210 351 1272 κωλῦει
377 1209 425 1272 θιά
451 1212 513 1301 τοῦ.
531 1207 620 1271 αὐτοῦ
650 1209 699 1271 τὸν
726 1208 779 1291 μὲν
808 1206 931 1290 μέλανος
954 1207 1217 1292 ἀντιλαμβάνεσθαι
1244 1207 1292 1270 τθν
1318 1207 1351 1269 δὲ
1373 1208 1490 1277 λευκοῦ,

245 1309 314 1374 όταν
336 1311 476 1395 κειμένων
502 1315 553 1374 τοῦ
579 1333 612 1373 τε
634 1313 739 1374 λευκοῦ
767 1310 815 1372 καὶ
842 1314 893 1372 τοῦ
917 1309 1039 1391 μέλανος
1066 1306 1111 1372 ἐπ’
1139 1309 1254 1379 εὐθείας
1275 1316 1332 1372 τῶν
1355 1310 1490 1392 ὁρώντων
1505 1325 1532 1367 ιυ

131 1489 135 1495 .
163 1438 170 1455 ·
206 1410 319 1475 ιυαῦτά
342 1415 382 1498 μὴ
405 1415 439 1478 τό
461 1413 523 1478 κατ’
552 1412 640 1476 αὐτὸν
663 1413 799 1495 ἑκάτερος
819 1411 916 1475 αὐτῶν
940 1414 1070 1494 κείμενον
1092 1418 1199 1497 χρῶμα
1222 1413 1332 1497 βλέπη,
1360 1412 1436 1475 ἀλλά
1457 1413 1490 1475 τό

244 1515 319 1579 κατὰ
340 1517 388 1580 τὸν
411 1517 518 1601 ἕτερον.
563 1508 622 1578 ἀλλ’
649 1513 710 1577 οὐδ’
739 1515 764 1576 εἰ
787 1514 877 1598 μέλας
902 1516 950 1578 καί
973 1517 1074 1584 λευκός
1097 1516 1240 1597 ἀλλήλους
1261 1514 1371 1600 όρηῑεν,
1401 1517 1491 1578 κεκῶ·

245 1621 326 1682 λυται
349 1619 364 1681 ό
389 1619 493 1702 μεταξὺ
521 1619 579 1702 ἀὴρ
602 1616 777 1702 ἀμφοτέροις
802 1616 900 1687 αὐτοῖς
927 1617 989 1700 ἀρα
1011 1618 1207 1681 διακονεῖσθαι
1233 1621 1276 1701 τῷ
1305 1618 1345 1701 μὴ
1369 1617 1490 1701 παθητι-

246 1724 307 1790 κῶς
329 1722 403 1805 μηδὲ
425 1725 466 1791 ῶς
489 1722 543 1806 ῦλη
564 1719 711 1804 γινόμενος
732 1717 829 1782 αὐτῶν
854 1718 902 1782 ὑπ’
927 1719 1023 1783 αὐτῶν
1046 1721 1197 1783 κινεῖσθαι.
1232 1720 1300 1783 οὐδὲ
1321 1720 1357 1783 τά
1380 1720 1492 1788 ἐντοῖς

245 1822 415 1907 κατόπτροις
438 1824 470 1886 δὲ
492 1825 511 1907 ἦ
535 1824 565 1887 ἐν
587 1828 647 1893 τοῖς
670 1824 767 1887 ὕδασιν
794 1820 992 1906 ἐμφαινόμενα
1014 1825 1159 1907 χρώματα
1181 1828 1298 1887 τοιαῦτα
1320 1822 1395 1886 αῦτά
1416 1827 1495 1884 ποιεῖ

206 1941 232 1985 15
246 1927 335 1990 ὁποῖά
356 1926 431 1990 ἐστιν
453 1926 537 1990 αὐτά.
579 1925 761 2010 συμπαόεται
782 1928 851 2007 γοῦν
874 1925 997 1989 ἑκάστου
1020 1925 1127 1988 τούτων
1151 1927 1169 2008 ἡ
1193 1927 1251 1989 ἀπὸ
1275 1930 1324 1990 τοῦ
1346 1926 1490 2008 αἰσθητοῦ
1504 1941 1532 1983 ιι

245 2030 355 2115 κίνησις
377 2030 407 2093 έν
428 2028 527 2105 αὐτοῖς
549 2028 694 2112 γινομένη,
717 2027 785 2090 όταν
809 2027 912 2111 μηκέτι
933 2025 954 2111 ᾖ
978 2029 1068 2111 ταρθν
1090 2030 1124 2091 τό
1147 2027 1296 2111 αἰσθητόν.
1334 2028 1360 2091 εἰ
1382 2028 1417 2111 θη
1441 2030 1490 2092 καὶ
1576 2023 1581 2033 ’

246 2120 293 2195 &rel
315 2137 373 2195 τῶν
395 2132 594 2216 αἰσθητηρίων
621 2130 714 2199 οῦτως
735 2130 840 2212 γίνοιτο
871 2130 907 2193 τά
928 2132 1011 2216 πάθη
1038 2131 1068 2194 ἐν
1090 2135 1133 2215 τιγῑ
1161 2132 1212 2214 τὴν
1235 2129 1371 2212 αἴσθησιν
1394 2128 1492 2215 ἔχοντι

246 2238 369 2317 σώματι,
392 2236 546 2318 δυνήσεται
568 2234 641 2296 κατὰ
663 2234 715 2317 τὴν
738 2234 863 2316 πάροῦον
889 2232 985 2296 αὐτῶν
1014 2235 1032 2317 ἡ
1056 2234 1175 2315 δύναμις
1202 2235 1220 2317 ἷη
1244 2233 1400 2317 αἰσθητικὴ
1424 2234 1491 2297 πάν-

245 2361 303 2401 των
326 2338 378 2421 μὲν
399 2342 457 2400 τῶν
479 2337 628 2419 αἰσθητῶν
651 2335 936 2420 ἀντιλαμβανομένη,
966 2334 1000 2399 οῦ
1023 2338 1081 2420 μὴν
1103 2337 1218 2399 πάντων
1244 2334 1292 2398 θιά
1313 2339 1371 2398 τῶν
1393 2336 1489 2401 αἰιτῶν

205 2454 232 2499 so
247 2441 387 2525 ὀργάνων,
409 2441 445 2522 ἣν
468 2441 516 2502 καί
539 2439 636 2521 κοινὴν
658 2436 795 2521 αἴσθησιν
817 2441 968 2513 καλοῦσιν,
994 2439 1097 2522 κρίνειν
1126 2462 1157 2500 τε
1179 2437 1301 2502 ἕκαστον
1323 2438 1419 2503 αἰιτῶν
1442 2440 1491 2503 καί

246 2543 389 2628 γνωρίζειν
419 2541 516 2605 αἰιτῶν
549 2541 600 2610 τάς
630 2542 702 2625 πρὸς
733 2539 846 2624 ἀλληλα
879 2541 1018 2626 ῦιαροράς
1049 2542 1089 2624 μὴ
1122 2542 1152 2604 ἐν
1184 2541 1352 2625 διηρημένιρ
1380 2542 1490 2627 χρόνῳ,

246 2647 321 2709 ἀλλὰ
342 2630 372 2709 έν
395 2647 437 2709 ένί
458 2668 489 2708 τε
511 2644 559 2709 καὶ
582 2649 707 2728 συνεχεῖ.
753 2642 796 2706 ἔτι
817 2645 950 2707 δοκεῖτὸ
974 2642 1047 2726 μετὰ
1069 2648 1198 2728 ψυχικῆς
1224 2645 1375 2726 δυνάμεως
1398 2644 1491 2715 οὕτως
1504 2662 1533 2704 ου

191 2869 320 2939 όκαίτοι]
334 2868 395 2922 ¹rreil
424 2911 426 2916 ,
503 2867 571 2919 h—'l
590 2865 643 2919 ἀλλ’
663 2864 830 2918 οῦδὲ-τοῦτο
848 2865 924 2934 ποιεῖ]
943 2868 1008 2919 euch
1028 2867 1102 2919 nieht
1121 2867 1163 2920 die
1182 2867 1251 2929 hell,
1269 2867 1311 2921 die
1330 2867 1377 2920 des
1394 2867 1471 2922 Licht
1488 2868 1544 2922 eul-

191 2960 293 3023 nimmh
312 2956 368 3011 weil
380 2954 484 3022 (demit)
503 2970 536 3007 es
549 2954 607 3008 dem
620 2952 728 3007 Gesicht
746 2970 791 3006 zur
803 2954 1019 3022 Wehrnehmung
1036 2955 1081 3007 der
1095 2954 1197 3009 Ferhen
1209 2955 1290 3020 dicul,
1309 2955 1394 3008 indem
1408 2958 1446 3009 sie
1458 2962 1546 3010 zueret

117 3111 121 3120 Ι
191 3061 243 3099 ron
261 3045 341 3097 ihnen
358 3044 459 3111 hewegt
476 3042 548 3107 wird,
566 3041 622 3095 dies
641 3041 757 3105 benicet,
776 3042 861 3095 indem
882 3043 920 3095 sie
937 3043 1050 3095 schwerz
1068 3042 1130 3095 eder
1147 3044 1222 3096 weiss
1242 3043 1304 3095 rrird
1402 3042 1481 3096 8όιά
1498 3040 1545 3096 τοῦ

190 3131 281 3200 ebech]
299 3130 380 3184 durch
398 3131 441 3182 ein
459 3130 514 3182 und
533 3129 647 3182 dieeelbe
665 3128 727 3181 Luft
817 3128 915 3182 10-11
937 3130 972 3199 γἰη
990 3132 1019 3182 τὸ
1037 3127 1096 3181 κατ’
1112 3128 1188 3182 αἰντῦν
1206 3129 1452 3201 κείμενον-ἕτερον]
1466 3131 1545 3185 nicht

190 3221 233 3274 die
250 3218 343 3282 Pube,
361 3216 402 3270 die
419 3218 449 3269 in
466 3216 616 3269 demeelhen
634 3215 716 3269 selhsl
733 3216 778 3280 iet,
796 3217 908 3270 condem
927 3218 969 3271 die
987 3216 1082 3283 Ferbe,
1100 3217 1142 3270 die
1161 3219 1189 3270 in
1207 3217 1264 3271 dem
1284 3218 1381 3271 andern
1399 3218 1434 3271 iet

143 3370 147 3379 Ι
193 3302 563 3376 11ρέλαςκα1λιυκθς]οἰιι
581 3304 682 3356 weisser
700 3302 753 3355 und
773 3304 816 3356 ein
835 3305 976 3358 schwarzer
1081 3305 1112 3357 12
1130 3305 1144 3358 ό
1163 3303 1254 3373 μεταξὺ
1273 3305 1332 3376 ἀὴρ]
1353 3306 1395 3358 die
1413 3305 1484 3372 Lult,
1501 3307 1544 3360 die

190 3395 318 3449 zwischen
337 3391 453 3446 beiden
471 3391 508 3444 iet
607 3390 639 3443 13
657 3389 701 3442 ὑπ’
722 3389 820 3460 αὐτῶν]
839 3406 890 3445 νου
909 3392 1003 3445 beiden
1099 3392 1201 3444 15-16
1220 3391 1543 3464 συμααόιται-αἰσθητόν]

190 3484 241 3537 θοι
258 3481 358 3536 Beweie
376 3479 451 3532 defer
468 3480 517 3543 ist,
540 3479 600 3532 dese
618 3479 657 3532 sie
675 3493 727 3530 ron
746 3478 819 3548 jeder
837 3480 912 3547 jener
931 3481 1126 3548 Berregungen,
1151 3480 1245 3533 welche
1264 3481 1292 3533 in
1311 3481 1389 3534 ihnen
1414 3495 1467 3534 ron
1485 3482 1543 3535 dem

190 3567 389 3637 Sinnesohjehte
414 3564 485 3635 [cus]
509 3566 658 3631 ουίοῑοίιοιι,
684 3565 782 3635 gesthrt
805 3565 904 3618 werden
929 3566 996 3618 heim
1023 3567 1148 3619 Weiehen
1176 3568 1222 3619 (les
1244 3567 1458 3637 Sinuesehjehles
1488 3568 1542 3622 und

190 3658 285 3711 dessen
302 3656 446 3723 Trennung
463 3664 515 3706 νου
533 3654 614 3706 ihnen
722 3653 823 3705 18-19
845 3651 1254 3725 δυνήσεται-ἀντιλαμβανομένη]
1274 3670 1303 3707 ου
1322 3657 1403 3708 isles
1422 3656 1543 3725 meglich,

190 3745 251 3798 dass
273 3744 316 3797 die
335 3740 548 3795 wehrnehmende
565 3741 655 3806 hrcle,
678 3740 773 3793 welche
795 3740 845 3793 elle
864 3739 1063 3806 Sinuesebjekte
1081 3741 1256 3807 wehmimmt,
1281 3739 1381 3811 [einel]
1401 3743 1438 3795 sei

192 3832 224 3883 19
251 3833 354 3883 πάντων
373 3845 423 3882 em.
537 3827 578 3880 διὰ
595 3833 648 3879 τῶν
666 3825 763 3895 αὐτῶν]
783 3826 863 3879 durch
882 3829 925 3880 ein
944 3827 1031 3896 Orgen
1143 3828 1177 3880 20
1200 3824 1379 3902 ,ἣν-κρίνειν]
1399 3830 1452 3883 und
1471 3830 1544 3884 diese

189 3917 278 3983 Krelt,
296 3917 391 3970 welche
409 3916 455 3970 der
473 3914 729 3984 gemeinschaftliche
747 3915 814 3967 Sinn
832 3914 923 3980 heisst,
941 3914 1050 3967 erhennt
1155 3915 1260 3968 ἕκαστον
1279 3916 1377 3985 αψτῶν]
1392 3917 1453 3986 jede
1469 3918 1543 3986 jener

189 4004 299 4074 Spuren,
316 4020 404 4057 wenn
422 4003 470 4056 eie
488 4002 544 4055 aul
559 4003 615 4054 ihn
633 4000 814 4069 fihergehen
922 3999 955 4052 22
974 4000 1049 4070 μετὰ]
1069 4018 1157 4071 hegen
1211 4048 1214 4053 .

191 4194 336 4263 lheupre
353 4194 432 4247 lin.v
537 4189 610 4245 4ότι
631 4193 664 4243 V:
683 4191 765 4261 ἀραο
870 4191 951 4244 ’1καί
969 4198 1118 4261 corruptum
1136 4198 1184 4246 est.
1220 4195 1276 4263 lege
1294 4196 1340 4264 τῷ.
1377 4199 1479 4248 tentum
1496 4211 1542 4248 ne·

189 4286 265 4352 μου
283 4296 344 4335 aere
360 4281 478 4334 colorari.
505 4280 543 4334 cf.
561 4280 612 4347 int.
629 4280 700 4333 hebr.
780 4278 796 4329 9
815 4277 848 4332 cl.
867 4279 943 4333 Alex.
962 4279 993 4331 de
1011 4295 1080 4332 sens.
1099 4295 1190 4333 comm.
1203 4280 1282 4348 63,10
1299 4280 1329 4333 rh
1347 4281 1371 4334 θ’
1387 4280 1448 4334 αιἰτό
1466 4286 1542 4335 τοῦτο

190 4370 287 4440 ἀνάγκη
306 4365 424 4438 γίνεσθαι,
442 4368 486 4420 καί
504 4367 525 4419 εἰ
543 4364 586 4420 che
604 4368 667 4426 τινές
685 4366 733 4419 :hv
752 4367 775 4418 οἰ
793 4364 902 4437 ὁρῶντες
924 4366 1040 4437 ἄντικρυς
1060 4369 1164 4426 έστῶτες
1183 4366 1313 4435 ἀλλήλων,
1336 4367 1373 4437 εἰη
1392 4368 1418 4421 hl
1440 4368 1480 4421 ἐπ’
1502 4369 1541 4422 τίν-

189 4455 259 4514 θιίας
276 4457 389 4528 ἰκατέριρ
407 4461 460 4508 τῶν
479 4453 598 4527 όρῶντων
617 4453 705 4527 ὁρατόν
724 4472 748 4507 τι
766 4453 890 4523 κείμενυν,
910 4454 933 4506 οἰ
951 4453 977 4507 δέ
996 4452 1075 4526 ὁρῷεν
1093 4455 1128 4525 μὴ
1148 4453 1209 4507 καθ’
1226 4456 1337 4517 ἑαυτοός,
1356 4455 1407 4509 ἀλλ’
1424 4457 1542 4529 ἑκάτερος

189 4544 273 4598 αἰιτῶν
290 4543 320 4596 τὸ
337 4547 375 4614 τῷ
393 4543 471 4615 λτίριρ
491 4540 651 4599 ἀπ”εῦθτίας
668 4541 782 4610 κτίμενον
800 4545 826 4594 et
844 4540 888 4610 [de
905 4539 961 4609 eh]
983 4541 1071 4594 153v9
1181 4544 1212 4595 10
1236 4543 1350 4614 βλέτηυ
1458 4545 1486 4596 11
1511 4544 1541 4597 τό

144 4631 305 4703 ·ἰττρυνα
413 4632 442 4683 11
471 4629 549 4703 ὁρῷεν
568 4650 576 4683 ι
594 4630 748 4698 subscripsit
766 4634 840 4683 velus
859 4644 923 4682 corr.
943 4629 977 4680 V:
997 4625 1130 4700 ὁρῶμενο
1238 4631 1269 4684 15
1297 4630 1436 4684 lucrose

192 4719 223 4772 16
241 4717 321 4790 ταρόν
339 4718 374 4771 V:
393 4719 495 4788 παρὰο
575 4718 596 4772 rl
614 4717 675 4770 ῦίο
759 4718 791 4770 18
809 4717 999 4785 exspectaveris
1017 4717 1152 4787 παρουσίαν
1235 4717 1365 4783 ‘22-63‚:'›
1384 4718 1420 4771 ἰτι
1437 4718 1539 4773 δοκεῖ-

189 4813 240 4863 τοῖς
258 4804 523 4878 ἰμψόχυις-σῶμασιν]
542 4820 602 4873 epp.
620 4804 652 4856 τὰ
665 4807 794 4873 κάτοπτρα
812 4805 855 4856 καὶ
867 4801 945 4856 ῦθατα
963 4804 1029 4871 (13),
1048 4804 1092 4856 sed
1111 4807 1172 4857 hece
1185 4807 1263 4857 verbe
1281 4822 1343 4858 num
1363 4823 1388 4858 re
1401 4823 1461 4859 rere
1481 4808 1541 4860 huic

177 4896 246 4947 ·1οιυ
265 4895 396 4946 destincte
413 4894 467 4945 sint
486 4909 502 4944 a
519 4893 645 4960 scriptore
663 4892 771 4944 dubium
