3540 5610
700 321 853 380 λίΙΟΡίΩΝ
873 320 933 378 ΚΑΙ
954 321 1086 378 mimi

267 494 435 582 τελειότητα
467 496 590 581 πρόοδος
619 502 672 580 τῆς
697 497 839 580 γενέσεως
865 495 953 559 αὐτοῦ
983 495 1079 580 μέρος.
1130 493 1236 578 τρόπον
1265 491 1315 556 οὖν
1344 517 1405 557 τινα
1432 492 1521 577 μέρος

268 603 322 681 τῆς
342 599 485 681 γενέσεως
506 604 559 683 τῆς
572 599 678 684 τέχνης
700 603 748 662 καὶ
771 601 790 682 ή
813 598 872 662 άπὸ
895 603 946 682 τῆς
968 599 1055 670 ἕξεως
1077 600 1118 666 εἰς
1139 598 1191 681 τἠν
1207 595 1525 684 ἐνέργειανγμεταβολὴ

267 701 403 786 γινομένη
431 701 479 765 διὰ
506 704 648 786 κινήσεών
676 725 774 778 τινων,
801 701 865 764 ἐπεὶ
891 702 939 764 κοιλ
967 705 1048 764 πᾶσα
1074 701 1184 782 γένεσις
1210 702 1293 764 δοκεῖ
1317 700 1449 782 γίνεσθαι
1475 696 1524 761 διὰ

267 801 421 885 κινήσεων.
466 802 527 867 ἀλλ’
547 804 573 866 εί
595 808 680 867 τοῦτο
702 803 749 865 ἐπὶ
771 807 830 866 τῶν
852 807 964 888 τεχνῶν
987 804 1047 888 χρὴ
1071 802 1172 885 λέγειν,
1195 801 1254 886 ἆρά
1274 824 1307 882 γε
1329 804 1375 865 δεῖ
1395 801 1429 863 τδ
1451 798 1524 863 αίιτδ
1539 815 1565 857 1⁵

230 926 245 972 5
265 909 349 969 τοῦτο
371 905 526 988 λέγεινκαὶ
548 906 674 969 ἐπὶτῶν
697 905 772 969 κατὰ
794 905 846 975 τὰς
862 905 1045 990 θεωρητικὰς
1065 904 1236 988 ἐπιστήμας,
1259 903 1412 988 ἐνεργειῶν
1434 925 1521 965 τινων

266 1006 363 1070 οδσῶν
385 1009 434 1072 κοιλ
456 1008 567 1090 αότῶν;
599 1008 673 1071 πολὺ
696 1008 751 1092 γὰρ
773 1008 821 1071 ἐπὶ
843 1008 952 1072 τούτων
979 1007 1173 1091 εὐλογώτερον
1196 1008 1229 1070 τδ
1253 1006 1294 1090 μὴ
1316 1005 1390 1069 εἶναι
1410 1004 1523 1089 κίνησίν

263 1122 356 1173 τινα,
380 1109 441 1173 ἀλλ’
468 1111 494 1174 εί
517 1111 577 1195 χρὴ
604 1112 652 1174 κοιλ
679 1114 769 1173 ταῦτα
795 1111 919 1194 γενέσεις
941 1109 1047 1191 λέγειν,
1074 1113 1155 1172 πᾶσα
1181 1109 1214 1172 δέ
1239 1108 1350 1190 γένεσις
1371 1108 1421 1172 διδ
1444 1109 1564 1190 κινήεν

264 1232 348 1287 σεως,
372 1212 420 1274 διά
441 1234 525 1274 τινων
547 1213 727 1296 κινουμένων
755 1210 802 1296 εἴη
825 1211 861 1275 ἂν
882 1212 1017 1296 γινομένη
1045 1213 1144 1276 τοιάδε
1169 1210 1288 1294 γένεσις.
1332 1211 1352 1295 ή
1375 1213 1422 1274 δεῖ
1442 1215 1523 1294 πρῶ·

264 1337 311 1377 τον
332 1313 468 1396 γενέσθαι
489 1317 632 1398 γνώριμον
648 1315 690 1384 είς
704 1315 779 1384 τίνος
794 1314 960 1399 τελειότητα
975 1316 994 1398 ή
1015 1315 1113 1378 τοιάδε
1129 1312 1260 1403 ἐνέργεια
1273 1317 1410 1378 συντελεῖ.
1449 1313 1470 1396 ἢ
1487 1313 1522 1376 αί

215 1437 244 1483 ιο
264 1417 316 1499 μὲν
331 1417 406 1480 κατὰ
420 1416 472 1486 τὰς
486 1416 591 1502 τέχνας
613 1437 633 1477 ν
656 1438 676 1478 ιι
698 1439 719 1478 ιι
733 1422 792 1481 τῶν
807 1423 920 1503 τεχνῶν
936 1419 984 1482 κιιῖ
999 1422 1056 1480 τῶν
1073 1417 1123 1486 τὰς
1138 1416 1243 1501 τέχνας
1257 1415 1397 1500 ἐχόντων,
1410 1413 1415 1499 Ι
1432 1414 1511 1479 καθό
1527 1421 1575 1478 154

264 1520 320 1583 είσι
342 1524 485 1605 τεχνῖται,
508 1520 557 1583 ἐπὶ
579 1519 611 1583 δὲ
633 1523 683 1583 τοῦ
706 1525 757 1583 νοῦ
780 1522 828 1584 καὶ
850 1525 908 1583 τῶν
931 1521 1043 1604 ἀρετῶν
1066 1521 1195 1583 καὶτῶν
1218 1518 1408 1602 θεωρητικῶν
1431 1516 1522 1586 ἕξεων

262 1622 303 1691 είς
327 1623 381 1705 τὴν
408 1626 459 1685 τοῦ
486 1623 643 1706 ἀνθρώπου
672 1620 706 1685 ἂν
728 1622 896 1706 τελειότητα
924 1625 1057 1685 συντελοῖ
1081 1623 1101 1705 ή
1124 1621 1183 1684 άπδ
1210 1624 1269 1684 τῶν
1295 1619 1384 1689 ἕξεων
1406 1618 1518 1684 τοίπων

264 1722 403 1808 ἐνέργεια,
426 1722 507 1806 εἴγε
529 1724 578 1786 κοιλ
600 1723 630 1786 αί
652 1723 725 1793 ἕξεις
746 1723 831 1787 αὗται
855 1723 1035 1807 τελειότητές
1057 1725 1113 1786 είσι
1136 1727 1189 1807 τῆς
1211 1726 1262 1785 τοῦ
1284 1723 1445 1807 ἀνθρώπου
1466 1721 1520 1807 ii
1547 1737 1562 1779 ι

264 1844 352 1905 σεως,
380 1825 456 1889 κσθδ
479 1823 634 1909 ἄνθρωπός
661 1825 731 1889 ἐστι.
776 1827 882 1910 κυρίως
908 1825 964 1910 γὰρ
990 1825 1144 1908 ἄνθρωπος
1171 1823 1262 1893 δτδς
1283 1824 1356 1894 ἕξεις
1382 1821 1462 1910 ἔχων
1486 1847 1520 1889 τε

213 1948 242 1996 15
261 1929 311 1991 καὶ
333 1927 458 2012 ἐνεργῶν
485 1928 559 1993 κατὰ
587 1929 706 2005 ταότας,
733 1928 802 1992 καθ’
830 1929 865 1998 ἃς
886 1933 928 2015 τῷ
957 1928 1107 2012 ἀνθρώπῳ
1134 1928 1167 1991 τδ
1190 1928 1316 2011 μαλιστα
1337 1927 1386 1991 καὶ
1409 1927 1520 2010 κυρίως

261 2030 334 2094 εῖναι
357 2032 517 2115 ἐνθρῶπιμ.
562 2031 593 2093 αἳ
619 2031 655 2114 δή
684 2032 866 2095 διδασκαλίαι
892 2031 1018 2113 κινήσεις
1044 2054 1076 2094 τε
1102 2031 1152 2095 κοιλ
1178 2031 1349 2098 ἀλλοιώσεις
1373 2029 1431 2093 εἰσί
1457 2034 1518 2092 τῶν
1534 2046 1562 2087 ιε

261 2132 363 2210 ἕξεων,
391 2135 501 2198 τούτων
529 2135 674 2217 ποιητικαί
702 2133 738 2197 δι’
767 2135 808 2197 ῶν
836 2136 855 2217 ἡ
883 2138 934 2197 τοῦ
957 2134 1116 2216 ἀνθρώπου
1142 2131 1288 2217 τελειότης
1309 2132 1432 2215 γίνεται,
1458 2131 1518 2195 εἶεν

261 2233 365 2299 ἄνκαὶ
388 2239 446 2298 τῶν
468 2233 521 2298 ἀπ’
550 2235 647 2299 αὐτῶν
670 2237 819 2321 ἐνεργειῶν
845 2234 948 2310 αἴτιαι,
975 2235 1056 2318 εἴγε
1079 2239 1136 2299 πᾶν
1163 2235 1196 2299 τδ
1218 2236 1271 2319 τήν
1297 2233 1355 2303 ἕξιν
1378 2232 1449 2319 ἔχον
1472 2233 1520 2298 εὖ·

260 2337 315 2406 θδς
336 2337 448 2422 ἐνεργεῖ
467 2334 530 2402 κατ’
558 2337 659 2422 αδτήν,
686 2339 713 2402 εί
736 2340 776 2423 μή
799 2363 841 2408 τις
866 2339 1017 2423 ἐμποδίζοι
1038 2344 1097 2402 τῶν
1119 2337 1334 2420 ἐμποδιζόντων
1357 2340 1421 2405 ταῖς
1442 2337 1521 2421 ἐνερ-

207 2459 240 2505 20
258 2442 347 2521 γείοις
369 2440 514 2524 ἀναίρεσις
536 2442 585 2504 καὶ
606 2439 680 2525 αδτή
704 2441 839 2526 γινομένη
868 2442 943 2524 μετά
964 2465 1038 2511 τινος
1060 2440 1212 2524 κινήσεως.
1534 2455 1563 2498 1⁸

257 2625 313 2690 ΙΙΙ.
358 2626 494 2697 Λέξεως
515 2627 679 2712 ἐξήγησις
705 2629 742 2692 ἐκ
769 2632 828 2692 τοῶ
850 2630 1016 2713 δευτέρου
1045 2630 1178 2712 ὁμοίως
1200 2626 1283 2713 Περὶ
1305 2631 1441 2714 ψυχῆς,
1469 2624 1513 2691 δι’

257 2729 298 2811 ής
318 2731 397 2814 περὶ
418 2730 619 2813 αἰσθήσεως
641 2731 749 2814 λέγει,
772 2729 847 2794 ἐστι
869 2733 907 2795 δὲ
930 2733 1004 2816 ήδε·
1032 2730 1301 2815 “διωρισμε’νων
1322 2729 1360 2792 δέ
1381 2729 1517 2794 τούτων

490 2832 649 2916 λέγωμεν
671 2837 772 2916 κοινή
795 2834 873 2917 περὶ
895 2835 1011 2916 πάσης
1032 2830 1271 2917 αίσθήσεως”.
1533 2848 1562 2891 ευ

341 2967 443 3033 Είπῶν
465 2970 606 3055 περὶτῆς
628 2971 786 3054 θρεπτικής
808 2971 960 3055 δυνάμεως
981 2976 1034 3056 τής
1057 2976 1158 3056 ψυχῆς
1180 2970 1228 3034 ἐπὶ
1250 2971 1300 3034 τδν
1322 2971 1389 3054 περὶ
1412 2971 1517 3055 αἰσθή-

207 3092 239 3140 25
259 3093 334 3142 σεως
358 3071 467 3155 μέτεισι
490 3071 590 3154 λόγον,
619 3073 667 3135 καὶ
690 3078 803 3155 πρῶτον
828 3074 880 3155 μὲν
903 3074 1034 3138 καθόλου
1061 3075 1109 3136 καί
1132 3077 1236 3141 κοινῶς
1257 3074 1324 3157 περὶ
1346 3072 1520 3156 αίσθήσεως

259 3174 347 3256 λέγει,
370 3171 472 3238 ἔπειτα
494 3173 557 3258 ἐρεῖ
569 3174 722 3258 προελθὼν
745 3175 811 3259 περὶ
826 3176 952 3259 ἑκάστης
975 3176 1041 3258 ίδίηι.
1076 3180 1192 3261 πρῶτον
1215 3175 1267 3256 μὲν
1289 3171 1340 3238 οὖν
1362 3175 1518 3258 λαμβάνει,
1531 3190 1559 3233 s

258 3276 302 3339 ότι
323 3275 496 3361 ἡαῖσθησις
517 3274 632 3361 γίνείται
655 3276 684 3339 ἐν
706 3282 749 3359 τῷ
766 3276 913 3340 κινεῖσθαί
931 3301 957 3340 τι
978 3278 1028 3340 καί
1044 3278 1168 3362 πάσχειν
1191 3275 1255 3360 (διὰ
1276 3276 1331 3360 γὰρ
1354 3276 1501 3359 κινήσεώς
1523 3285 1570 3341 Ιδδ

257 3401 332 3447 τινος
353 3380 402 3441 κοιλ
425 3378 538 3448 πάθους
559 3379 690 3462 γίνεσθαι
712 3379 823 3462 δοκεῖ),
850 3379 948 3462 λαβὼν
971 3380 1003 3442 δέ
1026 3380 1058 3442 τδ
1085 3379 1137 3462 τήν
1160 3377 1297 3463 αἴσθησιν
1324 3376 1363 3442 δι’
1391 3378 1516 3442 ἀλλοιῶ-

258 3472 340 3551 σεωςΙ
356 3482 405 3544 καὶ
420 3481 534 3551 πάθους
555 3470 685 3564 γίνεσθαι
700 3480 900 3565 ἐμνημόνευσε
922 3485 974 3544 τοῦ
995 3483 1110 3550 πάθους
1131 3483 1179 3546 καί
1201 3485 1253 3545 τοῦ
1275 3483 1411 3565 πάσχειν,
1434 3480 1518 3553 ὅπως
1544 3499 1558 3540 τ

204 3601 238 3649 30
256 3584 375 3662 γίνεται,
404 3581 448 3646 ὅτι
470 3583 525 3667 γὰρ
547 3589 607 3653 τοῖς
630 3585 682 3667 μὲν
706 3584 786 3647 δοκεῖ
813 3585 846 3648 τδ
869 3582 969 3666 ὅμοιον
993 3585 1049 3647 ὑπὸ
1077 3588 1128 3648 τοῦ
1154 3583 1258 3668 όμοίου
1282 3586 1423 3670 πάσχειν,
1455 3589 1518 3655 τοῖς

258 3687 290 3748 δέ
312 3686 345 3748 τδ
369 3684 495 3748 ἐναντίον
523 3686 579 3749 ὑπδ
605 3690 657 3748 τοῦ
681 3685 817 3748 ἐναντίου.
863 3685 966 3749 τούτου
990 3684 1016 3750 δ’
1044 3684 1274 3769 ἐμνημόνευσεν,
1302 3686 1365 3749 ἐπεὶ
1386 3686 1460 3770 πρδς
1481 3687 1516 3750 τδ

257 3787 424 3861 ἀποδοῦναι,
452 3787 482 3848 τί
500 3785 564 3850 πότ’
593 3787 669 3853 ἐστιν
693 3786 838 3872 αἴσθησις,
869 3789 1014 3873 χρήσιμον
1037 3787 1119 3874 αὐτῷ
1143 3789 1176 3852 τδ
1198 3789 1323 3865 κεῖσθαι,
1354 3789 1411 3852 δπδ
1438 3790 1517 3860 τίνος

257 3889 366 3972 πάσχει
388 3887 424 3951 τὰ
447 3889 611 3974 πάσχοντα,
639 3889 702 3952 ἐπεὶ
729 3891 777 3953 καὶ
806 3891 825 3972 ἡ
848 3887 984 3974 αἴσθησις
1011 3894 1102 3954 κεῖται
1124 3890 1219 3959 πάθος
1243 3913 1272 3953 τι
1296 3889 1370 3953 εῖναι
1395 3892 1445 3954 καί
1468 3892 1559 3957 διάει

256 3990 380 4060 πάθους.
426 3993 482 4076 πρδ
505 3993 538 4055 δέ
560 3996 612 4055 τοῦ
635 3992 700 4073 περὶ
723 3992 828 4055 τούτου
851 3992 1032 4077 διαρθρῶσιιι
1062 3998 1175 4077 πρῶτον
1198 3994 1352 4078 ἀπορήσας
1373 3995 1440 4080 περὶ
1462 4000 1516 4081 τῆς

203 4112 236 4161 35
256 4095 435 4177 αἰσθήσεως,
464 4095 569 4167 διὰτί,
592 4092 683 4157 ὄντων
712 4094 742 4157 ἐν
765 4099 824 4164 τοῖς
849 4096 1048 4181 αἰσθητηρίοις
1070 4103 1129 4159 τῶν
1151 4096 1313 4181 αἰσθητῶν,
1339 4095 1393 4160 οδκ
1413 4098 1518 4162 αἰσθά·

256 4218 334 4258 νεται
355 4196 376 4278 ή
399 4194 536 4278 αῖσθησις
557 4196 682 4270 τούτων,
711 4196 786 4260 ἀλλὰ
807 4202 866 4260 τῶν
888 4197 971 4267 ἐκτδς
994 4197 1106 4281 μόνων,
1135 4199 1182 4263 καί
1205 4198 1295 4269 λύσας
1316 4199 1369 4284 τὴν
1391 4198 1517 4286 ἀπορίαν
1532 4217 1560 4261 ιι

204 4384 214 4433 l
240 4381 347 4452 πρόοδος
366 4382 451 4435 Diels:
475 4381 596 4453 πρόσοδος
618 4383 679 4436 libri
767 4384 783 4436 3
809 4384 933 4454 κινήσεων
953 4385 1011 4453 θρα
1034 4387 1158 4456 κινήσεως
1177 4386 1237 4440 libri
1326 4386 1344 4439 4
1366 4384 1573 4462 ίοτέεεσε·κινή-

202 4485 274 4531 σιως,
293 4469 324 4522 εί.
345 4469 393 4522 ν.7
484 4469 688 4539 8κινυυμίνων]
714 4472 837 4541 κινήσεων
855 4473 925 4526 vict.
944 4474 1013 4526 unde
1032 4473 1071 4526 διδ
1089 4475 1164 4527 τίνων
1185 4474 1311 4545 κινήσεων
1329 4474 1399 4527 coni.
1416 4473 1462 4544 Sp.

201 4556 283 4609 τοιαδι
303 4560 326 4607 V
415 4556 431 4624 ή
453 4556 534 4609 Vici:
554 4556 576 4609 τί
593 4558 653 4610 libri
746 4559 778 4611 10
795 4558 924 4613 excidisse
943 4560 1046 4613 videtur
1064 4560 1181 4632 ἐνέργειαι
1200 4562 1235 4619 είς
1252 4562 1299 4632 τήν
1316 4559 1464 4632 τελειότητα
1483 4578 1573 4619 συντι-

201 4643 267 4696 λοῖιν
286 4643 316 4695 ἂν
402 4643 430 4694 ll
452 4647 601 4716 τεχνιταιν
695 4646 725 4696 12
745 4645 774 4697 δν
793 4652 852 4714 post
871 4645 1007 4717 ἀνθρώπου
1027 4649 1076 4701 del.
1096 4649 1163 4702 vict.
1183 4649 1228 4716 Sp.
1318 4647 1432 4702 σνντελοῖ
1453 4650 1471 4719 ἡ
1491 4653 1573 4707 wo:

202 4729 313 4784 συντιλυί
331 4730 347 4800 ‘i
366 4729 415 4782 V':
435 4730 547 4784 συντελεῖ
564 4731 581 4800 ή
600 4734 635 4783 Βι
655 4731 784 4802 συντελοιή
804 4736 874 4787 FSaz
894 4733 1008 4787 συντιλοῑ
1026 4735 1056 4786 ἂν
1073 4736 1089 4805 ή
1109 4737 1177 4789 Vici
1197 4737 1242 4805 Sp.
1330 4735 1361 4789 16
1381 4736 1407 4789 αῖ
1423 4735 1573 4793 Schwartz:

201 4817 227 4868 αἱ
244 4817 317 4870 libri:
337 4818 359 4870 ιῖ
377 4817 421 4886 Sp.
497 4818 528 4871 18
546 4818 621 4870 αἰτιαι
640 4822 664 4871 V
739 4818 769 4871 19
788 4819 898 4873 fortasse
917 4838 940 4872 τι
958 4825 985 4874 et
1002 4822 1047 4879 τὰς
1066 4821 1189 4892 ἐνιργιίας
1259 4821 1292 4875 21
1318 4822 1451 4893 διυτίρυυ]
1474 4825 1510 4880 δε
1527 4841 1573 4880 ιιι.

201 4904 234 4968 11,
249 4905 274 4957 5.
287 4903 398 4956 4161232
489 4904 522 4957 26
540 4909 598 4975 πρῶ
609 4905 655 4959 τὸν
667 4907 762 4970 (οἰῶν
853 4907 886 4958 27
904 4908 996 4979 πάσχει
1014 4927 1030 4959 ε
1119 4908 1152 4962 33
1170 4909 1213 4978 τὰ]
1233 4910 1263 4963 τὸ
1282 4928 1310 4964 ει
1330 4909 1345 4963 δ
1365 4908 1433 4964 vict„
