3540 5610
205 304 246 369 26
545 366 552 379 ,
683 302 885 357 λυωτλυυιυ
910 303 952 355 ου
978 302 1086 356 mm

256 474 336 539 ἔσται
359 479 468 562 ψυχή,
483 477 556 541 κατὰ
578 477 610 540 δὲ
634 476 684 545 τὰς
707 482 763 539 τῶν
791 478 934 558 σωμάτων
962 475 1100 560 διαφορὰς
1128 473 1274 559 διαφόρως
1296 474 1455 558 ἐνεργήσει·
1490 472 1548 534 θεν

258 580 385 642 κάκεῖνοι
407 579 549 663 λέγουσιν.

281 696 284 703 ‘
337 678 397 747 Ὁτι
420 684 471 766 μὲν
495 681 544 746 ούν
567 683 681 750 πλείους
708 684 737 745 αἱ
760 686 812 764 τῆς
842 686 942 766 ψυχῆς
970 681 1117 764 δυνάμεις,
1146 681 1233 763 δῆλον
1257 680 1368 742 ἐκτῶν
1391 679 1506 762 εἰρημέ-

257 808 329 860 νων,
358 785 401 848 ότι
424 784 450 849 δ’
478 784 532 849 οὐκ
554 784 680 869 ἄπειροι,
709 786 864 847 καὶτοῦτο
891 785 979 867 δῆλον
1002 782 1035 845 ἐκ
1061 787 1112 845 τοῦ
1136 782 1226 866 μηδὲν
1256 782 1307 865 μὲν
1331 783 1423 865 μάτην
1446 805 1505 844 ποι-

230 893 299 953 οεῖν
322 890 374 971 τὴν
398 884 497 971 φύσιν,
527 889 620 972 μάτην
643 888 676 950 δὲ
697 886 833 969 λέγεσθαι
854 887 906 968 τὴν
930 890 987 948 τῶν
1015 886 1164 968 δυνάμεων
1186 884 1330 968 ἀπειρίαν,
1361 883 1392 946 εἴ
1409 907 1442 966 γε
1464 885 1504 967 μὴ

259 990 319 1054 οἷόν
347 991 378 1054 τέ
405 992 465 1055 ἐστι
494 989 571 1077 ζῷόν
596 1014 622 1052 τι
650 989 722 1053 κατὰ
756 989 889 1073 ἀπείρους
915 990 1047 1069 δυνάμεις
1074 988 1207 1069 ἐνεργεῖν.
1256 983 1297 1049 ἔτι
1325 989 1366 1055 ὡς
1393 986 1428 1049 τὰ
1453 991 1505 1050 τοῦ
1519 1004 1548 1045 ω

260 1096 395 1176 σώματος
418 1098 468 1157 τοῦ
491 1092 610 1178 ἔχοντος
637 1093 688 1174 τἠν
711 1093 809 1176 ψυχὴν
833 1090 920 1174 μύρια
941 1087 1304 1177 πεπερασμένα,.εύλογον
1327 1090 1375 1151 καὶ
1396 1089 1432 1151 τὰ
1452 1094 1505 1174 τῆς

258 1194 288 1257 ἐν
311 1195 391 1279 αὐτῷ
415 1199 521 1279 ψυχῆς.
566 1192 608 1257 ἔτι
630 1196 723 1257 πάντα
749 1193 876 1278 ἡφύσις
901 1192 985 1256 ἕνεκά
1007 1217 1058 1256 του
1086 1197 1176 1268 ποιεῖ,
1203 1192 1250 1254 καὶ
1275 1191 1305 1253 ἐν
1329 1191 1371 1259 οῖς
1397 1192 1429 1254 τὸ
1453 1193 1524 1273 μὲν.

259 1296 373 1381 πρῶτόν
389 1299 460 1373 ἐστι,
484 1299 516 1360 τὸ
539 1298 572 1360 δὲ
592 1297 734 1380 δεύτερον,
758 1297 804 1359 ἀεὶ
825 1297 988 1379 τὸπρῶτον
1011 1296 1059 1359 ἐπὶ
1082 1296 1114 1358 τὸ
1134 1295 1266 1378 δεύτερον
1289 1291 1353 1377 ἔχει
1372 1294 1423 1376 τὴν
1440 1295 1505 1357 σἰνα-

218 1414 244 1458 10
258 1403 361 1485 φοράν.
406 1402 425 1483 ἡ
449 1400 481 1462 δὲ
503 1401 584 1484 ψυχὴ
607 1400 691 1484 φύσις
721 1400 768 1461 καὶ
791 1398 875 1484 φύσει
904 1422 936 1460 τε
962 1400 1008 1460 καὶ
1037 1399 1112 1468 τάξις
1139 1398 1179 1466 τίς
1202 1396 1262 1460 ἐστι
1288 1401 1345 1457 τῶν
1374 1395 1403 1456 ἐν
1425 1395 1503 1479 αὐτη]

257 1505 417 1586 δυνάμεων.
469 1500 545 1565 ἔστιν
572 1501 629 1586 ἄρα
651 1525 691 1570 τις
718 1502 748 1564 ἐν
775 1501 875 1570 αὐταῖς
901 1501 1064 1572 τελευταῖα,
1091 1500 1127 1583 ἧς
1154 1501 1238 1584 χάριν
1265 1501 1295 1561 αἱ
1321 1500 1376 1582 πρὸ
1403 1498 1503 1582 αὐτῆς.

257 1606 481 1689 ἀναιρεθήσεται
506 1605 560 1689 γὰρ
583 1605 615 1667 τὸ
639 1605 690 1687 τὴν
719 1604 802 1687 φύσιν
829 1605 914 1667 ένενά
938 1626 988 1666 του
1012 1607 1101 1665 ποιεῖν
1129 1604 1236 1679 πάντα,
1263 1603 1289 1664 εἰ
1311 1599 1356 1665 ἐπ’
1384 1600 1503 1683 ἄπειρον
1561 1662 1565 1671 ,

257 1709 277 1791 ἡ
301 1706 424 1792 πρόοδος
446 1706 491 1790 εἴη
509 1712 565 1770 τῶν
589 1713 640 1791 τῆς
662 1712 759 1791 ψυχῆς
776 1709 938 1790 δυνάμεων·
962 1706 1024 1768 ἐπεὶ
1047 1706 1079 1768 δὲ
1101 1705 1218 1774 πλείους
1239 1729 1269 1767 τε
1291 1706 1321 1767 αἱ
1337 1709 1388 1788 τῆς
1403 1709 1543 1789 ψυχῇςσε

257 1810 394 1893 δυνάμεις
415 1811 463 1873 καὶ
479 1809 703 1894 πεπερασμέναι,
727 1807 923 1882 ἐπισκεπτέον,
946 1807 1034 1871 πόσαι
1056 1807 1154 1870 τεκαὶ
1176 1807 1256 1875 τίνες.
1290 1807 1353 1869 ἐπεὶ
1375 1808 1439 1890 γάρ,
1462 1811 1504 1876 ὡς

218 1927 243 1972 15
258 1912 315 1996 ἤδη
338 1913 513 1997 προείρηται,
537 1918 594 1975 τῶν
617 1909 744 1997 ἐχόντων
768 1911 797 1973 ἐν
817 1911 915 1979 αὐτοῖς
936 1911 968 1973 τὸ
992 1908 1104 1995 πρῶτόν
1128 1933 1159 1972 τε
1179 1910 1226 1972 καὶ
1248 1909 1380 1994 δεύτερον
1402 1910 1502 1972 καὶτὸ

256 2014 443 2099 ἀτελέστερύν
467 2038 496 2078 τε
512 2017 560 2079 καὶ
575 2013 749 2097 τελειότερον
772 2014 829 2098 οὐχ
844 2013 904 2077 οἷόν
920 2038 951 2077 τε
966 2015 1013 2077 διά
1030 2037 1104 2082 τινος
1123 2016 1219 2075 κοινοῦ
1235 2012 1320 2095 λόγου
1336 2013 1388 2096 τὴν
1403 2011 1502 2075 οὐσίαν

257 2117 384 2202 ἀκριβῶς
406 2141 437 2181 τε
458 2120 506 2182 καὶ
528 2124 682 2201 προσεχῶς
703 2122 885 2201 παραστῆσαι
907 2141 949 2201 τῳ
975 2119 1097 2200 μάλιστα
1120 2117 1180 2203 μὲν,
1194 2116 1224 2177 ἐν
1244 2119 1303 2184 τοῖς
1321 2115 1505 2199 τελειοτέροις

257 2221 496 2303 διασημαίνεσθαι
519 2222 571 2304 τὴν
592 2221 825 2303 τοῦπράγματος
843 2219 937 2303 φύσιν,
960 2221 1008 2282 τὸν
1030 2219 1062 2282 δὲ
1077 2220 1172 2281 κοινὸν
1194 2217 1277 2300 λόγον
1301 2218 1503 2303 μὴδύνασθαι

186 2352 192 2361 ·
257 2321 365 2385 τούτων
399 2320 472 2385 εἶναι
498 2323 656 2406 δηλωτικὸν
690 2327 734 2407 τῷ
763 2319 862 2405 μηκέτ’
891 2321 1065 2406 ἐφαρμόζειν
1099 2322 1147 2384 τόν
1174 2325 1300 2384 τοιοῦτον
1334 2321 1419 2404 λόγον
1446 2327 1547 2391 τοῖςω

216 2424 466 2509 νοάτελεστέροις,
499 2425 591 2494 ούτως
619 2425 650 2486 δὲ
679 2425 753 2508 μηδὲ
780 2425 873 2487 κοινὸν
899 2421 940 2486 ἔτι
968 2424 1060 2508 μένειν
1089 2425 1160 2506 (τῶν
1189 2423 1324 2486 τοιούτων
1352 2425 1384 2487 δὲ
1410 2425 1458 2488 καὶ
1485 2427 1504 2509 η

258 2530 353 2613 ψυχή·
388 2528 458 2591 εἰσὶν
481 2529 533 2611 γάρ
557 2532 614 2590 τῶν
639 2533 691 2612 τῆς
713 2533 810 2612 ψυχῆς
832 2528 981 2610 δυνάμεων
1011 2529 1040 2590 αῖ
1064 2528 1115 2610 μὲν
1138 2527 1252 2610 πρῶταί
1275 2549 1307 2589 τε
1329 2527 1377 2590 καὶ
1399 2526 1505 2590 ἁπλού-
1555 2522 1559 2529 ’

175 2700 178 2707 ,
246 2650 370 2712 -στεραι,
397 2630 444 2693 διὰ
466 2634 549 2692 τοῦτο
572 2630 674 2693 δὲκαὶ
704 2629 902 2714 άτελέστεραι,
930 2631 959 2692 αἱ
987 2631 1019 2692 δὲ
1042 2630 1115 2713 μετὰ
1137 2630 1240 2698 ταύτας
1263 2631 1310 2693 καὶ
1337 2630 1384 2692 ἐπὶ
1406 2633 1505 2694 ταῖσδε

257 2733 343 2794 πάλιν
365 2731 461 2806 ἄλλαι,
485 2733 532 2795 καὶ
553 2733 645 2802 ούτως
667 2732 769 2818 ἔχουσι
791 2733 862 2817 πρὸς
885 2734 1013 2816 ἀλλήλας
1035 2733 1155 2807 ἅπασαι,
1179 2736 1219 2801 ὡς
1237 2734 1289 2817 τὴν
1313 2733 1365 2816 μὲν
1387 2736 1504 2818 πρώτην

257 2834 398 2898 δύνασθαι
420 2836 598 2920 χωρίζεσθαι
625 2841 682 2898 τῶν
706 2832 767 2918 μετ’
795 2834 899 2909 αύτάς,
926 2836 976 2905 τὰς
1003 2828 1035 2899 όὲ
1057 2835 1178 2919 ὑστέρας
1203 2834 1273 2899 ἄνευ
1300 2841 1357 2899 τῶν
1381 2840 1503 2920 πρώτων

216 2952 243 2997 ‘35
256 2936 329 3003 εῖναι
351 2939 392 3022 μὴ
416 2937 570 3001 δύνασθαι·
606 2939 710 3019 γίνεται
733 2940 765 3002 δὲ
787 2940 856 3022 ἡμῖν
880 2942 920 3006 ὡς
941 2943 1078 3022 προεῖπον
1101 2939 1117 3001 ό
1141 2938 1224 3020 λόγος
1247 2940 1312 3023 περὶ
1334 2945 1432 3024 ψυχῆς
1453 2945 1505 3023 τῆς

256 3045 314 3104 τῶν
337 3041 366 3102 ἐν
388 3040 499 3122 γενέσει
520 3041 567 3103 καὶ
583 3044 697 3124 φθορᾷ·
719 3042 825 3125 ταύτης
846 3041 900 3124 γὰρ
922 3042 969 3104 καὶ
993 3041 1008 3103 ό
1031 3040 1238 3125 προειρημένος
1261 3041 1393 3125 ὁρισμός·
1416 3043 1505 3128 ἡγὰρ
1519 3059 1546 3102 ιε

256 3150 314 3206 τῶν
342 3145 418 3206 θεῶν
446 3145 543 3227 φυγή,
573 3143 599 3205 εἰ
626 3145 672 3207 καὶ
699 3144 805 3227 ταύτην
832 3146 878 3207 δεῖ
899 3145 996 3228 ψυχὴν
1023 3147 1135 3227 καλεῖν,
1163 3144 1327 3226 όμωνύμως
1351 3143 1385 3207 άν
1413 3145 1503 3229 ταύτη

257 3247 340 3331 ψυχὴ
364 3245 504 3327 λέγοιτο),
532 3246 685 3328 ἀναγκαῖον
708 3251 750 3330 τῷ
773 3247 838 3330 περὶ
860 3251 956 3330 ψυχῆς
979 3245 1088 3329 λέγοντι
1116 3246 1181 3328 περὶ
1204 3246 1329 3329 ἑκάστης
1352 3248 1503 3331 δυνάμεως

203 3468 219 3520 5
239 3465 483 3537 μάτηνψάπειρίαν]
503 3466 549 3518 das
567 3468 662 3520 Daseia
681 3469 852 3522 unendlicher
870 3470 958 3521 Κπῑιῖιυ
977 3471 1011 3521 im
1032 3470 1125 3522 'l‘hiere
1144 3471 1188 3521 hat
1205 3472 1266 3523 aber
1284 3470 1378 3522 keineu
1399 3470 1491 3522 Zweck

202 3552 315 3622 θεατὰ]
335 3555 382 3605 mit
475 3553 607 3623 θψυχῆς]
628 3554 712 3607 addit:
731 3555 908 3608 unendlich
928 3556 988 3608 sind
1081 3558 1096 3607 θ
1116 3556 1233 3626 ἔγειτὴν
1253 3556 1391 3627 ἀναφοράν]
1412 3559 1602 3626 steig1,er-.

201 3643 265 3696 hebt
282 3642 338 3694 sich
357 3658 389 3692 zu
499 3642 530 3692 10
558 3641 584 3693 δὲ
603 3657 652 3694 om.
759 3644 801 3695 καὶ
820 3641 890 3710 φύσει
908 3661 935 3694 τε
953 3659 1003 3696 om.
1112 3646 1139 3696 11
1171 3643 1235 3696 ἔστιν
1254 3643 1428 3714 ἅρα-αύτῆς]
1448 3645 1502 3696 also
1521 3646 1556 3696 ist

144 3742 147 3747 '
202 3731 236 3782 in
254 3731 303 3782 ihr
321 3730 380 3781 eine
394 3716 477 3790 Kraft‚
495 3729 589 3781 welche
608 3730 649 3782 die
663 3730 800 3797 wfirdigste
818 3732 854 3782 ist
872 3739 947 3782 unter
966 3732 1017 3783 den
1031 3732 1136 3783 kraften
1155 3733 1207 3784 und
1227 3734 1265 3784 sie
1283 3733 1319 3783 ist
1336 3748 1372 3796 σε,
1391 3748 1434 3783 um
1453 3732 1557 3784 dorent-

202 3816 289 3869 willen
306 3816 361 3879 (1ου,
380 3831 432 3868 was
451 3832 493 3866 um
513 3816 667 3868 ihretwillen
777 3816 807 3869 13
835 3816 950 3886 πρόοδος]
970 3819 1123 3886 Uebergang
1232 3821 1263 3872 14
1291 3819 1426 3887 (δυνάμεις)
1446 3818 1557 3888 να1]]“υ-

203 3904 268 3956 doch
378 3903 408 3955 15
427 3901 583 3973 προείρηται]
603 3905 829 3972 vorausgeschickt
847 3906 902 3956 und
921 3910 1011 3973 gesagt
1120 3906 1150 3956 16
1169 3911 1255 3957 κοινοῦ
1274 3904 1360 3974 λόγου]
1381 3905 1523 3958 Definition

205 3992 234 4043 17
264 3989 431 4062 παραστῆσαι]
451 3990 583 4042 erkennen
692 3990 794 4042 19-‘20
819 3995 857 4060 τηῖ
876 3991 1042 4062 μηκέτ’-ἔτι
1062 3991 1155 4060 μένειν]
1175 3991 1243 4043 deun
1263 3994 1321 4045 eine
1340 3994 1468 4062 derartige
1487 3995 1558 4046 Rode
1638 3998 1642 4005 '

203 4080 284 4147 himgt
307 4078 372 4130 auch
400 4078 448 4129 mit
471 4077 768 4144 (1ειυ11ιιιιμο11ω11ετοιι
791 4094 940 4131 zusammen
967 4079 1019 4130 und
1044 4082 1108 4130 νεῖωο
1133 4080 1203 4130 daun
1226 4080 1300 4131 nieht
1317 4079 1456 4148 aligemein
1483 4080 1557 4132 beide

203 4165 386 4234 Gegenstfmde
404 4163 553 4215 umfassend
677 4164 778 4216 20-21
808 4172 860 4217 τῶν
878 4164 1128 4236 τοιούτων-ψυχή]
1152 4166 1200 4216 mit
1218 4165 1263 4218 der
1281 4165 1353 4218 θεοῖο
1377 4168 1437 4219 aber
1456 4183 1482 4218 οε
1501 4169 1557 4219 sich

203 4254 298 4307 ebenso
317 4250 416 4303 verhftlt
522 4251 625 4303 ’.Π-’18
648 4250 943 4321 ὁμωνύμως-λέγοιτο]
965 4268 993 4305 so
1013 4258 1071 4321 ειμι
1089 4268 1148 4304 man
1171 4266 1224 4303 νυνι
1246 4252 1286 4304 ihr
1304 4254 1376 4306 Seele
1399 4270 1448 4306 nur
1467 4255 1496 4306 in
1514 4256 1564 4307 der.

124 4402 129 4413 ,
202 4341 291 4393 Weise
309 4340 354 4391 des
372 4338 633 4391 zusammentreffens
652 4340 700 4391 mit
717 4340 801 4392 dieser
819 4341 854 4392 im
872 4339 972 4392 Namen

202 4464 403 4473 ——----
422 4463 429 4469 -
444 4464 460 4469 -
472 4464 537 4468 -.-—.
580 4464 601 4469 ...

203 4532 219 4585 θ
245 4528 299 4595 ,ὅτι
317 4530 365 4583 ούνι
384 4529 479 4600 ἄπειροι
498 4529 523 4580 αἰ
541 4533 587 4598 τῆς
605 4528 689 4598 ψυχῆς
707 4529 844 4598 δυνάμεις.“
883 4528 921 4582 ότι
940 4530 985 4599 μὲν
1004 4531 1043 4582 Va
1132 4531 1147 4581 4
1172 4530 1216 4598 μὲν
1236 4545 1321 4582 σομε
1409 4532 1424 4584 5
1450 4533 1558 4587 sortasse

203 4617 302 4672 ἔσεσθαι
320 4619 352 4671 cf.
372 4619 454 4687 μάτην
472 4618 518 4688 γὰρ
531 4616 600 4668 ἔσται
619 4615 719 4675 πλείους
737 4617 857 4687 ἐνεργείας
872 4616 976 4687 ἐνεργεῖν
994 4618 1093 4688 ἡψυχὴ
1107 4617 1123 4686 ἡ
1137 4617 1162 4669 ἐν
1181 4616 1284 4674 ἐκείνοις
1296 4616 1421 4689 δυναμένη
1441 4636 1466 4688 ρ.
1480 4620 1558 4685 27‚13

203 4716 230 4759 ει
247 4707 304 4759 lud.
322 4722 342 4757 s.
353 4722 377 4755 v.
395 4706 522 4758 Futurum
633 4705 650 4756 8
669 4711 746 4756 ποιεῖν
766 4722 781 4756 τι
892 4705 924 4756 10
942 4703 1013 4772 φύσις
1030 4723 1057 4756 τι
1076 4705 1119 4755 καὶ
1137 4703 1207 4772 φύσει
1226 4706 1268 4757 καὶ
1287 4722 1314 4755 a:
1335 4704 1405 4775 φύσις
1423 4708 1468 4759 καὶ
1487 4706 1558 4776 φύσει

202 4792 336 4858 (σύνθεσίς)
356 4810 383 4844 τε
401 4793 445 4844 καὶ
461 4790 529 4851 τάξις
548 4792 678 4845 Usenerus
757 4791 787 4843 12
807 4793 939 4861 ἐπαπειρον
958 4794 980 4844 V
1068 4793 1097 4842 14
1117 4790 1152 4847 ὡς
1170 4791 1218 4861 ἤδη
1238 4792 1392 4862 προείρηται]
1412 4810 1437 4860 ρ.
1450 4795 1505 4861 17,1
1519 4811 1557 4864 sq.

206 4882 237 4933 15
256 4880 285 4933 τὸ
303 4879 448 4936 θιύτεαονυ
556 4879 587 4930 16
606 4878 699 4931 οἶόνται
719 4879 740 4929 λ’
848 4878 881 4930 2ss
900 4875 1015 4949 φθοράν
1122 4879 1154 4930 ’27
1173 4877 1285 4947 ταύτητι
