3540 5610
576 287 656 345 σενι
676 263 836 345 issisti
854 288 915 346 liti
934 290 1111 349 υτειιυτοκ
1129 294 1231 349 ιυ-οο
1519 298 1580 362 231

276 459 310 523 οδ
332 462 478 544 φυλάσσει
501 461 551 530 τὰς
574 463 682 530 οἰκείας
704 462 881 548 ἐπιφανείας,
916 464 966 528 ἐὰν
1001 465 1042 549 μὴ
1069 461 1090 549 ή
1115 469 1261 552 γλισχρόν.
1306 467 1375 531 όταν
1408 471 1445 553 δὴ
1469 474 1528 537 τοῖς
1542 486 1569 527 ιο

275 563 349 626 κατὰ
370 563 423 647 τὴν
446 565 517 648 ῦλην
539 566 587 629 διὰ
610 567 661 650 τὴν
685 566 828 651 ὑγρότητα
850 567 923 631 κατὰ
946 569 998 652 τὴν
1022 570 1182 652 παράθεσιν
1206 569 1369 653 ένουμένοις
1392 573 1527 653 σώμασιν

275 667 409 750 προσήκῃ
435 668 469 730 τδ
492 667 655 733 ἐναντίωσιν
679 667 759 753 έχειν
783 670 920 754 ίσοκρατῖγ
955 672 1026 755 πρδς
1049 672 1172 754 ἄλληλα,
1206 672 1311 755 γίνεται
1333 672 1430 740 αὐτοῖς
1453 675 1527 738 κατὰ

275 767 326 836 τὰς
348 767 504 852 ποιότητάς
527 771 628 834 τεκαὶ
651 773 785 855 δυνάμεις
809 772 922 846 ένωσις,
944 771 1016 856 ὅπερ
1040 773 1116 836 ἐστὶν
1140 776 1284 858 ήκρᾶσις.
1322 776 1458 858 ἑκάτερον
1473 777 1528 860 γὰρ

239 875 331 938 ετῖυν
353 871 447 939 οῦτως
470 869 599 956 ἐχόντων
632 873 680 935 διὰ
714 874 766 956 μὲν
790 874 841 956 τὴν
864 872 1086 959 ἐνυπάρχουσαν
1114 875 1144 938 ἐν
1167 877 1265 943 αὐτοῖς
1293 878 1457 941 ἐναντίωσιν
1479 879 1528 942 καὶ
1542 896 1569 939 is

273 974 325 1057 τὴν
348 977 400 1056 τῖγς
424 974 495 1057 όλης
516 976 664 1038 κοινωνίαν
688 977 862 1061 μεταβάλλει
884 1000 916 1039 τε
938 978 985 1066 καί
1008 978 1126 1062 πάσχει,
1149 979 1196 1042 διὰ
1219 978 1250 1041 δέ
1266 980 1318 1061 τὴν
1335 979 1454 1062 ἰσότητα
1469 986 1526 1043 τών

274 1075 472 1140 ἐναντιώσεων
495 1076 547 1141 οῦκ
570 1077 618 1140 ἐπὶ
640 1083 777 1142 τοσοῦτον
811 1081 961 1163 ποιεῖτὴν
985 1081 1158 1164 μεταβολήν,
1193 1083 1233 1149 ώς
1266 1080 1369 1144 ταδτδν
1391 1082 1527 1165 γενέσθαι

274 1179 390 1263 θατέρῳ
413 1180 547 1264 θάτερον.
586 1180 764 1266 άντιπάσχον
786 1181 840 1265 γάρ
864 1184 896 1245 τδ
919 1186 1019 1246 ποιοῦν
1042 1183 1098 1244 όπδ
1120 1186 1171 1245 τοῦ
1194 1185 1359 1266 πάσχοντος
1381 1185 1452 1267 πρὸς
1474 1184 1526 1247 αδ·

274 1285 325 1344 τοῦ
347 1282 395 1344 καὶ
418 1282 459 1364 μὴ
484 1282 569 1364 μένον
592 1281 693 1367 δμοιον
716 1284 809 1368 αὐτῷ,
832 1285 952 1349 παόεται
975 1289 1026 1348 τοῦ
1049 1288 1140 1347 ποιεῖν
1168 1282 1209 1347 ἔτι
1232 1285 1372 1349 δύνασθαι
1394 1287 1450 1370 πρὸ
1473 1290 1525 1349 τοῦ

222 1403 255 1450 10
273 1389 415 1467 κρατήσαι
436 1383 534 1447 τέλεον
556 1383 655 1449 αὐτοῦ.
701 1387 749 1449 καὶ
771 1384 848 1450 τοῦτ’
877 1386 953 1451 ἐστίν
976 1389 995 1470 ἡ
1019 1390 1136 1470 κρᾶσις·
1170 1387 1267 1470 ἡγὰρ
1290 1387 1337 1449 διὰ
1359 1390 1410 1450 τοῦ
1433 1393 1568 1451 ποιεῐννν

276 1487 324 1550 καλ
346 1487 471 1570 πάσχειν
493 1491 552 1549 τῶν
575 1488 793 1571 παρακειμένων
831 1489 968 1571 άλλήλοις
991 1491 1135 1573 σωμάτων
1169 1488 1216 1550 διὰ
1240 1490 1403 1574 μεταβολῆς
1436 1490 1527 1574 χωρίς

200 1605 253 1659 xv
276 1589 389 1673 φθορᾶς
411 1589 508 1653 αδτών
529 1613 604 1659 τινος
620 1590 731 1661 ένωσις.
776 1590 914 1675 Συνεργεῖ
934 1594 966 1655 δὲ
988 1597 1047 1661 τοῖς
1069 1593 1165 1675 ὑγροῖς
1187 1592 1257 1675 πρδς
1280 1595 1332 1674 τἠν
1352 1591 1451 1654 θάττω
1475 1614 1523 1674 με·

271 1692 397 1778 ταβολήν
430 1715 461 1754 τε
495 1693 544 1755 καὶ
578 1696 679 1777 κρᾶσιν
702 1694 806 1756 καὶτὸ
829 1693 1013 1778 εὐδιαίρετον.
1059 1696 1222 1779 διαιροῦντα
1253 1693 1308 1777 γάρ
1335 1692 1448 1778 ἄλληλα
1470 1695 1525 1778 πρδ

272 1800 324 1878 τῆς
347 1795 482 1864 ένώσεως
505 1795 553 1858 καὶ
576 1795 650 1859 κατὰ
674 1797 761 1880 μικρά
784 1796 1001 1880 παρατιθέμενα
1016 1797 1164 1880 ἀλλήλοις,
1186 1797 1256 1882 ρηῖον
1278 1797 1326 1859 καὶ
1350 1797 1454 1859 θάττον
1477 1796 1525 1859 άν-
1539 1813 1566 1856 νο

221 1918 251 1967 15
271 1900 450 1982 τιπάσχσντα
474 1895 522 1960 ὑπ’
552 1898 698 1980 ἀλλήλων,
732 1899 849 1983 ταχέως
882 1899 913 1962 έν
936 1923 962 1962 τι
985 1900 1090 1981 γίνεται
1114 1903 1201 1980 σῶμα
1227 1900 1275 1961 καὶ
1303 1898 1431 1962 κατὰτὸ
1455 1899 1524 1962 δπο·

273 2003 403 2084 κείμενον
427 2002 475 2064 καὶ
498 2001 573 2064 κατὰ
596 2001 648 2084 τὴν
670 2001 821 2085 ποιότητα,
850 2002 978 2085 ἐνεργείᾳ
1012 2001 1063 2084 μὲν
1087 2000 1170 2063 οῦδὲν
1194 2000 1225 2064 δν
1246 2004 1306 2063 τῶν
1330 2000 1524 2083 μεμιγμένων,

273 2105 393 2184 δυνάμει
427 2102 459 2166 δέ
491 2107 548 2166 πυῖν
571 2126 607 2178 τι,
642 2107 778 2167 τοσοῦτον
801 2105 1029 2187 ἀπολειπόμενον
1062 2107 1113 2165 τοῦ
1137 2103 1184 2166 κα1
1212 2102 1341 2187 ἐνεργείᾳ
1363 2105 1467 2174 σώζειν
1490 2102 1526 2165 τδι

274 2206 304 2269 ἐν
327 2205 410 2290 αδτιγῖ
434 2204 607 2289 μεμιγμένα,
642 2204 710 2271 ὅσον
745 2206 793 2269 διὰ
824 2211 875 2271 τοῦ
899 2211 989 2270 ποιεῖν
1022 2207 1125 2270 τεκαὶ
1158 2206 1283 2290 πάσχειν
1306 2201 1456 2290 άφήρηται
1479 2204 1525 2268 διὰ
1538 2221 1567 2264 σν

273 2314 326 2393 τῆς
347 2310 500 2393 δυνάμεως
522 2308 618 2372 αὐτῶν
642 2309 775 2374 ἑκάστου.
820 2312 864 2374 διδ
899 2311 947 2374 καὶ
982 2310 1080 2393 ὀλίγης
1106 2311 1197 2371 δεῖται
1219 2309 1356 2391 βοηθείας
1378 2313 1430 2391 τῆς
1455 2306 1525 2389 πρὸς

219 2433 254 2480 20
272 2413 294 2495 †
309 2411 401 2495 αὐτὴν
416 2412 458 2480 είς
473 2411 579 2495 ταύτην
604 2413 767 2497 μεταβολήν
791 2411 822 2479 ὃς
844 2410 880 2495 ήν
903 2435 935 2495 γε
958 2412 1054 2475 αὐτῶν
1077 2416 1195 2474 τοιαῦτα
1212 2411 1215 2496 i
1233 2416 1327 2496 χωρεῖ
1348 2412 1388 2494 μὴ
1413 2411 1506 2472 πάντα
1529 2415 1577 2472 δΙδ

269 2514 403 2600 χωριστά
425 2515 461 2577 τά
483 2514 681 2599 πεπραγμένα.
719 2515 890 2598 προσθήκης
912 2513 966 2599 γὰρ
989 2516 1083 2578 δεῖταί
1101 2538 1177 2583 τινος
1198 2514 1240 2582 είς
1259 2512 1435 2597 τελειότητα,
1459 2511 1518 2575 ἀλλ’

270 2620 304 2682 οὐ
327 2621 486 2686 παντελοῦς
508 2617 649 2698 γενέσεώς
672 2641 703 2680 τε
726 2619 773 2680 καὶ
797 2619 969 2701 μεταβολῆς.
1015 2619 1059 2680 διδ
1082 2618 1130 2680 καὶ
1156 2615 1401 2700 προσφερομένων
1424 2615 1522 2683 αὐτοῖς

270 2743 363 2800 τινων,
387 2721 406 2783 ἃ
428 2721 501 2804 πρδς
522 2720 575 2803 τὴν
597 2721 732 2804 τοιαύτην
756 2720 923 2803 τελειότητα
946 2723 1092 2802 συνεργεῖν
1116 2719 1191 2783 ἐστιν
1208 2719 1257 2782 οἶά
1278 2742 1321 2794 τε,
1344 2718 1451 2803 ’ρηδίως
1474 2717 1523 2780 ἐπὶ

266 2825 318 2908 τὴν
341 2824 448 2887 οἰκείαν
471 2822 625 2905 ἀνατρέχει
647 2821 742 2905 φόσιν,
767 2824 800 2885 οδ
824 2827 874 2886 τοῦ
898 2822 1038 2907 πρότερον
1062 2820 1145 2891 ὄντος
1173 2823 1276 2890 ῦδατος
1298 2822 1317 2904 ή
1342 2819 1421 2883 οἴνου
1445 2817 1523 2903 [τοῦ]
1551 2835 1564 2877 s

213 2945 247 2993 νο
268 2924 472 3009 ἐκκρινομένου
496 2925 581 2987 πάλιν
614 2922 698 3005 (οῦδὲ
719 2923 773 3007 γάρ
796 2926 848 3008 τήν
872 2925 968 3009 ἀρχὴν
991 2925 1119 2997 ἐσώζετο
1143 2925 1238 3009 ἐντῷ
1268 2925 1396 3007 μίγματι,
1429 2923 1521 3006 παρά·

268 3029 348 3097 θεσις
369 3028 425 3111 γὰρ
447 3026 493 3101 ἄν,
517 3025 550 3089 οὐ
573 3028 674 3110 κρᾶσις
698 3025 747 3110 ἧν·
783 3025 813 3089 ἐν
835 3025 890 3110 γάρ
912 3032 972 3094 τοῖς
994 3027 1183 3111 κεκραμένοις
1207 3028 1235 3090 έν
1259 3051 1291 3090 τε
1314 3027 1362 3089 καὶ
1385 3026 1520 3108 όμοιομε·

268 3131 316 3214 ρές
338 3134 395 3194 πᾶν
417 3132 450 3194 τδ
472 3130 590 3212 γεγονδς
612 3129 646 3192 ἐκ
668 3134 720 3212 τῆς
742 3129 899 3214 κράσεως),
927 3130 1003 3192 άλλδι
1027 3131 1185 3213 δυναμένου
1209 3128 1295 3214 [άπδ]
1320 3133 1371 3193 τοῦ
1393 3127 1523 3191 τοιούτου

268 3234 413 3316 κράματος
434 3234 475 3300 εἰς
498 3233 575 3317 ῦδωρ
599 3233 651 3314 μέν
667 3233 774 3316 ῥᾳδίως
791 3234 979 3316 μεταβάλλειν
994 3232 1017 3314 †
1030 3231 1242 3316 μεταβαλόντος
1257 3233 1298 3300 εἰς
1313 3235 1396 3295 τοῦτο
1414 3230 1521 3313 ἀρχήν,
1536 3245 1563 3289 1⁰

268 3336 309 3418 μὴ
333 3335 441 3420 μιχθέν
464 3334 497 3398 ἐκ
519 3335 656 3398 τοιούτων
679 3334 727 3397 ἐπὶ
750 3335 883 3419 τοιαύτης
907 3334 1069 3418 ποιότητος.
1108 3338 1148 3401 ώς
1164 3335 1219 3418 γὰρ
1235 3333 1282 3395 ἐπὶ
1305 3337 1356 3395 τοῦ
1379 3334 1520 3414 γάλακτος

212 3456 246 3504 30
265 3436 346 3506 όντος
368 3439 561 3519 ὁμοιομεροῦς
584 3440 728 3518 σώματος,
752 3435 872 3522 ἔχοντος
895 3437 927 3500 δέ
950 3437 980 3500 ἐν
1004 3438 1085 3520 αῦτηῖ
1104 3436 1156 3519 [τι]
1173 3436 1292 3519 δυνάμει
1315 3436 1363 3496 καὶ
1387 3433 1471 3517 ὑγρόν
1494 3457 1520 3496 τι

266 3541 313 3604 καί
335 3538 462 3624 στερεόν,
485 3540 501 3600 δ
524 3539 731 3622 πεπυρωμένος
754 3540 913 3625 ἐμβληθεὶς
935 3539 1015 3606 λίθος
1039 3540 1175 3624 ἑκάτερον
1197 3537 1293 3601 αὐτῶν
1317 3537 1347 3606 ἐξ
1369 3536 1458 3600 αὐτοῦ
1482 3538 1519 3598 δι-

267 3644 360 3727 έκρινε
381 3643 521 3725 γεννήσας
543 3640 648 3724 τρόπον
671 3643 743 3716 τινά,
767 3643 814 3704 καὶ
837 3643 870 3705 τὸ
894 3643 945 3725 μὲν
963 3641 1052 3704 αὐτοῦ
1067 3641 1153 3724 τυρόν
1171 3641 1302 3723 ἐποίησε,
1326 3640 1358 3702 τδ
1374 3639 1406 3701 δέ
1422 3637 1518 3721 όρρόν,
1535 3654 1561 3697 ιε

264 3746 298 3810 οῦ
321 3746 409 3830 μέρος
432 3769 458 3808 τι
481 3745 646 3829 ἐνυπάρχον
669 3744 750 3830 αὐτῷ
775 3744 902 3828 ἐνεργείᾳ
925 3744 1066 3828 χωρίσας,
1101 3741 1160 3805 ἀλλ’
1187 3742 1248 3804 ’άπδ
1282 3743 1387 3810 παντὸς
1416 3740 1518 3824 μορίου

210 4002 361 4074 θπροσήοιη
380 4002 486 4070 scripsi:
513 4004 626 4072 προσῆκε
645 4002 706 4054 libri
813 4000 877 4068 άλλη
896 4004 936 4054 Rs
1046 4000 1075 4051 ll
1103 3999 1284 4070 περικειμένων
1302 4001 1342 4051 Ra
1451 3995 1482 4047 12
1510 3993 1571 4048 θᾶτ-

208 4107 252 4143 τον
271 4089 308 4142 A²
425 4088 456 4142 13
475 4085 628 4158 διαιροῦντα]
647 4086 755 4160 διαιροῦν
774 4092 814 4141 Rs
919 4086 966 4156 πρὸ
985 4088 1087 4140 BCRS:
1107 4086 1168 4157 πρὸς
1187 4090 1253 4138 ΑΡε
1348 4085 1379 4136 14
1398 4079 1572 4153 περιτιθίμινα

207 4179 248 4230 Rs
356 4177 386 4229 17
406 4181 456 4228 πᾶν
475 4194 498 4227 τι
511 4175 606 4227 Idsler:
630 4176 703 4227 παντὶ
721 4176 780 4227 libri
887 4179 1007 4227 τοσοῦτον
1025 4177 1126 4228 BCPS:
1151 4174 1179 4225 τό
1202 4177 1277 4225 σοῦτο
1295 4173 1345 4224 Αἰ
1373 4167 1501 4223 τοσοῦτων
1520 4168 1569 4220 A²2

207 4262 320 4333 τοσοίντιρ
339 4267 378 4317 Rs
466 4266 511 4314 τοῦ
530 4262 622 4329 Apelt:
648 4262 676 4314 τὸ
695 4262 767 4314 libri:
792 4265 830 4330 τῷ
848 4262 932 4314 Ιδελετ
1023 4262 1053 4312 19
1079 4261 1164 4313 αὐτῶν
1184 4277 1233 4312 om.
1253 4263 1315 4312 PRs
1405 4256 1500 4326 ὀλίγης]
1520 4255 1570 4309 ὀλι-

206 4353 279 4418 γάκις
296 4353 347 4403 Rs:
375 4349 460 4420 ὀλίγης
479 4349 544 4408 τινὸς
563 4349 642 4417 Apelt
763 4349 801 4400 19.
822 4348 856 4400 20
883 4348 944 4418 πρὸς
962 4348 993 4400 αδ
1012 4350 1059 4418 τἠν
1079 4349 1156 4415 Apelt
1262 4347 1296 4398 ‘20
1323 4345 1351 4402 δς
1375 4344 1406 4415 ἦν
1431 4363 1459 4415 γε
1484 4343 1571 4396 αὐτῶν

208 4440 333 4491 ABCPS:
354 4437 381 4496 δς
399 4437 430 4507 ἠν
448 4455 476 4505 γε
495 4441 543 4488 Ra:
567 4436 599 4506 ἠν
618 4455 644 4505 γε
664 4436 755 4499 laeter,
773 4437 818 4502 qui
838 4441 899 4486 ants
916 4434 948 4504 ἢν
967 4435 1086 4488 lacunam
1107 4451 1163 4487 esse
1186 4435 1292 4487 statuit:
1321 4431 1367 4501 όση
1390 4450 1418 4500 γε
1436 4432 1515 4499 Apelt

206 4534 296 4598 χωριτῖ
309 4525 389 4593 Apelt
496 4524 537 4577 20.
557 4523 588 4575 21
611 4526 690 4593 πάντη
711 4524 840 4594 ἀχώριστα
858 4522 937 4590 Apelt
956 4531 1024 4575 recte
1037 4530 1066 4574 ut
1084 4524 1194 4587 videtur,
1214 4523 1313 4588 reliqua
1332 4521 1370 4571 ita
1388 4520 1569 4571 constituerim

208 4613 276 4684 [τῆς]
290 4612 351 4685 πρὸς
362 4611 450 4682 (τὴν)
463 4611 568 4663 αδτών
587 4610 620 4666 τίς
638 4608 731 4680 ταότην
746 4611 813 4674 (scil.
827 4609 941 4677 δόναμιν)
955 4609 1107 4680 μεταβολήν,
1127 4608 1184 4662 ὅσα
1203 4627 1230 4678 γε
1242 4607 1327 4660 αδτών
1346 4610 1463 4659 τοιοῦτο
1483 4613 1569 4677 χωρεῖ,

207 4701 303 4764 <έπε1>
321 4700 356 4769 μὴ
376 4701 458 4769 πάντη
478 4699 608 4772 άχώριστα
626 4699 657 4748 τὰ
676 4699 854 4766 κεκραμένα
944 4698 975 4748 21
996 4699 1141 4750 wiomRa
1220 4694 1397 4765 adaptata
1477 4692 1569 4746 θέτοῦ

207 4789 396 4854 circumscripsi
469 4786 501 4838 26
521 4784 657 4837 καλοῦΒα
739 4783 770 4836 27
785 4784 834 4836 ἀπὸ
848 4786 1041 4851 circumscripsi
1122 4784 1237 4836 τοιοῦτον
1255 4799 1319 4836 corr.
1334 4798 1366 4834 ex
1379 4779 1532 4835 τοσοίτουΑ

207 4874 241 4927 28
259 4873 458 4944 μεταβάλλοντος
476 4874 523 4941 (se.
536 4876 581 4924 τοῦ
599 4871 689 4944 κράμ.)
708 4873 743 4931 είς
760 4872 795 4924 τὸ
813 4873 868 4943 την
888 4872 926 4947 άρ.
947 4871 1017 4926 Diels
1106 4872 1141 4925 30
1158 4891 1182 4927 τι
1201 4871 1283 4925 delevi
