3540 5610
661 299 802 356 ΒΙΒΛΙΟΝ
822 298 1002 356 ΔΕΠῈΡΟΝ
1026 301 1127 353 18-20
1529 298 1570 360 113

261 477 343 559 παρὰ
364 482 417 561 τῆς
439 477 486 539 διὰ
508 478 540 539 τὸ
565 477 669 559 θνητὸν
697 477 859 544 ἀσθενείας.
902 477 945 538 διὸ
970 474 1122 556 κινούμενα
1150 477 1282 556 συνεχῶς
1311 471 1384 533 κατὰ
1413 472 1465 551 τὴν
1489 469 1518 529 ἐν

260 579 361 647 αὐτοῖς
388 581 472 664 φύσιν
501 580 547 643 διὰ
570 585 622 664 της
649 582 679 642 ἐν
707 586 743 662 τη
773 581 882 661 κινήσει
915 583 1004 660 μονῆς
1031 580 1083 659 την
1110 576 1221 638 ἐκείνου
1251 579 1378 656 μιμεῖται
1406 574 1513 636 στάσιν.

262 683 310 744 ότι
330 681 356 745 δ’
384 683 418 747 οὔ
441 685 474 747 τὸ
497 687 639 746 κινεῖσθαι
660 682 756 765 μόνον,
780 682 854 744 ἀλλὰ
877 683 926 745 καὶ
948 682 980 744 τὸ
1002 686 1112 764 συνεχῆ
1136 703 1167 741 τε
1189 681 1236 741 καὶ
1261 679 1350 740 άίόιον
1374 676 1515 739 κινεῖσθαι
1543 689 1557 729 υ

263 785 374 869 κίνησιν
397 786 470 850 κατὰ
492 786 577 869 φύσιν
600 785 713 855 αὐτοῖς,
744 786 868 848 δείκνυσι
896 785 944 847 καὶ
966 785 998 846 τὸ
1022 789 1126 867 σχῆμα
1153 780 1233 866 ἔχειν
1261 780 1334 843 αὐτὰ
1358 778 1516 863 σφαιρικόν,

223 886 327 956 οέπεὶ
353 890 386 951 τὸ
415 889 467 970 μὲν
494 887 610 972 ἄριστόν
638 913 669 951 τε
697 890 745 951 καὶ
772 887 948 951 τελειότατον
974 893 1031 948 τῶν
1061 887 1221 970 σχημάτων
1252 888 1294 968 τῷ
1323 885 1432 966 ἀρίστῳ
1459 886 1516 943 τῶν

262 994 408 1074 στομάτων
431 992 506 1055 κατὰ
528 992 626 1076 φύσιν,
653 998 696 1076 τῷ
721 975 753 1054 δὲ
775 990 897 1074 τοιούτῳ
924 992 1055 1075 σχήματι
1080 988 1158 1072 παρὰ
1181 988 1264 1071 φύσιν
1288 988 1306 1069 ί,
1331 987 1443 1053 στάσις·
1472 984 1516 1045 διὸ
1531 998 1559 1040 ιυ

264 1095 334 1156 οὐδὲ
357 1095 441 1178 βάσιν
464 1093 527 1180 ἔχει
550 1095 612 1158 τινὰ
634 1094 702 1158 καθ’
730 1097 765 1178 ἢν
789 1097 933 1177 στήσεται.

263 1336 346 1400 xlx.
389 1333 463 1400 Ὅτι
491 1335 554 1421 (εἰ)
581 1338 597 1400 ὁ
621 1336 752 1420 κόσμος
779 1337 892 1404 ἀίδιός
919 1338 1007 1407 ἐστι,
1039 1336 1076 1397 τὸ
1103 1335 1139 1397 δὲ
1159 1336 1280 1416 κόσμιρ
1308 1331 1397 1395 εἶναι
1423 1330 1516 1410 αὐτῷ

322 1441 340 1521 ί,
363 1439 457 1509 τάξις
480 1441 587 1515 ἐστίν,
610 1439 665 1524 εἴη
689 1440 727 1503 ἂν
751 1441 785 1504 ἐν
808 1446 849 1523 τῇ
874 1440 989 1519 οἰκεία
1012 1439 1114 1520 οὐσίᾳ
1136 1438 1240 1500 αὐτοῦ
1265 1439 1321 1498 καὶ
1344 1441 1456 1498 τοῦτο.

213 1616 245 1660 10
352 1593 388 1658 Εἰ
402 1597 427 1658 ό
450 1598 559 1679 κόσμος
582 1598 671 1664 ἀίδιος
699 1602 736 1680 τῇ
761 1598 864 1660 ἑαυτοῦ
888 1598 986 1681 φύσει,
1014 1597 1046 1658 τὸ
1070 1596 1102 1657 δὲ
1124 1595 1226 1677 κόσμῳ
1254 1593 1329 1656 εἷναί
1348 1593 1409 1656 ἐστι
1431 1593 1463 1654 τὸ
1486 1591 1517 1652 ἐν
1532 1608 1558 1649 ιτ

264 1701 363 1781 τοιᾷδε
389 1698 467 1768 τάξει
493 1699 568 1763 εἷναί
594 1723 660 1773 τινι,
687 1701 734 1783 εἴη
762 1700 796 1764 ἂν
824 1704 871 1764 καὶ
899 1704 951 1783 τὴν
978 1701 1054 1769 τάξιν
1083 1699 1161 1782 παρὰ
1189 1704 1240 1780 τῆς
1267 1699 1372 1759 ἑαυτοῦ
1401 1695 1517 1779 φάσεως

262 1799 352 1886 ἔχων.
392 1803 420 1864 εἰ
442 1803 474 1865 δὲ
488 1807 584 1873 τοῦτο,
607 1802 673 1866 οὔτε
695 1805 767 1887 πρὸς
789 1805 821 1866 τὸ
837 1804 917 1872 εἶναι,
932 1803 998 1867 οὔτε
1019 1805 1090 1887 πρὸς
1112 1805 1164 1885 την
1188 1802 1263 1870 τάξιν
1287 1802 1321 1883 ἣν
1338 1799 1401 1884 ἔχει
1424 1796 1511 1861 δέοιτ’

267 1903 302 1966 ἂν
329 1909 380 1968 τοῦ
407 1908 628 1990 προνοησοντος.
673 1907 748 1969 ἀλλὰ
777 1908 835 1990 μὴν
859 1913 915 1970 πᾶν
944 1909 976 1970 τὸ
1000 1911 1139 1991 προνοοῦν
1166 1906 1184 1988 ᾖ
1208 1909 1259 1967 τοῦ
1282 1904 1353 1966 εἶναι
1375 1901 1434 1986 <τὸ>
1449 1924 1515 1986 προ-

261 2008 419 2089 νοούμενον
441 2014 558 2092 προνοεῖ
579 2010 598 2092 ἢ
622 2014 672 2072 τοῦ
696 2008 728 2072 εὖ
751 2010 837 2081 εἶναι,
866 2013 906 2073 ὧν
934 2013 1005 2094 πρὸς
1034 2011 1190 2093 μηδέτερον
1217 2011 1352 2090 δεόμενος
1375 2012 1425 2069 τοῦ
1448 2023 1555 2088 προ-ευ

209 2132 241 2179 15
263 2111 420 2192 νοησοντος
445 2113 461 2174 ό
488 2114 597 2196 κόσμος
627 2111 688 2175 οὐδ’
716 2112 751 2177 ἂν
779 2118 929 2198 προνοοῖτο
958 2116 1042 2182 όλως.
1092 2114 1112 2196 η
1140 2119 1196 2182 τάς
1224 2114 1275 2195 μὲν
1304 2113 1319 2173 ό
1347 2110 1455 2191 κόσμος
1482 2108 1516 2171 οίι

262 2215 356 2277 δεῖταί
376 2239 451 2284 τινος
473 2217 700 2298 προνοήσαντος,
729 2215 795 2280 οὔτε
818 2219 889 2301 πρὸς
916 2219 949 2280 τὸ
972 2217 1059 2292 εἶναι,
1086 2216 1153 2280 οὔτε
1175 2219 1245 2302 πρὸς
1266 2219 1300 2279 τὸ
1323 2214 1355 2279 εὖ
1378 2214 1465 2283 εἷναι,
1493 2215 1511 2296 ἡ

261 2319 294 2379 δὲ
310 2319 446 2400 γινομένη
469 2318 589 2402 πρόνοια
611 2319 641 2381 ἐν
660 2325 703 2404 τῷ
719 2319 821 2404 κόσμῳ
845 2323 949 2403 γίνεται
971 2321 1077 2405 μέρους
1100 2321 1151 2402 μέν
1171 2345 1246 2389 τινος
1268 2321 1356 2405 ἐντῷ
1383 2320 1386 2401 i
1412 2319 1514 2401 κόσμῳ
1529 2331 1557 2372 τ’»

263 2426 468 2504 προνοοῦντος,
497 2422 602 2506 μέρους
623 2422 656 2485 δέ
683 2447 757 2492 τινος
782 2425 1004 2507 προνοουμένου.
1051 2424 1119 2488 ὅσον
1143 2425 1195 2507 μὲν
1223 2425 1276 2507 γὰρ
1303 2423 1392 2486 αὐτοῦ
1415 2428 1502 2502 σῶμα
1526 2426 1569 2483 118

262 2523 402 2606 ἀγένητόν
425 2548 456 2587 τε
472 2526 519 2588 καὶ
536 2525 684 2611 άφθαρτόν
700 2527 770 2598 ἐστι,
793 2529 841 2589 καὶ
864 2528 910 2589 ἀεὶ
926 2529 1000 2589 κατὰ
1022 2529 1073 2609 την
1090 2528 1178 2589 αὑτοῦ
1202 2526 1286 2609 φύσιν
1308 2548 1337 2586 τε
1354 2526 1400 2587 καὶ
1416 2524 1514 2608 ψυχὴν

203 2647 241 2693 ‘20
261 2626 452 2708 τεταγμένον,
482 2630 531 2690 καὶ
553 2630 605 2711 τὴν
627 2631 716 2692 αὑτοῦ
743 2632 854 2713 κίνησιν
877 2631 1041 2712 κινούμενον
1065 2630 1164 2713 ἐφέσει
1193 2631 1344 2712 μιμήσεως
1366 2634 1416 2692 τοῦ
1440 2629 1516 2711 πρώ-
1543 2643 1557 2685 ο

260 2752 312 2791 του
335 2731 418 2804 θεοῦ,
441 2730 518 2793 τοῦτ’
539 2731 622 2794 οὐδὲν
646 2735 735 2795 δεῖται
757 2738 808 2795 τοῦ
832 2736 1051 2817 προνοησοντος.
1075 2734 1105 2795 έν
1126 2739 1164 2816 τη]
1188 2733 1279 2815 οἰκεία
1302 2733 1385 2816 φύσει
1409 2731 1461 2812 τήν
1484 2753 1514 2792 τε

260 2831 337 2894 κατὰ
360 2834 392 2894 τὸ
415 2831 488 2896 εἶναι
515 2834 564 2896 καὶ
585 2835 637 2917 τὴν
660 2836 732 2898 κατὰ
760 2839 792 2897 τό
821 2834 853 2898 εὖ
881 2836 953 2899 εἶναι
979 2836 1144 2919 τελειότητα
1167 2833 1252 2918 ἕχον,
1281 2834 1348 2898 ὅσον
1372 2836 1404 2897 δὲ
1426 2833 1514 2895 αὐτοῦ

259 2933 380 3018 γενητόν
402 2958 434 2997 τε
456 2937 503 2999 καὶ
526 2937 655 3021 φθαρτὸν
678 2939 725 3000 καὶ
751 2944 802 3021 τῆς
825 2937 892 3022 παρ’
914 2939 1002 3002 ἄλλου
1027 2939 1164 3022 βοηθείας
1183 2937 1318 3020 δεόμενον
1342 2939 1412 3020 πρός
1436 2960 1466 2999 τε
1482 2938 1514 3000 τὸ
1530 2953 1556 2994 ιο

261 3037 337 3100 εἶναι
358 3039 407 3099 καὶ
423 3040 494 3121 πρὸς
516 3040 568 3121 τὴν
585 3039 631 3102 διὰ
654 3046 706 3123 της
727 3040 866 3104 εὐτάκτου
890 3043 1052 3126 μεταβολῆς
1075 3040 1137 3103 κατ’
1159 3040 1235 3109 εἶδος
1251 3039 1410 3123 ἀιδιότητα,
1433 3039 1510 3102 τοῦτ’

200 3161 238 3208 25
259 3141 323 3203 ἐστὶ
344 3140 379 3201 τὸ
403 3141 615 3223 προνοούμενον
638 3143 694 3205 ὑπὸ
717 3149 769 3226 τῆς
792 3149 841 3205 τοῦ
867 3145 947 3206 θείου
971 3145 1079 3227 μέρους
1101 3149 1151 3206 τοῦ
1174 3143 1284 3226 κόσμου
1308 3147 1449 3227 κινησειος
1472 3144 1515 3205 εὐ-

258 3245 368 3305 τάκτου
399 3244 447 3305 καὶ
477 3249 561 3313 ποιᾶς
583 3245 715 3330 σχέσεως
737 3249 809 3330 πρὸς
832 3248 902 3309 αὐτὸ
926 3250 1156 3332 κυβερνώμενον·
1191 3245 1272 3330 [ὑφ’]
1297 3247 1341 3330 ἧς,
1372 3246 1418 3330 ἐφ’
1448 3247 1515 3309 ὅσον
1531 3264 1556 3304 ιτ

261 3345 413 3429 ἐνδέχεται
436 3347 541 3429 θνητόν
558 3372 583 3410 τι
606 3346 647 3424 ὅν,
671 3350 794 3434 μετέχον
818 3351 936 3425 τάξειος,
960 3351 1027 3435 παρ’
1049 3351 1165 3413 ἐκείνων
1188 3351 1278 3431 αὐτῆς
1293 3353 1435 3434 τυχχάνον
1459 3349 1509 3433 [δι’

259 3447 367 3532 αὐτῆς]
390 3452 529 3531 φυλάσσει
553 3449 588 3513 δι’
617 3452 707 3536 αὐτῆς
730 3454 782 3535 τὴν
804 3452 867 3515 κατ’
895 3453 970 3521 εἶδος
993 3454 1167 3536 ἀφθαρσίαν.

262 3690 331 3754 XX.
387 3690 465 3760 ΙΙῶς
495 3695 532 3755 τό
560 3695 778 3778 μεταβάλλον
806 3694 857 3762 είς
885 3719 915 3758 τι
942 3694 1018 3757 καθ’
1050 3697 1089 3779 ἣν
1117 3693 1194 3779 ἔχει
1222 3696 1380 3777 δύναμιν.
1416 3700 1517 3777 τηρεῖ

203 3814 240 3863 30
338 3794 399 3877 τὴν
423 3795 565 3877 δύναμιν
588 3800 643 3860 καὶ
667 3797 752 3880 μετὰ
775 3800 811 3860 τὸ
836 3800 1081 3882 μεταβάλλειν,
1105 3799 1154 3866 είς
1177 3798 1192 3860 θ
1217 3799 1438 3883 μετέβαλλεν.
1528 3815 1556 3855 ευ

351 3950 418 4021 Πῶς
440 3953 472 4014 τὸ
497 3954 675 4038 μεταβάλλον
699 3954 740 4022 είς
761 3978 787 4016 τι
809 3959 851 4038 τῷ
869 3955 986 4035 δύναμιν
1010 3952 1088 4038 ἔχειν
1112 3957 1166 4037 πρὸ
1189 3960 1239 4017 τοῦ
1261 3956 1448 4039 μεταβάλλειν
1471 3955 1513 4023 είς

264 4053 335 4117 αὐτὸ
362 4060 415 4138 τῆς
436 4056 477 4124 εἰς
499 4057 569 4119 αὐτὸ
597 4058 759 4140 μεταβολῆς
786 4054 931 4141 [κινεῖται]
960 4064 1043 4140 τηρεῖ
1075 4057 1132 4141 [τε]
1161 4060 1212 4140 τὴν
1240 4059 1358 4139 δύναμιν
1385 4059 1436 4140 τὴν
1464 4062 1514 4119 τοῦ

263 4158 392 4240 γίνεσθαι
420 4158 513 4222 ἐκεῖνο
540 4161 624 4222 πάλιν
652 4160 683 4229 ἐξ
710 4158 743 4222 οὔ
768 4161 953 4245 μετέβαλλεν;
990 4163 1036 4223 καὶ
1062 4162 1167 4242 γίνεται
1195 4164 1278 4223 πάλιν
1303 4162 1406 4233 ἐκεῖνο,
1433 4162 1436 4248 Ι
1462 4168 1502 4232 ὡς
1525 4168 1566 4225 1111

207 4389 224 4441 ‘2
246 4389 327 4460 μόνης
345 4406 361 4441 α
449 4390 466 4442 8
485 4390 506 4442 τί
524 4391 581 4443 add.
595 4392 630 4444 Β2
648 4394 701 4445 tab.
720 4392 763 4459 Sp.
858 4395 883 4445 11
906 4412 952 4444 τινι
970 4400 1031 4445 ante
1049 4392 1116 4452 τάξει
1135 4395 1223 4445 coiloc.
1244 4397 1321 4460 asp.
1415 4396 1444 4446 13
1463 4397 1568 4464 προνοη-

207 4493 301 4534 σαντυς
318 4479 567 4547 v.c.VSG1*'aSp.:
586 4482 769 4550 προνοήσοντοσ
784 4483 840 4532 V¹B
928 4482 958 4532 13
977 4481 1005 4533 τό
1019 4482 1076 4533 add.
1091 4482 1135 4548 Sp.
1220 4484 1250 4532 11
1270 4490 1370 4550 προνοεῖ
1381 4484 1437 4550 Sps
1458 4493 1567 4550 προνοεῖ-

207 4583 252 4616 ται
271 4566 330 4617 libri
422 4566 452 4618 16
477 4568 659 4636 πρυνυησυντος
678 4588 693 4619 a
712 4570 757 4636 sp.
850 4570 880 4620 111
899 4578 922 4619 et
943 4570 976 4620 20
996 4569 1073 4621 αἰτοῦ
1094 4575 1115 4618 λ’
1207 4571 1236 4620 ‘21
1267 4571 1336 4621 θείου
1356 4574 1422 4622 coni.
1437 4572 1480 4638 Sp.

209 4653 246 4704 2³0
273 4653 334 4724 τοιᾷ
357 4654 437 4725 σχίσει
455 4655 501 4722 Sp.
591 4656 651 4709 αὐτὸ
674 4658 730 4724 Sp.:
760 4655 836 4709 αὺτοῦ
861 4658 918 4708 libri
1010 4654 1054 4725 ὑφ’
1076 4658 1158 4708 delevi
1249 4659 1281 4709 ⁴31
1301 4661 1343 4709 καὶ
1362 4656 1422 4730 παρ’
1450 4661 1515 4710 iiii.

209 4740 254 4791 27.
274 4741 308 4793 ‘28
332 4736 367 4792 δι’
387 4741 464 4811 αὐτῆς
483 4743 532 4795 del.
552 4744 622 4797 828²
640 4761 689 4796 om.
710 4764 725 4795 a
745 4748 788 4811 Sp.
878 4746 912 4795 30
935 4746 1026 4809 (0133)
1046 4745 1180 4813 μετέβαλεν
1199 4762 1213 4795 ιι
1232 4751 1276 4810 ⁵1..
1365 4750 1397 4796 :22
1422 4756 1524 4797 κινεῖται
1543 4752 1568 4798 οἱ

208 4847 237 4880 τε
258 4828 307 4879 del.
326 4832 371 4896 Sp.
459 4829 493 4883 33
512 4830 620 4900 γίνεσθαι
639 4834 744 4899 scripsi:
764 4833 882 4884 ὃθνασθαι
903 4834 960 4886 libri
1044 4834 1116 4884 πάλιν
1136 4834 1237 4898 scripsi:
1258 4839 1306 4883 πᾶν
1326 4834 1383 4883 libri
1467 4835 1509 4883 καὶ
1530 4833 1566 4901 γί-

209 4917 297 4967 νεσθαι
322 4916 389 4968 Vict.
411 4917 454 4986 Sp.
545 4921 648 4988 signum
669 4922 756 4973 interr.
777 4923 851 4988 posui
871 4930 929 4989 post.
948 4920 1106 4991 μετέβαλλεν.
1128 4926 1185 4988 post
1206 4921 1287 4972 ἐκεῖνο
1308 4922 1366 4971 iibri
