3540 5610
216 306 280 370 220
654 302 882 365 ΑΛΕΞΑΝΔΡΟΥ
905 306 1131 366 ΑΦΡΟΛῙΣΙΕΩΣ

270 481 448 564 κιρναμένων
464 484 619 565 σωμάτων.
653 484 689 546 τό
711 483 766 567 γάρ
789 484 952 566 διαιροῦντα
973 480 1144 547 διίστανται·
1168 475 1352 568 διαιρούμενα
1370 485 1404 548 δὲ
1419 486 1522 570 χώραν

270 582 384 651 ἑαυτοῖς
407 586 629 668 παρασκευάζει,
664 589 704 656 ώς
728 587 768 669 μὴ
792 587 937 668 δυνάμενοι
970 586 1017 650 διὰ
1039 590 1181 671 συνεχοῦς
1208 587 1256 650 καί
1280 585 1445 671 ἀδιαιρέτου
1469 592 1520 650 τοῦ

271 685 462 770 ὑποκειμένου
496 690 630 770 σώματος
663 689 704 758 εἰς
735 691 768 753 τδ
791 689 814 771 †
836 689 1019 773 προσελθεῖν.
1064 687 1193 753 καθόλου
1216 687 1248 753 δὲ
1269 689 1296 752 εἰ
1323 686 1382 752 ἔδει
1412 689 1465 770 μέν
1487 689 1521 751 τδ

271 789 430 872 δεχόμενον
454 794 541 872 σῶμα
564 791 593 854 ἐν
616 793 698 877 αύτῷ
722 791 794 855 ἄλλο
817 796 904 876 σῶμα
926 791 958 873 †‚
983 791 1073 875 μηδέν
1095 815 1121 854 τι
1145 795 1244 875 μεῖζον
1265 791 1408 873 γίνεσθαι·
1435 794 1522 853 τοῦτο
1535 804 1563 848 εν

236 893 324 972 υγοίρ
348 891 408 955 ἐστι
431 894 464 956 τδ
487 893 624 962 δέξασθαι
647 894 676 957 ἐν
699 895 780 978 αύτῷ
805 918 842 957 τι.
887 894 935 956 έπλ
969 893 1094 977 μηδενός
1127 917 1201 962 τινος
1234 894 1369 976 σωμάτος
1400 894 1420 974 ἠ
1448 891 1523 974 μῖξις

272 996 329 1053 τῶν
366 995 510 1077 σωμάτων
545 993 606 1059 ἴσον
639 1000 724 1080 τηρεῖ
754 998 802 1060 τδν
830 994 915 1079 ὄγκον
943 997 985 1059 ένὶ
1007 1001 1066 1058 τών
1094 994 1281 1078 μιγνυμένων.
1325 993 1374 1078 ἐφ’
1404 995 1445 1056 ών
1466 993 1521 1077 γὰρ

273 1093 334 1157 ίσον
357 1096 439 1158 δοκεῖ
459 1096 563 1179 με’νειν,
587 1096 632 1160 ἐπ’
660 1098 778 1161 ἐκείνων
801 1098 835 1162 οὐ
858 1101 1002 1180 σώματων
1026 1098 1099 1180 μῖξίς
1126 1099 1197 1172 έστι,
1230 1095 1290 1161 ἀλλ’
1318 1097 1338 1180 ἦ
1360 1095 1438 1165 εἶδός
1459 1095 1522 1159 ἐστι

271 1197 318 1258 καὶ
343 1196 396 1279 ύλη
419 1198 455 1260 τὰ
477 1199 692 1285 λαμβανόμενα,
726 1205 767 1269 ώς
789 1202 808 1283 ἡ
832 1202 915 1285 ψυχὴ
938 1201 1040 1264 καὶτὸ
1063 1205 1160 1284 σῶμα,
1194 1200 1213 1283 ἦ
1237 1204 1324 1282 σῶμα
1345 1199 1393 1262 καὶ
1416 1197 1522 1276 πάθος,
1535 1214 1563 1256 ει

271 1301 311 1366 ώς
334 1299 350 1361 ό
372 1299 489 1383 σιδηρος
511 1305 560 1364 καὶ
580 1305 600 1384 ἡ·
624 1304 779 1385 θερμότης,
802 1303 821 1385 ἢ
846 1294 993 1385 μεταβολή
1016 1326 1090 1372 τινος
1111 1303 1217 1386 γίνεται
1249 1301 1310 1365 οἷον
1332 1298 1362 1370 ἔς
1388 1324 1415 1362 τι
1437 1299 1521 1375 ἄλλο,

220 1421 249 1466 ιο
269 1404 309 1469 ώς
331 1401 379 1463 ἐπὶ
400 1408 452 1485 τῆς
475 1403 589 1486 τέφρας.
635 1401 702 1467 οὔτε
724 1405 757 1467 δὲ
780 1405 815 1468 τὰ
837 1406 920 1488 πάθη
942 1403 1009 1468 οὔτε
1030 1405 1066 1468 τὰ
1093 1404 1158 1489 είδη
1180 1408 1313 1488 σώματα,
1347 1401 1372 1484 †
1393 1401 1457 1465 οὐδ’
1485 1400 1520 1465 ἂν

270 1502 342 1566 ἄλλο
366 1510 452 1586 σῶμα
475 1505 504 1568 έν
528 1506 610 1591 αὐτῷ
635 1507 759 1591 δέχοιτο.
805 1509 853 1571 καὶ
875 1507 929 1591 γδρ
951 1509 978 1571 εἰ
1000 1508 1049 1571 οἶά
1070 1530 1100 1571 τε
1123 1506 1169 1591 εἴη
1192 1507 1227 1570 τὰ
1260 1509 1384 1589 σώματα
1407 1503 1521 1587 ἄλληλα

271 1606 422 1689 δέχεσθαι,
456 1606 519 1671 οὐδ’
547 1608 581 1671 ἂν
603 1614 655 1692 τῆς
678 1611 939 1694 ἀντιπεριστάσεως
960 1609 1002 1673 ἔτι
1024 1610 1085 1674 δέοι
1106 1611 1178 1695 πρὸς
1199 1610 1253 1693 τὴν
1274 1609 1384 1692 κίνησιν
1407 1606 1519 1675 αὐτοῖς·
1533 1623 1564 1666 ευ

271 1707 305 1770 οὐ
328 1708 382 1790 γὰρ
405 1711 442 1792 δὴ
465 1712 557 1794 χωρὶς
578 1713 720 1794 κινήσεως
746 1717 834 1794 σῶμα
867 1713 950 1776 δίεισι
983 1712 1030 1775 διὰ
1058 1716 1203 1796 σώματος.
1248 1711 1320 1794 πρὸς
1345 1711 1378 1774 δὲ
1400 1708 1520 1783 τούτοις,

269 1816 332 1879 πῶς
358 1811 411 1874 οὐκ
439 1811 542 1894 ἄλογον
571 1815 619 1875 καὶ
647 1814 679 1876 τὸ
702 1812 794 1896 λέγειν
817 1813 848 1876 ἓν
881 1815 1061 1899 βραχύτατον
1090 1820 1176 1897 σῶμα
1198 1813 1396 1897 παρισούσθαί
1421 1815 1451 1874 τε
1473 1812 1520 1873 καλ

218 1933 248 1980 15
271 1914 510 1996 παρεκτείνεσθαι
532 1921 575 2000 τῷ
602 1913 605 1999 Ι
631 1917 767 2001 μεγίστῳ,
801 1920 842 1985 ὡς
873 1917 922 1979 τδν
945 1918 1053 1982 κύαθον
1075 1922 1126 1981 τοῦ
1149 1916 1228 1981 οἴνου
1250 1918 1370 1984 πολλοῖς
1392 1915 1496 1982 ὓδατος
1517 1917 1576 1974 θθθ

272 2017 385 2100 μέτροις
405 2018 466 2081 ἴσον
482 2020 628 2102 γινόμενον
645 2018 718 2082 κατὰ
735 2019 858 2103 μέγεθος
872 2018 968 2104 αὐτῷ;
992 2024 1055 2088 πῶς
1073 2017 1097 2083 δ’
1119 2020 1172 2083 οὐκ
1187 2018 1294 2082 ἄτοπον
1313 2018 1348 2081 τὸ
1363 2017 1521 2100 πειρᾶσθαι

274 2122 497 2192 κατασκευάζειν
531 2122 578 2185 διὰ
601 2127 651 2185 τοῦ
674 2122 722 2184 τδν
756 2122 914 2205 λιβανωτὸν
937 2123 984 2184 καὶ
1006 2121 1042 2184 τὰ
1063 2121 1138 2185 ἄλλα
1171 2120 1207 2183 τὰ
1233 2121 1407 2203 θυμιώμενα
1429 2120 1519 2201 ένιῇ

269 2222 405 2303 θυμιάσει
439 2223 487 2284 ἐπὶ
521 2227 619 2287 πλεῖον
654 2225 779 2308 ὁρᾶσθαι
812 2223 955 2308 χεόμενα;
995 2225 1011 2287 ό
1040 2225 1092 2305 μὲν
1126 2223 1179 2307 γὰρ
1212 2222 1370 2307 λιβανωτός
1404 2221 1452 2284 καὶ
1484 2221 1521 2282 τά
1549 2236 1564 2276 ὅ

271 2324 380 2405 ὁμοίως
402 2325 496 2409 τούτῳ
520 2326 692 2408 θυμιώμενα
715 2327 762 2388 καλ
786 2326 826 2394 είς
849 2325 921 2388 ἄλλο
937 2349 963 2388 τι
987 2330 1074 2407 σῶμα
1097 2325 1314 2408 μεταβαλλοντα
1337 2321 1519 2405 λεπτότερον,

216 2445 250 2491 20
268 2427 361 2495 οὕτως
393 2427 444 2509 τὴν
479 2427 527 2489 ἐπὶ
555 2428 642 2490 πλέον
671 2426 788 2510 δέχεται
810 2429 906 2512 χύσιν,
940 2428 975 2491 τὰ
998 2428 1030 2490 δὲ
1053 2427 1210 2511 κιρνάμενοί
1237 2448 1269 2489 τε
1292 2427 1340 2489 καὶ
1363 2425 1521 2507 μιγνύμενα

269 2531 317 2591 καὶ
339 2527 402 2592 κατ’
430 2528 534 2598 αὐτοὺς
557 2532 689 2601 σώζοντα
711 2531 763 2612 τὴν
786 2530 893 2593 οἰκείαν
916 2530 1001 2613 φύσιν
1024 2533 1162 2612 κιρνᾶται,
1200 2530 1240 2596 ὡς
1267 2529 1315 2591 καλ
1337 2527 1523 2611 χωρισθῆναι

269 2631 409 2693 δύνασθαι
433 2633 526 2694 πάλιν.
565 2633 642 2695 ώστε
658 2631 740 2694 οὐδὲν
763 2631 861 2700 αὐτοῖς
883 2632 924 2700 εἰς
945 2631 1132 2715 παραμυθίαν
1149 2635 1207 2693 τῶν
1230 2629 1380 2710 έπομένων
1404 2626 1522 2691 ἀτόπων

197 2742 243 2793 Vll
268 2739 327 2801 τοῖς
351 2740 441 2801 κενῶς
463 2733 628 2817 λεγομένοις
650 2737 669 2817 η
693 2735 802 2797 τούτων
826 2737 956 2797 συντελεῖ
971 2732 1140 2816 παράθεσις.
1174 2730 1214 2794 Τό
1237 2753 1269 2794 τε
1290 2728 1340 2794 οὖν
1363 2736 1452 2812 σῶμα
1474 2729 1521 2792 διά
1537 2743 1565 2786 1⁰

268 2839 404 2918 σώματος
427 2841 545 2920 χωρεῖν,
577 2834 601 2919 ᾦ
626 2844 755 2921 χρῶνται
778 2838 850 2920 πρὸς
871 2838 924 2919 τὴν
947 2841 998 2919 τῆς
1021 2836 1152 2919 κράσεως
1175 2835 1325 2909 ἀπόδοσιν,
1360 2831 1468 2917 ψεῦδός
1489 2853 1522 2895 τε

215 2960 248 3007 25
268 2940 316 3001 καὶ
339 2939 417 3022 παρὰ
440 2939 491 3007 τὰς
514 2939 609 3007 κοινὰς
634 2939 793 3022 προλήψεις
816 2939 864 3001 καὶ
887 2938 923 3000 τὰ
945 2939 1052 3021 φυσικὰ
1086 2934 1148 3000 κατ’
1176 2935 1281 3005 αὐτούς
1302 2940 1354 3018 τῆς
1376 2934 1519 3018 ἀληθείας

269 3044 411 3126 κριτήρια,
445 3043 493 3104 καὶ
527 3040 600 3103 πολὺ
625 3044 735 3123 μᾶλλον
769 3039 810 3104 έτι
834 3042 936 3104 τούτου
958 3044 1086 3103 τοιοῦτον
1120 3040 1152 3102 τό
1188 3039 1311 3121 σώματά
1332 3060 1396 3100 τινα
1418 3035 1522 3118 λέγειν,

270 3146 320 3207 δύο
344 3145 362 3227 ἢ
386 3146 434 3207 καὶ
457 3145 559 3219 πλείω,
583 3144 724 3206 δύνασθαι
746 3145 840 3226 πάντη
864 3142 1106 3227 παρεκτεινόμενα
1121 3140 1282 3208 αὐτοῖςκαὶ
1298 3139 1455 3222 μιγνύμενα
1478 3135 1516 3201 δι’
1537 3153 1562 3195 1⁶

269 3246 345 3308 όλων
369 3247 442 3308 αὐτά
464 3270 495 3308 τε
518 3246 667 3317 σώζεσθαι
690 3246 725 3308 τὰ
747 3245 777 3314 ἐξ
800 3247 896 3329 ἀρχῆς
919 3245 1051 3328 μένοντα,
1074 3245 1122 3306 καὶ
1145 3245 1250 3315 σώζειν
1273 3243 1324 3310 τὰς
1339 3241 1446 3309 οἰκείας
1462 3264 1522 3303 ποι-

268 3348 383 3432 ότητας.
429 3353 513 3411 τοῦτο
536 3348 589 3432 γὰρ
613 3372 632 3431 η
656 3351 757 3431 κρᾶσις
778 3346 876 3415 αὐτοῖς
898 3352 950 3429 τῆς
973 3347 1142 3430 συγχύσεως
1165 3343 1305 3428 διαφέρει,
1328 3342 1372 3406 ότι
1396 3343 1445 3406 ἐπὶ
1469 3343 1522 3425 μέν

215 3472 249 3519 30
268 3458 318 3536 τῆς
343 3453 512 3536 συγχύσεως
535 3451 565 3513 έν
588 3474 613 3513 τι
636 3452 668 3512 τδ
692 3449 805 3511 ἐκτῶν
828 3447 1033 3531 συγχεομένων
1056 3448 1171 3530 γίνεται,
1201 3447 1326 3531 μηδενὸς
1348 3449 1407 3509 τῶν
1431 3445 1461 3507 ἐν
1483 3449 1521 3527 τῇ

269 3555 409 3638 συγχύσει
432 3554 506 3636 μήτε
529 3552 601 3615 κατὰ
624 3552 675 3635 τὴν
699 3550 798 3615 οὐσίαν
820 3549 1001 3633 σωζομένου,
1026 3552 1100 3632 μήτε
1120 3549 1195 3613 κατὰ
1217 3547 1269 3617 τὰς
1284 3547 1450 3629 ποιότητας,
1472 3546 1521 3609 ἐπὶ
1534 3563 1565 3605 εν

270 3658 302 3720 δὲ
325 3662 377 3739 τῆς
399 3659 530 3740 κράσεως
554 3656 688 3737 ἑκάτερον
712 3658 770 3716 τῶν
793 3653 889 3735 ἐντῷ
913 3651 1082 3736 κεκραμένῳ
1098 3651 1244 3731 σωμάτων
1260 3647 1302 3712 ἔτι
1325 3652 1451 3722 σώζεται
1472 3650 1521 3712 καὶ

268 3760 341 3821 κατὰ
375 3760 408 3821 τὸ
443 3757 632 3841 ὑποκείμενον
655 3757 702 3819 καὶ
725 3754 799 3819 κατὰ
821 3754 872 3821 τὰς
894 3753 1059 3838 ποιότητας,
1094 3753 1185 3816 καίτοι
1212 3749 1249 3813 δι’
1277 3750 1353 3813 όλων
1383 3751 1522 3833 ἀλλήλοις

269 3862 454 3944 κεκραμένων
477 3864 535 3922 τῶν
558 3860 712 3942 σωμάτων.
751 3857 767 3919 δ
790 3855 905 3940 λέγουσι
928 3857 979 3939 μὲν
1003 3854 1174 3940 βουλόμενοι
1197 3855 1301 3924 σώζειν
1324 3854 1356 3914 τὸ
1381 3851 1523 3915 δύνασθαι

214 3984 247 4031 35
267 3966 315 4028 καὶ
347 3965 382 4026 τὰ
417 3962 579 4047 κεκραμένα
612 3959 793 4045 χωρίζεσθαι
826 3959 910 4021 πάλιν
938 3959 1083 4040 ἀλλήλων.
1129 3957 1270 4019 ἀδυνάτου
1303 3954 1328 4018 δ’
1358 3953 1440 4021 ὄντος
1471 3958 1523 4016 τοῦ

268 4064 437 4148 λεγομένου,
460 4065 599 4128 ἀδύνατον
623 4063 657 4126 δν
680 4062 726 4145 εἴη
750 4060 813 4124 κατ’
845 4060 949 4127 αὐτοὺς
972 4061 991 4141 ἢ
1013 4061 1047 4123 τὸ
1071 4059 1123 4142 τὴν
1146 4061 1246 4142 κρᾶσιν
1275 4057 1323 4120 διὰ
1344 4057 1461 4119 πάντων
1484 4057 1563 4120 εἶ-εε

266 4189 311 4229 ναι
335 4191 354 4248 η
377 4167 409 4228 τὸ
433 4167 573 4229 δύνασθαι
606 4164 787 4249 χωρίζεσθαι
820 4162 855 4224 τὰ
878 4161 1050 4245 κεκραμένα.
1095 4160 1122 4222 εἰ
1145 4160 1196 4242 μὲν
1219 4159 1273 4242 γὰρ
1290 4160 1350 4222 -θλα
1378 4155 1415 4221 δι’
1445 4160 1523 4222 όλων

215 4361 224 4411 l
240 4361 284 4424 τὰ]
294 4360 403 4411 sortasse
416 4360 487 4425 αυτά,
499 4361 551 4411 nisi
565 4364 680 4425 praestat
692 4357 790 4428 ἄλληλα
803 4356 937 4421 cs.·2⁴21‚25
992 4356 1008 4407 3
1021 4353 1178 4423 προσελθεῖν]
1192 4353 1302 4407 fortasse
1315 4352 1420 4422 πρόσω
1434 4352 1542 4407 ίλθιῖν

214 4447 235 4500 τί
248 4447 296 4499 del.
308 4446 389 4499 Ideler
460 4446 507 4498 3.4
521 4447 629 4498 sortasse
644 4445 689 4514 [τί]
703 4445 758 4511 ἔδει,
778 4447 821 4508 (τί)
834 4445 866 4496 ἕν
879 4462 907 4496 τι
920 4443 972 4516 δεχ.
984 4459 1005 4494 σ.
1016 4443 1042 4494 ἐν
1056 4441 1126 4510 αύτῷ
1138 4440 1199 4493 ἄλλο
1213 4457 1234 4493 σ.
1247 4440 1358 4511 (μηδὲν
1378 4442 1484 4508 μείζυν
1498 4443 1579 4509 γίνε-

213 4536 288 4597 ται),
308 4533 385 4602 μηδέν
398 4551 421 4585 τι
435 4534 518 4600 μεῖζον
531 4532 639 4600 γίνεσθαι
710 4533 725 4584 5
745 4531 851 4600 μηδενὸς
864 4548 895 4583 ex
908 4547 972 4583 corr.
985 4536 1020 4580 A:
1041 4529 1149 4580 fortasse
1163 4526 1329 4598 μηδενὸςζδέ>
1401 4528 1416 4578 7
1437 4529 1580 4598 σωμάτων]

213 4620 331 4687 σώματος
340 4624 380 4672 Ra
451 4621 466 4670 9
486 4621 511 4677 ές
523 4620 729 4692 τιΑρολιιέστλν
743 4619 801 4670 libri
886 4616 916 4668 12
935 4617 991 4686 τῆς]
1007 4634 1043 4673 τις
1058 4616 1106 4667 Ra:
1127 4633 1150 4667 τι
1163 4616 1245 4667 Ideler
1332 4615 1363 4667 14
1381 4614 1408 4666 ἓν
1428 4616 1512 4669 Diels:
1532 4622 1580 4685 μὲν

214 4709 273 4760 libri
349 4709 379 4760 16
398 4715 453 4765 πῶς
472 4704 492 4759 δ’
508 4708 554 4758 οθιι
566 4708 648 4758 Diels:
669 4704 750 4763 οὕτως
769 4702 788 4756 δ’
804 4704 831 4756 ὃν
853 4706 911 4757 libri
983 4704 1012 4755 τὸ
1032 4720 1094 4755 corr.
1115 4720 1147 4755 ex
1166 4706 1242 4770 τῷΔ
1319 4702 1350 4754 18
1369 4703 1481 4770 χτόμενα
1495 4705 1580 4757 Diels:

213 4795 333 4862 καιόμενα
347 4795 404 4846 libri
481 4795 510 4845 19
530 4792 729 4861 μεταβάλλοντα]
744 4791 966 4859 μιταβαλόντσλδε
1038 4791 1067 4841 21
1084 4791 1296 4842 alt.2a10m.ssa
1368 4788 1581 4860 23τότε]τόσις

212 4885 276 4934 Pes
344 4883 377 4935 24
395 4881 500 4955 χωρεῖν]
518 4880 676 4955 χαίρεινλλ“υ
745 4881 777 4931 29
798 4877 1003 4946 ίοιίεευοτυύτιμ
1071 4878 1105 4930 30
1122 4876 1296 4948 τῇ]αίιτῇλλ,ο
1360 4876 1395 4929 34
1414 4875 1440 4947 δ]
1460 4877 1527 4931 ἃδε
