3540 5610
749 329 891 387 υιοιιοιι
910 329 1038 387 ινιιοιι
1057 332 1126 385 ν-ε
1575 331 1617 397 83

313 508 353 588 τῷ
379 502 446 568 τότε
471 505 593 588 δυνάμει
618 504 671 588 τήν
697 503 835 588 αίσθησιν
862 503 935 568 εἶναι
960 505 994 588 (η
1017 503 1073 588 γὰρ
1100 503 1237 588 αἴσθησις
1264 505 1336 589 πρδς
1357 505 1390 568 τδ
1413 499 1564 587 αἰσθητόν,

313 605 451 690 αἰσθητὸν
473 605 500 670 δ’
527 605 604 690 αῦτῆ
630 607 665 670 τδ
687 605 916 692 κεχωρισμένον·
949 605 1111 690 οὐδὲνγὰρ
1137 605 1186 690 ὑφ’
1215 607 1322 670 ἑαυτοῦ
1345 608 1464 692 πάσχει,
1487 607 1507 689 ή
1531 605 1564 668 δέ

313 699 446 791 αἴσθησις
471 708 520 773 διά
541 709 668 779 πάθους·
701 706 760 774 ἔστ’
789 708 824 772 ἂν
846 708 897 772 οῦν
919 710 960 792 μὴ
988 714 1069 793 παρῆ
1097 710 1129 771 τὸ
1157 709 1312 792 αἰσθητόν,
1339 711 1459 791 δυνάμει
1480 709 1500 791 ῆ
1523 704 1564 770 αί·
1577 722 1606 765 ευ

314 811 415 895 σθησίς
436 810 529 894 ἐστι),
555 812 654 896 λαβὼν
681 812 714 875 δέ
740 812 773 874 τδ
796 812 888 896 διχῶς
914 811 1052 893 λέγεσθαι
1078 812 1111 874 τδ
1137 812 1330 876 αἰσθάνεσθαι
1356 810 1420 894 (καὶ
1441 809 1495 893 γὰρ
1517 810 1564 873 δυ·

274 932 298 980 ει
314 914 393 996 νάμει
415 914 464 977 καὶ
486 913 638 998 ἐνεργείᾳ),
666 912 769 998 ἐλαβεν
792 915 826 977 τδ
847 919 902 997 τῆς
922 913 1091 998 αἰσθήσεως
1112 913 1165 997 τῆν
1189 914 1241 994 μὲν
1263 912 1336 976 εἶναι
1359 914 1488 994 δυνάμει,
1510 911 1563 995 τῆν

314 1017 342 1079 δέ
363 1015 503 1101 ἐνεργείᾳ,
526 1016 634 1099 ὁμοίιος
657 1017 760 1080 δὲκαὶ
782 1017 814 1080 τδ
835 1016 985 1100 αἰσθητόν.
1030 1016 1128 1101 λαβὼν
1150 1016 1230 1079 δὲτὸ
1254 1014 1319 1100 [τῆν
1342 1012 1493 1100 αἴσθησιν]
1517 1013 1605 1076 &aa

316 1120 425 1187 πάθους
449 1118 581 1201 γίνεσθαι
601 1119 655 1202 τήν
677 1118 814 1203 αἴσθησιν
841 1120 894 1202 τῆν
917 1120 969 1200 μὲν
990 1119 1121 1201 δυνάμει,
1150 1119 1203 1201 τὴν
1229 1117 1263 1181 δέ
1289 1117 1427 1201 ἐνεργείᾳ,
1460 1115 1565 1202 ἐφεξῆς

313 1220 385 1302 λέγει
407 1221 474 1306 περί
501 1225 553 1286 τοῦ
574 1223 741 1306 πάσχοντος
766 1221 823 1283 ὑπὸ
851 1221 925 1290 τίνος
947 1221 1071 1305 πάσχει,
1099 1219 1115 1282 δ
1138 1220 1193 1303 πρὸ
1220 1219 1319 1303 ὀλίγου
1346 1219 1471 1305 ἐκίνησε.
1515 1218 1564 1281 καὶ

313 1323 407 1408 λαβὼν
430 1322 474 1387 δτι
496 1327 553 1386 πᾶν
579 1323 613 1386 τδ
639 1323 756 1408 πάσχον
782 1322 893 1407 πάσχει
920 1323 977 1385 ῦπδ
1004 1325 1056 1385 τοῦ
1083 1325 1228 1406 κινητικοῦ
1256 1322 1305 1385 καὶ
1327 1321 1455 1406 ἐνεργείᾳ
1482 1316 1564 1389 ὄντος

248 1442 298 1488 ιο
312 1425 421 1503 τούτου,
442 1424 507 1488 δτδ
522 1427 638 1511 πάσχον
653 1422 701 1488 ὑπ’
721 1423 811 1489 αὐτοῦ
827 1423 831 1509 Ι
848 1425 965 1488 δύναται
980 1423 1127 1507 γενέσθαι,
1149 1421 1253 1493 ἔδειξεν
1269 1424 1303 1488 ἐκ
1318 1423 1430 1500 τούτου,
1453 1421 1498 1485 ὅτι
1511 1421 1545 1486 τδ
1568 1426 1616 1484 Ιδδ

305 1528 425 1613 πάσχον
447 1524 521 1591 ἐστι
546 1528 607 1612 μέν
630 1530 676 1598 δις
696 1528 760 1591 ὑπδ
776 1528 900 1611 ὁμοίου
916 1528 1062 1612 πάσχει,
1086 1524 1161 1590 ἐστι
1182 1526 1220 1590 δέ
1241 1529 1287 1593 ὡς
1308 1526 1374 1588 ῦπδ
1397 1523 1564 1607 ἀνομοίου

308 1631 426 1716 πάσχει.
463 1631 597 1716 πάσχει
613 1631 674 1712 μέν
689 1629 752 1714 γὰρ
767 1629 950 1714 ἀνόμοιον,
967 1630 1144 1698 πεπονθὸς
1158 1630 1196 1692 δέ
1211 1627 1333 1710 ὅμοιόν
1348 1628 1452 1692 ἐστιν.
1490 1625 1563 1711 χρή·

309 1754 393 1817 σιμον
407 1733 434 1796 δ’
454 1731 537 1818 αὐτῷ
551 1737 636 1796 τοῦτο
658 1734 743 1796 πάλιν
766 1735 838 1817 πρὸς
860 1734 893 1796 τδ
916 1734 964 1796 καί
988 1730 1048 1817 [τὸ]
1071 1733 1124 1815 τὴν
1146 1730 1285 1816 αἴσθησιν
1307 1732 1360 1815 τὴν
1382 1730 1514 1812 δυνάμει,
1537 1728 1564 1792 εί
1589 1742 1604 1785 ⁶

308 1834 356 1898 διὰ
377 1835 490 1906 πάθους
510 1837 626 1918 γίνεται,
648 1837 822 1921 πάσχουσαν
845 1836 897 1919 μέν
920 1835 1058 1918 ἀνομοίαν
1081 1835 1218 1919 εἶναιτῷ
1242 1839 1380 1909 ποιοῦντι,
1404 1832 1421 1896 ὅ
1443 1832 1505 1896 ἐστι
1527 1831 1560 1896 τδ

246 1953 287 2002 15
309 1938 460 2024 αἰσθητόν,
482 1940 634 2003 παθοῦσαν
656 1940 753 2003 δὲκαὶ
775 1939 932 2023 γενομένην
955 1937 1065 2021 δμοίως
1086 1937 1166 2022 αὐτῷ
1183 1936 1266 2001 εἶναι.
1310 1937 1354 2006 οίς
1376 1935 1479 2020 ἐφεξῆς
1501 1932 1566 1996 ἐπέ·

309 2042 395 2126 λοβεν
417 2043 470 2124 τὴν
492 2041 631 2126 αἴσθησιν
653 2043 705 2126 τὴν
729 2042 781 2125 μέν
804 2043 925 2124 δυνάμει
946 2041 1034 2115 εἶναι,
1062 2042 1115 2124 τῆν
1138 2042 1171 2104 δέ
1193 2040 1373 2125 ἐντελεχείᾳ,
1400 2036 1475 2122 (καὶ)
1497 2037 1565 2100 διαί-
1579 2051 1606 2094 ιυ

311 2165 387 2227 ρεοιν
401 2150 526 2208 ποιεῖται
546 2149 598 2209 τοῦ
618 2147 738 2230 δυνάμει
760 2145 809 2208 καὶ
831 2148 881 2207 τοῦ
898 2143 1048 2228 ἐντελεχεί
1065 2189 1074 2217 ,
1097 2142 1274 2228 βουλόμενος
1295 2139 1331 2205 δι’
1352 2141 1442 2205 αὐτοῦ
1464 2138 1564 2218 δεῖξαι,

311 2245 354 2310 δτι
376 2248 418 2331 μὴ
442 2248 548 2332 κυρίοις
573 2249 699 2333 πάσχειν
722 2246 836 2329 λέγεται
862 2248 881 2329 ῆ
904 2245 1042 2330 αἴσθησις
1069 2247 1117 2309 καὶ
1138 2245 1290 2308 κινεῖσθαι.
1335 2243 1369 2306 οῦ
1392 2242 1446 2326 γὰρ
1468 2242 1566 2324 πάσης

311 2350 460 2432 δυνάμεως
486 2352 506 2434 ῆ
534 2350 575 2420 είς
597 2349 741 2434 ἐνέργειαν
769 2348 893 2432 πρόοδος
919 2347 966 2411 διὰ
988 2347 1102 2415 πάθους
1129 2348 1178 2410 καί
1201 2347 1350 2431 κινήσεως.
1395 2347 1488 2430 διχῶς
1509 2343 1605 2428 γάρτι

228 2461 282 2511 20
309 2453 342 2514 εδ
363 2454 484 2534 δυνάμει
505 2452 676 2537 ἐπιστῆμον,
699 2452 810 2535 ὁμοίιος
824 2452 858 2515 δέ
877 2452 925 2515 καί
947 2454 1005 2513 πᾶν
1028 2449 1110 2526 ἄλλο,
1132 2448 1255 2532 λέγεται.
1293 2447 1326 2511 τά
1348 2471 1379 2511 τε
1401 2447 1456 2531 γὰρ
1479 2446 1564 2532 φύσιν

311 2551 379 2639 έχον
401 2553 539 2625 δέξασθαι
565 2555 729 2640 ἐπιστήμην
756 2554 877 2636 δυνάμει
900 2554 1075 2637 ἐπιστῆμον,
1102 2552 1178 2616 ἀλλὰ
1206 2553 1253 2616 καὶ
1280 2551 1313 2614 τδ
1340 2549 1409 2636 ἔχον
1435 2549 1493 2634 ήδη
1516 2550 1565 2613 καὶ

311 2657 479 2742 δεδεγμένον
499 2658 552 2742 τῆν
574 2658 749 2743 ἐπιστήμην,
773 2657 815 2741 μὴ
837 2656 970 2740 ἐνεργοῦν
992 2655 1025 2720 δέ
1046 2654 1109 2719 κατ’
1129 2654 1201 2718 αὐτὸ
1225 2654 1347 2738 δυνάμει
1369 2652 1483 2737 λέγεται
1505 2651 1564 2714 ἐπι-

312 2764 435 2842 στῆμον,
461 2758 506 2824 δτι
529 2761 570 2844 μὴ
594 2760 705 2843 δμοίως
730 2759 858 2842 λέγεται,
885 2756 1000 2827 ἔδειξεν.
1045 2758 1136 2820 εἰπὼν
1163 2757 1196 2819 δέ
1222 2757 1272 2821 καί
1299 2757 1348 2819 τδν
1376 2753 1483 2841 ἔχοντα
1511 2754 1564 2838 μέν
1577 2767 1606 2811 ⁸⁰

313 2860 368 2945 ήδη
383 2863 436 2946 τῆν
451 2861 625 2947 ἐπιστήμην,
649 2863 690 2945 μή
706 2860 876 2945 ἐνεργοῦντα
891 2860 933 2936 δέ,
956 2861 1078 2942 δυνάμει
1093 2857 1136 2922 ἔτι
1151 2860 1200 2923 καὶ
1222 2857 1309 2922 αῦτδν
1325 2858 1506 2943 ἐπιστήμονα
1520 2856 1564 2920 λέ·

217 2966 288 3023 25
309 2966 418 3046 γεσθαι,
439 2963 631 3050 προσέθηκεν,
647 2964 692 3028 δτι
707 2965 723 3028 δ
738 2964 805 3048 ήδη
821 2963 965 3046 θεωρῶν
986 2984 1016 3025 τε
1032 2964 1081 3026 καί
1096 2961 1219 3045 ἐνεργῶν
1235 2959 1320 3031 οῦτός
1334 2961 1411 3025 ἐστιν
1427 2961 1443 3024 δ
1460 2959 1566 3045 κυρίως

311 3066 463 3150 λεγόμενος
488 3065 673 3150 ἐπιστήμων,
705 3063 799 3129 οὐκέτ’
827 3066 868 3129 διν
895 3065 1024 3146 δυνάμει.
1076 3063 1123 3149 ἐφ’
1151 3065 1194 3134 οίς
1220 3064 1272 3148 τήν
1303 3064 1445 3148 διαφοράν
1473 3062 1608 3146 λέγωνει

309 3173 365 3231 τῶν
380 3170 500 3253 δυνάμει
521 3168 685 3251 λεγομένων
708 3167 881 3231 ἐπίστασθαι
903 3165 1019 3243 ἔδειξεν,
1042 3164 1086 3229 ὅτι
1111 3165 1115 3248 Ι
1139 3166 1155 3229 δ
1179 3166 1231 3248 μὲν
1254 3169 1369 3250 πρῶτος
1391 3163 1548 3250 λεγόμενος
1570 3171 1619 3230 157

311 3271 437 3353 δυνάμει,
466 3271 483 3334 δ
505 3270 634 3334 κατὰτὸ
656 3269 825 3355 πεφυκέναι,
854 3269 907 3333 οὐκ
934 3268 1031 3338 άλλως
1052 3269 1093 3337 εἰς
1115 3269 1148 3332 τδ
1172 3268 1301 3353 ἐνεργείᾳ
1323 3267 1458 3350 γενέσθαι
1481 3290 1565 3351 μετα·

309 3371 421 3454 βσδιλει,
447 3373 475 3436 εἰ
497 3373 539 3456 μὴ
562 3372 610 3436 διδ
631 3376 683 3436 τοῦ
704 3373 811 3435 παθεῖν
837 3393 869 3433 τε
895 3374 943 3434 καὶ
966 3370 1165 3454 ἀλλοιωθῆναι
1192 3371 1241 3434 διὰ
1265 3371 1438 3454 μαθήσεως,
1467 3368 1510 3454 (δ)
1532 3371 1566 3433 δέ

215 3472 293 3538 30
309 3473 365 3559 ἤδη
388 3473 469 3560 έχων
490 3474 532 3544 είς
553 3475 587 3538 τδ
609 3474 733 3559 ἐνεργεῖν
762 3473 796 3537 οῦ
819 3473 867 3537 διδι
889 3473 1002 3542 πάθους
1029 3470 1071 3535 ἐτι
1099 3473 1147 3536 καὶ
1170 3473 1357 3540 ἀλλοιώσεως
1379 3472 1563 3556 μεταβάλλει.
1591 3489 1606 3532 s

309 3576 402 3646 δείξας
423 3575 451 3641 δ’
477 3575 522 3640 δτι
544 3576 586 3660 μὴ
601 3577 709 3646 παντὸς
729 3579 781 3639 τοῦ
801 3576 922 3657 δυνάμει
942 3576 984 3643 εἰς
1005 3576 1039 3638 τδ
1055 3575 1183 3658 ἐνεργείᾳ
1207 3574 1354 3658 μεταβολὴ
1377 3574 1425 3637 διδ
1448 3574 1564 3643 πάθους

307 3701 336 3742 τε
359 3680 408 3743 καὶ
430 3679 634 3753 ἀλλοιώσεως,
661 3676 768 3763 ἐφεξῆς
790 3678 915 3741 καὶτοῦ
938 3676 1130 3740 άλλοιοῦσθαί
1153 3699 1185 3739 τε
1210 3676 1259 3740 καλ
1281 3677 1405 3761 πάσχειν
1428 3676 1564 3761 διαίρεσιν

306 3781 478 3866 ἐποιήσατο,
505 3781 553 3845 καλ
576 3778 680 3865 ἐλαβεν
705 3779 739 3842 τδ
763 3779 815 3860 μέν
843 3802 869 3842 τι
896 3779 1009 3863 φθοράν
1037 3777 1111 3842 εἶναι
1137 3779 1195 3841 ῦπδ
1217 3782 1267 3841 τοῦ
1291 3776 1419 3841 ἐναντίου
1447 3781 1495 3842 καὶ
1518 3777 1562 3844 ἐκ·
1577 3794 1604 3838 ιο

307 3904 405 3948 στασιν
427 3887 479 3947 τοῦ
502 3884 533 3947 ἐν
560 3877 586 3970 ᾧ
611 3881 663 3967 ῆν,
691 3884 733 3950 ὡς
753 3882 863 3966 πάσχει
885 3883 979 3944 πάντα
1004 3880 1041 3944 τὰ
1069 3881 1110 3950 εἰς
1132 3881 1168 3944 τὰ
1190 3880 1305 3945 ἐναντία
1332 3881 1561 3966 μεταβάλλοντα,

199 3980 286 4054 θα
303 3987 336 4050 τδ
359 3985 393 4051 δέ
414 4009 441 4049 τι
463 3986 588 4072 πάσχειν
609 3983 690 4049 εἶπεν
717 3982 792 4047 εἶναι
819 3982 853 4047 οῦ
879 3988 922 4067 τᾳῑ
945 3983 1133 4067 φθείρεσθαι,
1161 3981 1236 4046 ἀλλὰ
1263 3987 1307 4068 τηδ
1335 3984 1485 4056 σώζεσθαι
1512 3985 1561 4049 καί

197 4104 652 4142 Χ.-.-..-.-.-.

216 4196 265 4266 l
283 4214 429 4269 wintoni-
447 4212 506 4282 Sp.:
524 4212 599 4284 τάγε
617 4213 679 4267 libri
766 4211 865 4284 θαῦτη
879 4230 895 4263 ε
987 4210 1138 4282 ἐλίγισθαι
1156 4213 1238 4266 θῆσθε
1262 4211 1360 4282 λέγεται
1378 4213 1438 4266 libri
1533 4212 1614 4286 θπῆν

207 4299 364 4372 ἢίσδησιν
383 4300 434 4355 del.
452 4299 582 4354 Schwartz
674 4301 690 4353 7
710 4300 754 4354 καλ
772 4301 820 4370 τὴν
838 4297 953 4369 αἴσθησιν
971 4303 1007 4354 G:
1027 4300 1070 4354 καλ
1090 4302 1156 4354 Vici.
1177 4300 1222 4369 Sp.
1320 4299 1435 4354 11et12
1453 4301 1544 4374 πάσχει
1555 4301 1612 4369 Sp.:

209 4388 353 4460 ἱπάσχιιν
372 4387 433 4442 libri
504 4385 554 4441 δπδ
573 4392 619 4442 τοῦ
638 4389 717 4441 Arist„
793 4387 824 4440 12
842 4386 871 4440 τδ
890 4386 1009 4455 ἀνόμοιον
1028 4388 1107 4441 Arist.
1184 4389 1214 4442 13
1233 4387 1261 4442 τὸ
1279 4388 1329 4442 del.
1343 4388 1387 4457 Sp.
1460 4386 1563 4456 δυνάμει
1578 4387 1615 4443 G'

219 4464 308 4544 δρα
327 4473 431 4545 δδνσμιν
450 4476 595 4531 ve¹FBsa
680 4475 712 4528 15
731 4474 826 4544 ὁμοίως
839 4474 1016 4542 VFBSaSp.:
1036 4475 1163 4543 δμοίανθ
1183 4477 1240 4545 sp.:
1260 4474 1347 4544 ἐμοιον
1367 4476 1436 4528 vict.
1519 4476 1550 4528 16
1570 4478 1613 4529 καλ

224 4562 307 4616 Qdd.
325 4563 395 4617 vict
408 4561 454 4632 Sp.
468 4561 607 4633 (ἐπιλαβὼν
626 4562 767 4628 Schwartz)
839 4561 874 4614 20
891 4562 1028 4632 ἐπιστῆμον
1043 4562 1100 4629 Sp.:
1120 4561 1275 4629 ἐπιστήμονα
1287 4565 1392 4617 VFGS:
1411 4562 1578 4632 ἐπιστήμονα

228 4641 282 4701 32
299 4647 380 4720 αῦτῆν
398 4647 442 4718 Sp.
541 4647 584 4702 22.
597 4648 632 4702 23
650 4649 787 4720 ἐπιστῆμον
806 4650 846 4717 (in
865 4649 916 4715 lit.)
936 4653 1005 4702 VFB
1025 4649 1083 4718 Spa
1103 4648 1242 4718 ἐπιστήμην
1262 4666 1290 4701 a:
1309 4649 1455 4719 ἐπιστήμων
1469 4651 1537 4704 vict.

237 4733 283 4787 23
299 4733 338 4789 δτι
355 4734 557 4804 <δλ>υοιιλ8μι
575 4734 688 4789 fortasse
705 4734 792 4800 <δ>δτι
876 4733 1040 4796 δτι-ἔδειξεν
1060 4735 1235 4804 m¹i.mg.V
1324 4735 1358 4788 25
1377 4734 1504 4807 δτιδήδη
1518 4738 1611 4806 scripsi

238 4820 515 4890 (ef.1.e.417·28):
542 4821 557 4876 δ
579 4820 628 4893 ήδη
648 4822 716 4875 vict.
741 4840 774 4876 ox
793 4825 887 4876 Arist:
912 4821 952 4875 δτι
970 4821 1033 4892 μηδέ
1053 4824 1164 4876 VBS¹uz
1187 4821 1225 4874 δτι
1250 4821 1290 4875 δδι
1314 4821 1377 4893 μηδέ
1396 4827 1429 4876 F:
1455 4823 1494 4876 δτι
1515 4823 1556 4877 δδι
1575 4826 1611 4878 G:

245 4903 286 4960 δτι
302 4907 335 4961 8²
430 4907 466 4964 2ss
484 4904 567 4963 οὐκέτ’
587 4907 636 4979 δν]
656 4907 686 4962 οίι
705 4911 748 4962 καλ
766 4917 818 4962 τῶν
837 4911 873 4963 Sa
963 4909 996 4961 29
1015 4909 1029 4961 δ
1048 4909 1107 4962 εδδ.
1127 4910 1172 4978 Sp.
1263 4909 1296 4962 35
1315 4912 1447 4983 πάσχονο

1362 4995 1407 5058 ssie
