3540 5610
645 332 785 390 ΒΙΒΛΙΟΝ
806 331 944 389 ΠΡΩἹῸΝ
965 336 988 397 4,
1001 334 1024 386 θ.
1036 335 1059 386 3.
1070 333 1138 386 4-5
1530 323 1568 392 13

261 510 312 573 ἐπὶ
334 511 436 574 τούτου
464 513 512 573 καὶ
536 508 540 596 λ
565 511 597 572 τὸ
625 509 666 592 μὴ
693 508 828 590 γενέσθαι
855 511 998 582 τοιοῦτον,
1028 507 1077 567 καὶ
1105 501 1152 587 ἐφ’
1181 502 1215 567 οὗ
1242 504 1275 565 τό
1303 503 1343 585 μὴ
1370 500 1515 583 γενέσθαι,
1535 506 1567 561 2⁹

261 612 312 675 ἐπὶ
336 615 438 677 τούτου
461 616 509 677 καλ
531 615 564 677 τό
579 612 715 694 γενέσθαι
730 609 929 695 ἐνδεχόμενον.
963 607 1072 692 ὁμοίως
1095 609 1127 670 ὑὲ
1142 611 1193 670 τοῦ
1217 605 1306 668 αὑτοῦ
1323 602 1515 688 ἐνδεχομένου

262 715 400 796 γενέσθαι
424 741 455 780 τε
478 718 526 780 καὶ
550 718 590 800 μὴ
605 715 752 797 γενέσθαι,
775 720 838 782 πῶς
861 712 914 776 οὐκ
929 712 1036 775 ἄτοπον
1059 711 1107 774 ἐπὶ
1122 710 1231 773 τοὺτων
1254 710 1287 770 τὸ
1303 708 1400 791 ἕτερον
1417 704 1516 790 μόριον
1543 721 1557 762 τ

262 823 317 900 τῆς
339 820 552 904 προλεγομένης
575 820 756 902 ἀντιφάσεως
783 815 994 902 ἀφωρισμένως
1016 814 1126 899 ἀληθὲς
1153 812 1225 876 εἶναι
1248 808 1302 896 [τε]
1326 811 1432 892 λέγειν,
1465 810 1516 871 θοὶ-

226 941 241 988 5
262 943 345 1004 τερον
368 923 401 984 δὲ
423 924 539 1006 ψεῦδος,
562 921 670 1002 ὁμοίως
692 925 742 983 τοῦ
763 918 953 1003 προκειμένου
976 917 1065 1000 ἄμφω
1082 915 1262 996 δυναμένους
1285 914 1442 978 ἀκολουθεῖ
1462 911 1516 996 γὰρ

260 1030 322 1093 τοῖς
348 1025 384 1088 τὰ
406 1025 541 1107 γινόμενα
569 1028 669 1087 τοῦτον
696 1025 745 1086 τὺν
772 1019 878 1106 τρόπον
906 1021 1036 1101 γίνεσθαι
1057 1019 1186 1099 λέγουσιν
1217 1019 1249 1080 τὸ
1281 1018 1388 1097 ὁμοίως
1416 1016 1514 1097 ἀληθῆ

261 1129 315 1210 τήν
338 1151 369 1190 τε
393 1128 554 1211 κατάφασιν
577 1128 625 1190 καὶ
648 1127 699 1210 τὴν
722 1124 868 1210 ἀπόφασιν
891 1125 1018 1188 ἐπὶτῶν
1042 1123 1119 1184 οὑτω
1141 1120 1298 1203 γινομένων
1320 1120 1450 1201 γίνεσθαι
1472 1119 1514 1181 λέ·
1532 1135 1557 1175 ιο

263 1253 323 1311 γειν
346 1231 366 1314 ᾖ
390 1231 499 1314 ὁμοίως
522 1230 618 1293 αὐτῶν
641 1228 778 1313 ἑκατέραν
801 1231 904 1312 ψευδῆ.

262 1471 299 1533 V.
344 1471 408 1536 Διά
431 1472 501 1555 τίη
525 1470 671 1556 αὔξησις
697 1472 784 1535 κατὰ
813 1468 849 1533 τύ
872 1469 965 1537 εἶδος
993 1468 1113 1551 μόνον,
1144 1465 1212 1529 ἀλλ’
1241 1465 1320 1550 οὐχὶ
1350 1465 1515 1527 καὶκατὰ

211 1597 241 1642 10
828 1575 887 1657 τὴν
911 1574 1003 1657 ὕλην.

349 1729 386 1795 Εἰ
409 1730 523 1800 αὔξεται
545 1731 578 1794 τὸ
599 1732 785 1811 ὑποκείμενον
808 1735 849 1814 τῷ
867 1727 1005 1798 αὔξεσθαι
1027 1727 1173 1810 λεγομένῳ
1196 1725 1349 1808 (ὑπομένει
1371 1726 1403 1788 δὲ
1427 1725 1474 1787 καὶ
1497 1725 1558 1806 νἠιτ

261 1835 328 1918 ὕλη,
350 1833 385 1896 οὐ
402 1834 489 1914 μόνον
512 1834 649 1903 τὸεῖδος·
673 1833 707 1896 οὐ
729 1835 782 1915 γὰρ
806 1835 841 1915 δὴ
859 1837 938 1894 πᾶσα
961 1830 1160 1912 ἀλλάσσεται),
1184 1829 1230 1892 διὰ
1254 1831 1281 1891 τί
1294 1830 1367 1890 κατὰ
1388 1829 1420 1890 τὸ
1436 1827 1513 1895 εἶδος

261 1937 360 2020 μόνον,
384 1935 443 1999 αλλ’
464 1937 532 2022 οὐχὶ
556 1939 603 2000 καὶ
626 1936 699 1999 κατὰ
724 1938 776 2018 τἠν
800 1936 870 2018 ὑλην
894 1937 913 2016 η
936 1933 1067 2018 αὑξησι;;
1091 1933 1125 1994 οὐ
1147 1933 1201 2015 ηολρ
1225 1936 1303 1994 πᾶσα
1326 1933 1345 2013 η
1367 1931 1420 2014 ὑλη
1444 1932 1462 2011 η
1486 1930 1516 1990 ἐν

259 2046 322 2109 τοῖς
343 2039 512 2120 αὐξομένοις
534 2041 725 2114 ἀλλάσσεται,
755 2037 829 2101 ἀλλὰ
853 2037 987 2121 μένοντος
1009 2060 1083 2104 τινος
1110 2035 1140 2104 ἐξ
1162 2035 1253 2118 αὐτῆς
1275 2034 1350 2117 ἄλλη
1373 2033 1516 2117 προσηίνε·
1531 2048 1559 2090 ιο

207 2165 238 2212 ι5
260 2168 322 2206 ται·
351 2143 496 2226 οὐδὲγὰρ
520 2142 553 2205 ἂν
577 2143 705 2214 ἐσώζετο
727 2143 780 2225 τὴν
803 2143 909 2225 ἀρχήν,
933 2139 995 2202 οὐδ’
1024 2139 1058 2202 ἂν
1081 2140 1115 2201 τό
1137 2138 1214 2207 εἶδος
1236 2135 1336 2220 ἔμενεν
1359 2142 1409 2220 τῆς
1432 2146 1518 2219 προϋ-

260 2246 433 2331 παρχούσης
456 2247 536 2329 ὑλης.
584 2245 618 2308 οὐ
640 2247 693 2329 γὰρ
723 2245 820 2329 ἐντῷ
843 2243 952 2327 τοσῇδέ
979 2267 1032 2305 τινι
1058 2241 1128 2305 εἶναι
1157 2247 1192 2324 τη
1217 2242 1273 2324 ὑλη
1300 2242 1331 2302 τὺ
1355 2239 1426 2303 εἶναι
1449 2241 1515 2323 ὑλη,

262 2353 362 2433 ὥσπερ
385 2351 454 2412 οὐὺὲ
477 2350 624 2432 τησαρκί.
661 2350 679 2431 ἦ
706 2350 757 2412 δὺο
774 2347 863 2411 ὄντων
887 2349 951 2431 περὶ
974 2347 1006 2408 τὸ
1022 2345 1178 2428 αὐξόμενον
1202 2349 1285 2407 ποιοῦ
1308 2367 1339 2407 τε
1355 2345 1402 2406 καὶ
1424 2347 1516 2406 ποσοὺ
1530 2360 1557 2401 ετ

259 2452 344 2535 (τόδε
365 2453 419 2537 ηόρ
434 2453 467 2515 τό
482 2451 650 2534 αὐξόμενον,
674 2452 706 2514 τὸ
722 2453 754 2514 δὲ
765 2451 836 2514 ’τὺὂε
857 2450 1073 2534 συναμφότερος
1089 2449 1196 2531 οὐσία),
1221 2449 1268 2511 καὶ
1284 2452 1333 2510 τοὺ
1357 2449 1409 2531 μὲν
1425 2452 1516 2510 ποσοῦ

262 2560 303 2624 ὡς
327 2557 397 2638 ὑλης
412 2556 615 2637 ὑποκειμένου,
637 2559 687 2618 τοῦ
711 2556 743 2617 ὑὲ
765 2555 861 2622 εἷόους
884 2554 936 2638 την
959 2558 1010 2616 τοὺ
1031 2557 1114 2615 ποιοῦ
1139 2555 1239 2636 χώραν
1262 2549 1391 2636 ἔχοντος,
1415 2552 1447 2613 τό
1465 2552 1516 2633 μὲν

199 2680 237 2726 20
259 2660 360 2742 τοζσὺν
387 2659 421 2722 οὐ
450 2659 528 2741 μένει
558 2656 677 2732 ταύτόν,
706 2660 738 2721 τὸ
767 2659 798 2721 δὲ
825 2659 907 2721 ποιὸν
935 2660 967 2719 τὸ
996 2660 1036 2724 ὡς
1058 2656 1135 2724 εἶδος
1162 2660 1212 2717 τοὺ
1242 2654 1400 2735 αὐξομένου
1424 2655 1512 2736 μένει.
1533 2660 1567 2718 30

257 2763 323 2825 ἐπεὶ
346 2764 439 2824 τοίνυν
462 2764 495 2824 τὸ
518 2760 615 2833 ποιόν,
643 2760 659 2824 ὃ
682 2763 729 2823 καὶ
752 2759 829 2828 εἷὺὑς
851 2761 922 2834 ἐστι,
946 2760 1038 2842 μένει,
1067 2761 1099 2821 τὺ
1122 2760 1154 2821 δὲ
1179 2760 1269 2820 ποσὸν
1292 2757 1326 2820 οὐ
1350 2758 1444 2839 μένει,
1467 2760 1514 2819 καὶ

260 2864 351 2928 αἴτιον
373 2869 425 2927 τοὺ
447 2866 487 2947 μὴ
517 2864 612 2946 μένειν
635 2862 705 2926 αὐτὸ
734 2863 835 2927 ταύτὸν
858 2865 877 2947 η
900 2869 952 2948 τῆς
976 2863 1045 2947 ὑλης
1069 2862 1161 2947 ρὺσις,
1190 2861 1237 2923 ὑιὰ
1260 2866 1343 2923 τοῦτο
1366 2860 1440 2924 κατὰ
1463 2862 1515 2943 μὲν
1543 2879 1556 2919 τ

260 2971 314 3050 τὴν
337 2968 408 3051 ὑλην
431 2967 483 3030 οὑκ
506 2966 621 3037 αὔξεται
643 2968 679 3029 τὰ
701 2966 860 3048 αὐξόμενα,
887 2966 960 3029 κατὰ
987 2966 1019 3028 δέ
1041 2967 1073 3028 τὸ
1097 2964 1182 3032 ελόος.
1226 2968 1312 3026 τοῦτο
1335 2963 1387 3046 γὰρ
1411 2964 1512 3027 ταύτὸν

262 3070 359 3153 μένον.
402 3076 454 3134 τοῦ
475 3071 529 3153 ηὑρ
552 3067 619 3133 καθ’
648 3070 718 3133 αὑτὸ
742 3072 908 3154 ὑφεστῶτος
931 3071 949 3152 η
973 3067 1090 3152 αὑξησις
1113 3068 1187 3130 κατὰ
1214 3069 1246 3130 τὺ
1271 3067 1356 3148 μένον
1379 3068 1409 3130 ἐν
1432 3069 1513 3153 αὐτῷ

201 3196 240 3244 25
259 3177 380 3257 γίνεται,
402 3173 471 3237 καθ’
498 3175 569 3237 αὑτὺ
592 3175 625 3237 δὲ
648 3176 813 3257 ὑφεστῶτος
835 3174 867 3235 τὸ
890 3172 1117 3255 συναμφότερον,
1139 3173 1155 3234 θ
1179 3172 1250 3233 κατὰ
1274 3172 1306 3233 τὸ
1329 3171 1405 3239 εἶδος
1428 3172 1515 3253 μένει.

260 3281 280 3360 ἡ
304 3278 358 3360 ηόιρ
382 3278 436 3361 ὑλη
461 3278 492 3339 τό
516 3277 595 3361 ῥέον,
617 3276 697 3352 ἐπεί,
722 3277 750 3338 εἰ
772 3278 819 3339 καὶ
844 3276 981 3357 ὑπομένει
1004 3298 1045 3343 τις
1068 3275 1122 3358 ὕλη
1146 3275 1176 3336 ἐν
1199 3278 1242 3357 τῷ
1264 3273 1426 3358 αὐξομένῳ,
1450 3274 1510 3338 ἀλλ’
1530 3292 1556 3332 ιο

261 3380 317 3443 οὐκ
339 3379 401 3443 ἔστι
422 3381 529 3464 ταύτης
544 3385 741 3463 κατηγορῆσαι
762 3380 795 3441 τὸ
811 3377 965 3462 ηὐξῆσθαι,
988 3384 1030 3461 τῷ
1055 3377 1118 3440 κατ’
1139 3377 1228 3460 αὐτην
1251 3378 1399 3452 ἑκάστοτε,
1423 3380 1448 3440 εἰ
1468 3381 1516 3441 καὶ

264 3483 436 3566 ὑπέμεινεν,
462 3484 537 3545 ἀλλὰ
565 3483 637 3564 μετὰ
663 3487 752 3545 ταῦτα
780 3483 839 3566 ῥεῖν
866 3505 897 3544 τε
924 3483 971 3544 καὶ
1001 3482 1210 3544 ἀλλάσσεσθαι.
1255 3480 1288 3543 οὐ
1310 3481 1363 3563 γὰρ
1387 3479 1462 3544 ἔστιν
1485 3482 1515 3543 ἐν

260 3593 306 3672 τῷ
330 3586 487 3670 ηὐξημένιρ
509 3587 611 3671 λαβεῖν
636 3609 699 3649 τινα
715 3587 796 3668 ὕλην,
818 3588 881 3669 ἥτις
904 3586 952 3648 διὰ
972 3586 1076 3653 παντὸς
1099 3609 1117 3667 η
1141 3585 1215 3667 αὑτὴ
1233 3583 1358 3667 μένουσα
1381 3585 1410 3646 ἐν
1434 3585 1515 3670 αὐτῷ
1531 3603 1556 3644 ιτ

203 3711 241 3759 30
259 3688 326 3753 κατ’
355 3689 479 3774 α’ριθμὺν
501 3690 674 3773 προσθήκην
702 3686 790 3774 ἔσχεν
813 3689 875 3752 τινὰ
897 3689 971 3752 κατὰ
992 3688 1092 3751 ποσόν.
1139 3689 1174 3771 ἣν
1196 3688 1252 3770 γὰρ
1275 3686 1309 3749 ἂν
1332 3688 1439 3772 λάβης,
1468 3692 1515 3752 καὶ

259 3795 337 3875 αῦτη
365 3795 411 3877 ρεῖ
434 3796 483 3856 καὶ
512 3794 736 3878 μεταβάλλεται,
765 3795 813 3856 καὶ
840 3792 923 3855 οὐδὲν
948 3791 1039 3875 αὐτῆς
1067 3791 1153 3854 ταύτό
1182 3788 1244 3853 κατ’
1272 3793 1396 3875 ἀριθμὸν
1422 3791 1513 3874 μένει·

261 3898 296 3960 τὸ
319 3896 352 3960 ὑὲ
374 3896 450 3965 εἶδος
473 3896 560 3959 ταὺτὸ
584 3896 674 3980 μένει,
698 3893 758 3959 ἔστ’
787 3895 821 3959 ἂν
844 3899 972 3978 σώζηται
995 3895 1028 3957 τὸ
1051 3899 1179 3978 πρᾶγμα.
1528 3914 1556 3954 ευ

205 4157 273 4209 3τὸ
292 4156 376 4225 ἕτερον
396 4156 507 4211 GFS¹L2
529 4154 558 4208 τό
577 4150 618 4224 ἐφ’
639 4153 667 4206 θν
686 4155 782 4208 VRB¹:
807 4153 837 4206 τὸ
856 4159 901 4222 μὲν
921 4154 946 4206 ἓν
966 4152 1048 4208 B²S²a
1067 4153 1111 4221 Sp.
1218 4154 1234 4205 4
1254 4171 1280 4206 τε
1299 4169 1348 4207 om.
1367 4156 1425 4207 Fsa
1443 4155 1499 4222 Sp.:
1519 4157 1568 4210 del.

204 4248 242 4298 B:
262 4243 335 4296 τὸθ
422 4241 556 4313 ὑλέηουσι
573 4240 682 4312 γίνεσθαι
700 4261 716 4294 α
734 4242 778 4310 Sp.
870 4241 1014 4311 Ἱρπτην]
1033 4242 1064 4310 τη
1084 4242 1112 4292 in
1131 4240 1169 4292 lit.
1188 4246 1210 4291 V
1309 4241 1353 4293 alt.
1366 4242 1413 4312 τὴν
1432 4259 1482 4294 om.
1501 4263 1517 4296 α

208 4333 242 4385 13
269 4331 509 4404 γόρ]ρία1ἰέθ
647 4331 677 4383 16
706 4330 838 4400 τυσῆὺτν
948 4331 978 4381 17
999 4329 1072 4401 σαρκί
1092 4331 1268 4399 θθΒτσαρκλ
1287 4330 1313 4381 ἐν
1333 4331 1370 4396 (ἐν
1389 4346 1439 4382 om.
1458 4333 1512 4398 FL)
1531 4333 1569 4402 τῷ

206 4419 300 4491 τοσῇδε
318 4418 426 4473 εἶναιτὸ
444 4422 518 4483 σαρκὶ
542 4418 603 4471 εἶναι
622 4421 675 4473 GS¹
705 4421 744 4481 (in
763 4421 824 4486 mg.)
844 4423 882 4469 La
901 4418 944 4486 sp.
1055 4418 1085 4469 18
1104 4418 1161 4470 τοδε
1180 4423 1202 4468 V
1311 4419 1457 4472 τόδετόδε
1477 4439 1492 4472 κ
1511 4420 1568 4488 Sp.:

206 4508 237 4561 τὸ
256 4507 313 4560 τοδε
327 4512 358 4560 V:
377 4507 407 4560 τό
424 4506 482 4560 τόθι
500 4507 617 4561 B‘GFL:
635 4505 665 4558 τό
683 4505 712 4557 τό
725 4506 750 4557 ὑὲ
764 4505 855 4560 sm&
873 4505 899 4557 δὲ
918 4504 943 4556 δέ
957 4506 988 4559 8⁴²
1077 4506 1262 4575 συναμφότερος
1281 4508 1353 4559 VS²a
1366 4508 1423 4575 Sp.:
1443 4509 1569 4577 συναμφό-

207 4615 281 4666 τερον
298 4597 399 4650 S¹GFL
492 4593 526 4647 23
545 4596 591 4667 γὰρ
604 4593 634 4646 τό
650 4593 742 4647 ταύτόν
755 4612 771 4644 α
784 4593 827 4662 Sp.
919 4594 950 4645 24
965 4596 1030 4645 κατὰ
1048 4594 1076 4645 τὸ
1087 4597 1132 4645 VB
1147 4595 1215 4646 coni.
1229 4595 1286 4661 Sp.:
1306 4584 1371 4647 κατὰ
1385 4595 1462 4648 ταὺτὸ
1474 4600 1568 4649 GSLa:

208 4683 322 4736 τιαταυτό
341 4687 361 4735 F
469 4682 502 4737 25
522 4683 666 4752 ὑφεστῶτος
684 4683 804 4735 VB¹S¹a:
825 4681 929 4750 ὑφεστός
949 4682 1015 4735 Vict.
1035 4682 1093 4750 Sp.:
1112 4682 1226 4752 ὑφεστὼς
1245 4682 1380 4735 GFLB'·'S'J
1495 4685 1527 4735 ‘26
1547 4686 1567 4737 εἰ

208 4774 253 4824 καὶ
275 4773 340 4823 vict.
360 4772 418 4839 Sp.:
438 4771 481 4822 καλ
501 4773 631 4824 VGFSLa
736 4769 767 4821 27
787 4769 829 4834 τὸ]
848 4776 886 4820 τῶ
905 4771 940 4821 Βι
1027 4771 1065 4838 τῷ
1084 4765 1144 4820 κατ’
1165 4769 1244 4839 αὐτὴν
1264 4767 1430 4840 (καθἀὑτὴν
1450 4775 1481 4835 G,
1500 4774 1566 4824 κατα

207 4862 255 4931 τἠν
269 4860 316 4922 Sa)
334 4860 454 4913 ἑκάστοτε
471 4859 493 4911 εἰ
512 4860 555 4912 καὶ
567 4861 733 4912 VGFBSLa:
752 4861 790 4926 τῷ
809 4859 929 4911 ’τκέστοτε
948 4860 990 4909 καλ
1010 4856 1104 4925 ταὺτην
1117 4857 1137 4908 εἰ
1156 4859 1199 4909 καὶ
1216 4859 1280 4908 Vict.
1293 4858 1337 4924 Sp.
1426 4861 1459 4912 29
1478 4860 1565 4932 ταύτῷ

209 4951 279 5002 cuni.
298 4951 342 5017 Sp.
451 4952 486 5001 ὅθ
503 4948 534 5021 ἢν
555 4952 614 5002 VB:
635 4965 688 5000 τινα
707 4947 739 5018 θην
759 4947 914 5015 (ὶθὸιιὸρ.ι
937 4964 991 4998 τινα
1010 4946 1081 5017 m
1180 4949 1209 4998 31
1233 4945 1297 5017 αὑτὴ
1320 4950 1338 4999 F
