3540 5610
581 311 723 369 ΒΙΒΛΙΟΝ
740 310 921 369 ΔΕΠῈΡΟΝ
944 315 1044 368 15-17

181 642 269 710 XVI.
312 644 389 716 Πῶς
411 645 477 732 οὐχ
499 646 629 729 ὁμοίως
650 649 725 715 ταῖς
744 651 996 729 στοχαστικαῖς
1018 644 1159 730 τέχναις
1181 647 1237 707 καὶ
1261 646 1294 707 αἱ
1324 643 1427 706 ἄλλαι
1450 649 1491 706 113

181 750 306 835 τέχναι
338 749 439 819 τέλος
464 749 601 819 ἕξουσιν
632 749 668 811 τδ
696 750 806 812 πάντα
831 748 871 811 τὰ
898 745 974 832 παρ’
1008 748 1116 817 αὐτοῖς
1144 753 1257 811 ποιεῖν
1287 749 1373 831 πρὸς
1401 747 1438 809 τδ

541 855 601 915 τού
624 851 861 936 προκειμένου
884 854 1079 936 τυγχάνειν.

269 1021 306 1088 Εἰ
328 1029 386 1087 τῶν
409 1028 609 1109 στοχαστικῶν
633 1028 745 1108 τεχνῶν
767 1023 849 1092 τέλος
875 1023 950 1087 εἶναί
970 1047 1011 1091 τις
1034 1022 1112 1105 λέγοι
1136 1024 1168 1086 τδ
1192 1024 1343 1087 πάντατὰ
1366 1018 1433 1107 παρ’
1465 1037 1480 1080 υ

145 1125 273 1196 εαύτὰς
295 1131 386 1191 ποιεῖν
409 1127 480 1211 πρὸς
502 1128 535 1189 τδ
558 1130 609 1189 τού
632 1126 821 1211 προκειμένου
838 1127 999 1212 τυγχάνειν,
1022 1133 1085 1195 πῶς
1108 1127 1164 1210 ούχ
1189 1127 1298 1208 ὁμοίως
1319 1127 1367 1189 καί
1390 1125 1438 1189 αύ·

181 1254 230 1294 ται
251 1234 302 1293 τοῦ
318 1231 426 1294 οἰκείου
440 1229 584 1299 τεύξονται
607 1229 707 1298 τέλους
728 1235 790 1298 ταῖς
812 1228 846 1292 ού
869 1233 1074 1315 στοχαστικαῖς
1095 1234 1153 1292 τῶν
1169 1236 1294 1313 τεχνῶν;
1317 1231 1436 1292 δοκοῦσι

181 1335 216 1396 δὲ
237 1333 312 1398 κατὰ
333 1338 418 1398 τούτο
441 1336 566 1415 μαλιστα
588 1332 733 1417 διαφέρειν
760 1337 818 1394 τῶν
840 1331 937 1395 ἄλλων
961 1333 991 1395 αί
1015 1334 1202 1415 στοχαστικαὶ
1227 1329 1302 1415 [καὶ]
1326 1335 1369 1415 τῷ
1394 1332 1434 1414 μὴ
1452 1348 1478 1389 ιο

183 1437 294 1520 ὁμοίως
315 1441 366 1500 τοῦ
389 1437 488 1506 τέλους
510 1438 671 1521 τυγχάνειν.
715 1434 784 1499 καθ’
810 1434 860 1504 οὓς
882 1435 934 1517 μὲν
956 1434 1038 1503 τέλος
1060 1434 1136 1498 ἐστὶν
1160 1433 1259 1503 αὐταῖς
1282 1435 1313 1497 τὸ
1336 1441 1435 1519 τυχεῖν

181 1543 233 1602 τού
255 1539 460 1624 προκειμένου,
488 1538 648 1623 διαφέροιεν
672 1537 706 1601 ἂν
728 1538 834 1623 ταύτῃ·
866 1536 934 1601 καθ’
962 1537 1011 1606 οὓς
1034 1537 1066 1601 δὲ
1093 1538 1125 1600 τὸ
1148 1537 1336 1621 προκείμενόν
1360 1538 1435 1601 ἐστιν

127 1663 162 1708 10
181 1640 283 1711 αύταῖς
304 1641 397 1716 τέλος,
419 1643 445 1705 εἰ
460 1641 509 1704 καὶ
528 1641 564 1704 τὰ
586 1645 637 1704 τοῦ
657 1640 759 1710 τέλους
781 1644 822 1724 μὴ
837 1641 947 1724 ὁμοίως
969 1641 1117 1725 τυγχάνει,
1140 1640 1174 1703 ού
1190 1639 1351 1725 διαφέροιεν
1374 1639 1435 1724 (ἂν)
1449 1657 1475 1698 ιε
1534 1693 1539 1704 ,

181 1745 278 1809 αύτῶν
302 1745 430 1809 κατὰτὸ
454 1746 495 1828 μὴ
513 1742 613 1827 ὅμοιον
637 1743 737 1813 αύταῖς
759 1743 889 1812 τὸτέλος
912 1742 1000 1829 ἔχειν.
1036 1743 1142 1806 ἐκεῖναι
1166 1744 1218 1827 μὲν
1240 1743 1294 1828 γὰρ
1310 1747 1352 1824 τῷ
1377 1749 1435 1812 τοῖς

181 1847 256 1912 κατὰ
282 1850 335 1932 τὴν
357 1848 463 1933 τέχνην
488 1847 648 1931 γινομένοις
675 1847 798 1911 έπεσδαι
825 1849 858 1909 τὸ
886 1846 920 1909 ού
947 1850 1031 1932 χάριν
1055 1849 1191 1928 γίνονται,
1220 1849 1268 1910 καὶ
1291 1848 1342 1930 τὴν
1367 1848 1435 1910 οῖπο·

179 1953 282 2037 τυχίαν
310 1952 410 2021 αὐταῖς
437 1955 488 2015 τού
515 1950 705 2036 προκειμένου
736 1951 809 2013 κατὰ
836 1951 889 2033 τὴν
917 1952 1085 2034 διαμαρτίαν
1114 1957 1170 2013 τῶν
1197 1951 1368 2034 γινομένων,
1399 1951 1433 2014 ού
1448 1967 1476 2008 εο

180 2059 321 2140 τεχνικῶς
347 2053 521 2138 γινομένων,
555 2054 693 2128 έπεσδαι,
723 2053 805 2122 τέλος
832 2051 933 2139 έχουσι
961 2055 994 2116 τὸ
1021 2059 1122 2139 τυχεῖν
1149 2058 1200 2116 τού
1227 2056 1432 2138 προκειμένου·

126 2178 158 2225 15
178 2155 241 2221 ἴσον
267 2158 322 2243 γὰρ
349 2158 378 2221 ἐν
406 2158 528 2226 ἐκείναις
553 2162 595 2242 τῷ
622 2159 716 2220 πάντα
744 2158 780 2220 τὰ
813 2156 880 2242 παρ’
912 2156 1001 2226 αύτδις
1028 2162 1147 2240 ποιῆσαι
1176 2158 1247 2239 πρὸς
1273 2159 1306 2220 τδ
1333 2163 1432 2242 τυχεῖν

177 2266 229 2325 τού
257 2261 447 2347 προκειμένου
479 2260 512 2324 τὸ
546 2261 593 2324 καὶ
623 2265 724 2345 τυχεῖν
757 2260 861 2323 αὐτοῦ·
898 2264 986 2323 ταῦτα
1016 2260 1071 2345 γὰρ
1103 2260 1260 2323 ποιούντων
1293 2261 1329 2323 τὰ
1360 2262 1427 2345 παρ’

178 2364 269 2434 αύτᾶς
295 2365 426 2447 γίγνεται.
472 2363 520 2426 ἐπὶ
546 2364 579 2426 δὲ
608 2369 665 2425 τῶν
694 2367 892 2447 στοχαστικῶν
915 2369 957 2447 τῷ
988 2363 1031 2446 μὴ
1053 2365 1167 2430 πάντως
1190 2367 1250 2432 τοῖς
1277 2363 1434 2447 γινομένοις
1447 2380 1474 2421 ετ

178 2467 253 2530 κατὰ
274 2468 328 2551 τὴν
350 2466 455 2552 τέχνην
478 2466 602 2530 ἕπεσθαι
623 2466 656 2528 τδ
682 2464 686 2552 i
710 2465 744 2529 ού
767 2468 867 2550 χάριν,
896 2465 944 2528 διὰ
971 2467 1004 2529 τδ
1027 2467 1142 2529 δεῖσθαι
1169 2469 1240 2550 πρὸς
1266 2468 1298 2530 τὸ
1322 2472 1418 2552 τυχεῖν
1443 2474 1485 2530 114

178 2570 291 2634 ἐκείνου
313 2572 439 2646 πολλῶν,
461 2569 481 2632 ἃ
504 2570 545 2652 μὴ
566 2566 642 2633 ἔστιν
665 2569 712 2632 ἐπὶ
737 2567 812 2652 μύνγγ
834 2573 872 2652 τῇ
888 2568 991 2653 τέχνῃ,
1016 2567 1057 2631 ἔτι
1080 2570 1112 2631 δὲ
1135 2571 1182 2633 καὶ
1205 2569 1279 2633 αὐτὰ
1301 2568 1337 2631 τὰ
1359 2569 1432 2632 κατὰ

119 2695 156 2741 20
176 2674 230 2756 τὴν
251 2672 359 2759 τέχνην
381 2674 516 2756 γινόμενα
539 2674 579 2756 μὴ
604 2672 741 2756 ὡρίσθαι,
770 2673 846 2756 μηδὲ
868 2677 925 2734 τῶν
948 2671 1044 2735 αὐτῶν
1067 2671 1140 2735 εἶναι
1163 2674 1297 2756 ποιητικὰ
1320 2678 1362 2758 τῷ
1387 2675 1427 2756 μὴ

178 2779 275 2860 πάντρ
298 2777 407 2860 ὁμοίως
428 2774 544 2861 ἔχουσιν
568 2775 795 2860 προσφέρεσθαι,
818 2770 893 2838 ἀλλὰ
915 2777 1007 2838 πάντα
1030 2774 1050 2858 ἧ
1076 2775 1108 2858 γέ
1130 2798 1191 2838 τινα
1213 2777 1261 2839 καὶ
1283 2775 1380 2844 ἄλλως
1401 2777 1430 2839 ἐν
1458 2793 1472 2836 ο

177 2879 280 2948 αὐταῖς
301 2879 359 2964 ούχ
382 2881 423 2948 ῶς
444 2880 641 2964 προσεδοκᾶτο
665 2876 798 2958 ἔσεσθαι,
821 2878 854 2942 ού
877 2879 910 2941 τδ
933 2882 1034 2963 τυχεῖν
1058 2883 1108 2941 τού
1132 2880 1323 2964 προκειμένου
1346 2881 1428 2949 τέλος

176 2983 265 3059 ἐστίν,
288 2982 364 3046 ἀλλὰ
385 2984 419 3045 τὸ
441 2983 655 3066 ἀποπληρῶσαι
677 2983 713 3045 τὰ
735 2987 788 3066 τῆς
809 2982 924 3067 τέχνης.
966 2983 985 3065 ἢ
1009 2982 1090 3051 τέλος
1114 2984 1165 3065 μὲν
1189 2984 1236 3045 καὶ
1259 2984 1374 3054 ταύταις
1395 2986 1429 3047 τὸ

174 3089 277 3170 τυχεῖν
299 3084 402 3149 τούτου
424 3083 459 3149 ού
481 3087 566 3170 χάριν
589 3087 681 3149 πάντα
704 3085 739 3148 τὰ
762 3084 830 3169 παρ’
859 3084 948 3154 αὐτὰς
976 3089 1099 3160 ποιοῦσι,
1127 3085 1174 3148 διὰ
1201 3091 1253 3149 τού
1280 3088 1373 3151 πάντα
1394 3089 1430 3150 τὰ
1444 3104 1471 3145 ιο

115 3209 153 3258 25
174 3186 246 3274 παρ’
274 3188 363 3258 αύτὰς
385 3194 518 3273 ποιῆσαι,
546 3186 629 3273 ἔργον
652 3190 685 3251 δὲ
707 3187 778 3252 ῶιον
801 3188 897 3252 αὐτῶν
923 3190 957 3251 τὸ
978 3191 1072 3251 πάντα
1094 3189 1129 3251 τὰ
1152 3187 1220 3272 παρ’
1247 3187 1337 3259 αὐτοῖς
1359 3192 1429 3275 πρὸς

175 3293 210 3355 τδ
238 3297 336 3377 τυχεῖν
362 3296 414 3355 τού
440 3291 630 3376 προκειμένου
657 3298 776 3376 ποιῆσαι
805 3297 846 3376 τῷ
875 3294 916 3375 μὴ
944 3293 1030 3374 μόνον
1058 3296 1141 3354 τούτο
1174 3294 1271 3376 ἀρκεῖν
1295 3294 1366 3377 πρὸς
1396 3296 1428 3356 τὸ

176 3399 230 3458 τοῦ
253 3395 443 3480 προκειμένου
466 3401 583 3480 τυχεῖν,
611 3395 686 3458 ἀλλὰ
709 3397 767 3458 δεῖν
791 3397 838 3457 καὶ
861 3394 956 3457 οῖὶλων
981 3401 1079 3469 τινῶν,
1107 3395 1200 3458 ἂούκ
1224 3393 1298 3458 ἔστιν
1322 3397 1369 3458 ἐπὶ
1392 3403 1470 3480 τῇιτ

175 3497 279 3583 τέχνῃ.

174 3739 276 3804 XVII.
319 3735 394 3804 Ὅτι
419 3739 530 3825 <ούκ,>
556 3742 587 3805 εί
613 3739 705 3805 ἔστιν
732 3747 793 3805 τού
817 3745 861 3811 ῶς
884 3743 1155 3826 ὑπεκκαύματος
1185 3744 1304 3828 πυρύς,
1334 3745 1428 3808 ὃκαῖ

115 3864 156 3912 30
176 3847 358 3929 στοιχεῖόν
381 3844 473 3923 ἐστι,
498 3845 713 3931 δερμύτερύν
736 3870 766 3908 τι
788 3847 874 3909 ἄλλο
897 3850 977 3929 πύρ,
1004 3847 1210 3930 διὰταύτην
1233 3849 1294 3931 τὴν
1317 3849 1427 3911 αἰτίαν

462 3949 553 4032 μίξει
573 3954 634 4013 τοῦ
657 3949 816 4013 ἐναντίου
839 3955 999 4013 τοιοῦτον
1022 3951 1146 4013 ἐκεῖνο.

261 4117 326 4186 Ούκ
348 4120 411 4184 ἐπεὶ
434 4123 543 4203 μᾶλλον
566 4122 675 4205 δερμδν
697 4125 749 4184 τοῦ
772 4123 812 4190 ῶς
835 4121 981 4206 στοιχείου
1010 4121 1108 4205 πυρός,
1138 4121 1153 4184 ὃ
1181 4124 1229 4185 καί
1253 4123 1468 4208 ύπέκκαυμαευ

174 4223 305 4306 λέγεται,
333 4224 352 4308 ἡ
376 4223 452 4294 ίέσις
477 4228 530 4287 τού
552 4225 656 4310 πυρός,
684 4223 784 4287 ύπυῖύν
808 4225 868 4287 ἐστι
895 4225 942 4286 καὶ
970 4226 1002 4287 τδ
1029 4225 1097 4308 παρ’
1125 4228 1195 4309 ἡμῖν
1218 4231 1288 4311 πῦρ,
1317 4226 1374 4311 ἤδη
1397 4229 1427 4290 ἐν

116 4490 201 4542 'irrui
217 4489 267 4542 dei.
286 4490 355 4543 vict.
464 4490 497 4542 10
521 4490 542 4542 εί
560 4490 653 4542 καὶτὰ
671 4495 717 4543 τού
737 4492 818 4543 vict:
847 4491 876 4543 ού
895 4494 938 4544 καὶ
956 4492 988 4544 τά
1006 4497 1051 4544 τοῦ
1073 4494 1216 4545 VHBSFa:
1246 4492 1293 4545 ούνι
1313 4492 1362 4544 ἀπὸ
1380 4498 1424 4545 τοῦ
1444 4497 1479 4546 G:

120 4578 144 4630 εί
161 4580 206 4630 καί
222 4581 267 4630 τού
286 4577 331 4646 Sp.
420 4577 450 4629 ἂν
473 4577 531 4630 add.
554 4578 597 4645 Sp.
712 4580 739 4631 11
770 4579 873 4644 ἐκεῖναι]
902 4580 1005 4637 ἐκείναις
1029 4580 1097 4632 vict.
1122 4580 1156 4646 (?)
1270 4584 1309 4649 τῷ
1338 4587 1389 4638 τοῖς
1413 4582 1480 4633 vict..

120 4668 183 4732 Sp.:
212 4664 310 4724 τούτοις
338 4665 398 4718 libri
493 4664 525 4718 15
553 4665 630 4725 αὺτοῖς
648 4667 705 4734 Sp.:
734 4667 818 4718 αὐτῶν
837 4668 895 4720 libri
997 4667 1025 4718 li
1054 4667 1131 4725 αύτὰς
1149 4667 1205 4734 Sp.:
1234 4669 1331 4725 ἑαυτοῖς
1350 4670 1410 4721 libri

123 4753 155 4805 19
179 4752 279 4823 'rovira
366 4752 397 4804 21
423 4752 486 4805 ἀλλὰ
505 4754 586 4805 πάντα
604 4755 707 4821 scripsi:
726 4754 766 4806 διὰ
785 4757 866 4806 πάντα
885 4756 942 4808 libri
961 4755 1092 4820 (διαπαντα
1115 4757 1152 4807 sic
1170 4759 1205 4818 V)
1293 4756 1354 4825 ἦγέ
1374 4757 1480 4823 scripsi:

120 4838 166 4908 ῖγδῖ
186 4839 245 4892 iibri
263 4839 317 4911 (ἣδε
336 4838 420 4910 11)ιῆ
439 4840 479 4893 διά
498 4842 566 4894 vict.
656 4843 689 4894 24
708 4842 784 4899 αὐτοῖς
795 4843 875 4895 Vror:
894 4843 971 4895 αὑτοῦ
991 4845 1032 4910 (οὔ
1051 4846 1077 4895 in
1097 4845 1135 4895 lit.
1150 4844 1185 4909 V)
1204 4844 1262 4896 iibri
1352 4844 1385 4896 ‘25
1404 4843 1481 4900 αύτδς

120 4926 181 4995 sp.:
209 4927 302 4985 αύτούς
324 4928 383 4981 iibri
490 4927 523 4980 29
551 4929 598 4982 υύκ
622 4931 680 4983 add.
701 4948 716 4981 ιι
735 4931 778 4998 Sp.
799 4938 824 4983 et
843 4933 895 4983 rab.
