3540 5610
659 319 740 379 υευι
759 319 994 378 ιιικιννιυυιιε
1013 323 1116 376 νι-οι
1505 327 1568 390 205

341 497 383 562 Τὸ
413 500 445 562 δὲ
471 498 563 580 λέγειν
589 495 613 578 ή
638 497 774 580 ἡγεῖσθαι
796 497 863 562 τοῦς
887 495 944 580 οὐχ
972 496 1149 578 ἡγουμένους
1171 496 1201 557 ἐν
1225 502 1266 579 τῷ
1291 497 1438 566 σώζεσθαι
1461 496 1513 578 τὴν
1538 505 1660 557 XXXIII

259 600 328 664 καθ’
356 602 450 685 ὁρμήν
472 606 532 663 τῶν
556 597 641 683 ζιγύων
664 599 807 682 ἐνέργειαν
830 598 888 682 ήδη
913 599 1061 669 σώζεσθαι
1084 600 1131 660 καὶ
1154 600 1187 661 τό
1210 598 1257 682 ἐφ’
1285 601 1355 682 ήμῖν
1377 605 1420 684 τῷ
1444 598 1513 682 [μή]

259 707 316 766 πᾶν
339 705 371 766 τὸ
395 702 465 766 καθ’
494 703 588 787 ὁρμήν
609 701 758 785 γινόμενον
781 702 829 764 ἐπὶ
851 705 911 768 τοῖς
944 702 1073 783 ὁρμῶσιν
1095 700 1168 763 εἶναι
1191 703 1239 764 καὶ
1263 701 1310 764 διὰ
1332 706 1417 764 τοῦτο
1441 701 1513 784 ἐρω-
1528 721 1556 761 ιο

257 811 320 882 τάν,
343 807 369 868 εἰ
391 808 433 889 μὴ
455 805 602 889 ἐνέργημά
623 828 649 867 τι
671 806 704 867 τὸ
727 803 776 888 ἐφ’
804 806 874 886 ἡμῖν
897 803 968 877 ἐστι,
1002 805 1050 865 καὶ
1076 803 1216 888 λαβόντας
1239 804 1287 865 ἐπὶ
1310 805 1404 888 τούτῳ
1428 805 1513 866 πάλιν

223 909 383 993 5ἐρωτάν,
417 909 443 971 εἰ
467 909 507 990 μὴ
531 912 589 970 τῶν
613 907 817 990 ἐνεργημάτων
851 905 887 967 τά
909 906 960 987 μὲν
983 904 1056 968 εἶναι
1084 907 1166 967 δοκεῖ
1190 903 1258 969 καθ’
1288 908 1391 989 ὁρμήν,
1425 907 1461 968 τὰ
1483 905 1509 968 δ’

257 1010 293 1074 οῦ
314 1009 383 1073 καθ’
411 1010 516 1093 ὁρμήν,
545 1009 561 1072 ὃ
583 1008 724 1092 λαβόντας
747 1011 832 1070 πάλιν
855 1008 1040 1091 προστιθέναι
1063 1007 1157 1090 τούτῳ
1185 1009 1216 1070 τὸ
1244 1009 1284 1091 μή
1312 1013 1370 1069 τῶν
1398 1009 1513 1092 ἐνεργη-

257 1115 356 1193 μάτων
384 1111 446 1195 μέν,
482 1113 523 1194 μὴ
552 1110 619 1174 καθ’
648 1111 740 1193 ὁρμὴν
769 1111 801 1172 ῦέ
823 1109 898 1172 εἶναι’
916 1133 943 1171 τι
965 1109 1013 1192 ἐφ’
1045 1111 1125 1190 ἡμῖν,
1153 1108 1186 1171 οῦ
1213 1112 1260 1172 καὶ
1283 1110 1373 1173 αὐτοῦ
1396 1131 1512 1195 συγχω-
1529 1128 1555 1169 ιο

260 1216 401 1299 ρούμενου
424 1215 472 1277 ἐπὶ
494 1214 606 1281 τούτοις
627 1214 783 1298 λαμβάνειν
806 1214 839 1275 τό
862 1216 919 1274 πᾶν
941 1214 974 1274 τό
998 1211 1066 1274 καθ’
1095 1213 1189 1295 ὁρμήν
1212 1211 1360 1294 γινόμενον
1384 1213 1432 1275 ἐπὶ
1455 1218 1515 1280 τοῖς

258 1318 352 1385 οὕτως
374 1319 538 1401 ἐνεργοῦσιν
564 1314 647 1387 εἶναι,
680 1315 781 1397 ἐπειδὴ
805 1315 835 1377 ἐν
860 1315 961 1396 μηθενὶ
983 1319 1042 1375 τῶν
1076 1312 1172 1381 ἄλλως
1196 1314 1408 1397 ἐνεργουμένων
1443 1315 1513 1384 ἐστι’,

207 1441 240 1488 ιο
258 1422 306 1483 καὶ
330 1421 376 1483 izi
398 1424 483 1483 τοῦτο
517 1420 609 1500 λέγειν
644 1419 793 1488 σώζεσθαι
815 1413 878 1479 κατ’
907 1417 1011 1481 αὐτοῦς
1034 1417 1080 1477 καὶ
1108 1417 1141 1477 τὸ
1164 1419 1292 1478 τοιοῦτον
1316 1415 1364 1500 ἐφ’
1393 1419 1473 1500 ἡμῖν,
1497 1417 1513 1479 θ

257 1525 376 1586 δυνατὸν
399 1521 449 1606 ὑφ’
476 1524 563 1605 ήμῶν
585 1520 720 1602 γενέσθαι
743 1544 773 1583 τε
796 1520 844 1581 καὶ
868 1521 919 1603 μή,
953 1518 1025 1581 εἶναι
1059 1520 1096 1601 θη
1119 1519 1167 1581 καὶ
1190 1520 1226 1580 τά
1253 1518 1346 1586 οὕτως
1378 1519 1513 1601 γινόμενα
1527 1537 1555 1577 ευ

257 1627 288 1688 ἐν
304 1630 363 1693 τοῖς
378 1624 446 1687 καθ’
468 1625 561 1707 ὁρμήν
578 1622 735 1705 γινομένοις
759 1620 860 1705 [ἔστι],
883 1625 946 1689 πῶς
969 1622 1003 1683 ού
1020 1623 1200 1684 παντάπασιν
1216 1622 1394 1703 ἀγνοούντων
1413 1626 1513 1700 ταῦτα,

258 1728 329 1811 πρὸς
351 1726 370 1789 θ
393 1730 543 1789 ποιοῦνται
565 1725 633 1792 τοὺς
654 1725 770 1805 λόγους;
805 1725 838 1786 ού
861 1725 914 1806 γὰρ
938 1725 963 1785 εἰ
986 1724 1016 1785 ἐν
1039 1728 1098 1791 τοῖς
1131 1722 1199 1786 καθ’
1228 1725 1322 1806 ὁρμὴν
1345 1724 1514 1806 ἐνεργουμέ-

258 1852 317 1898 νοις
339 1830 372 1891 τὸ
395 1828 441 1911 ἐφ’
470 1830 541 1910 ἡμῖν
563 1827 637 1890 εἶναι
661 1830 892 1910 συγκεχώρηται,
925 1825 972 1888 ῦιά
995 1831 1046 1887 τοῦ
1079 1826 1167 1907 λόγου
1201 1825 1259 1908 ήδη
1288 1829 1344 1886 πᾶν
1378 1828 1410 1887 τὸ
1438 1826 1506 1889 καθ’
1526 1846 1554 1886 νο

208 1952 240 2000 15
259 1932 352 2014 ὁρμήν
375 1931 580 2014 ἐνεργούμενον
603 1928 649 2012 ἐφ’
677 1931 756 2011 ἡμῖν.
801 1933 892 1991 ταῦτα
913 1927 968 2010 γὰρ
1001 1927 1076 2009 μόνα
1108 1927 1258 1990 τῶνκαθ’
1286 1929 1379 2010 ὁρμὴν
1402 1929 1514 2010 γινομέ-
1599 1983 1600 1987 ,

262 2059 319 2096 νων
352 2036 385 2097 τό
412 2032 459 2117 ἐφ’
487 2034 558 2114 ήμῖν
580 2030 655 2116 ἔχει,
690 2031 745 2094 ὅσα
774 2031 847 2093 κατὰ
875 2031 993 2113 λογικὴν
1027 2031 1120 2113 ὁρμὴν
1149 2030 1314 2113 ἐνεργεῖται.
1359 2032 1459 2113 λογικὴ
1483 2030 1508 2093 δ’

258 2138 334 2200 ἐστὶν
351 2137 428 2219 όρμὴ
446 2134 491 2218 <ή>
507 2136 536 2197 ἐν
552 2139 612 2202 τοῖς
632 2135 825 2218 βουλευτικοῐς
848 2157 878 2195 τε
901 2135 947 2194 καὶ
971 2137 1179 2215 προαιρετικοῖς
1200 2133 1346 2215 γινομένη,
1370 2134 1514 2196 τουτέστιν

261 2240 362 2321 ήτῶν
384 2239 560 2321 ἀνθρώπων,
595 2235 663 2299 ὅταν
696 2235 744 2298 ἐπὶ
778 2236 887 2303 τούτοις
920 2236 1040 2317 γίνηται.
1086 2237 1144 2296 τῶν
1177 2236 1230 2318 γάρ
1254 2233 1350 2297 ἀλλων
1374 2234 1460 2319 ζῴων
1482 2237 1512 2297 αἱ
1526 2255 1555 2294 ου

260 2339 330 2402 καθ’
357 2341 452 2423 ὁρμήν
473 2339 611 2422 ἐνέργειαι
634 2338 669 2400 ού
691 2343 832 2409 τοιαῦται,
855 2336 899 2399 ότι
922 2336 1023 2419 μηκέτ’
1052 2337 1081 2398 ἐν
1114 2337 1232 2405 ἐκείνοις
1255 2337 1369 2405 ἐξουσία
1391 2343 1443 2400 τοῦ
1465 2341 1512 2401 καλ

204 2463 239 2509 20
259 2443 299 2523 μή
324 2447 444 2524 ποιήσαι
465 2442 498 2504 τὸ
514 2439 697 2524 καθ’,ύρμὴν
720 2439 941 2523 ἐνερήγούμενον.
980 2441 1024 2501 διὸ
1040 2439 1070 2500 ἐν
1093 2445 1155 2506 ταῖς
1176 2438 1243 2502 καθ’
1266 2441 1359 2522 ὁρμήν
1374 2441 1495 2524 ἐνεργεί-
1518 2447 1566 2503 Ιύθ

260 2567 306 2613 αις
327 2544 360 2606 τὸ
383 2543 431 2626 ἐφ’
458 2545 539 2626 ήμῖν,
573 2544 607 2606 οῦ
631 2544 688 2625 μἠν
711 2543 758 2605 διὰ
781 2547 865 2604 τοῦτο
899 2546 980 2604 πᾶσα
1013 2540 1083 2603 καθ’
1112 2543 1205 2625 ὁρμήν
1229 2542 1356 2625 ἐνέργεια
1378 2544 1513 2627 γινομένη

256 2650 289 2710 τῦ
312 2645 359 2730 ἐφ’
386 2648 457 2729 ήμῖν
480 2644 553 2731 ἔχει.
591 2650 654 2713 πιῦς
677 2644 703 2707 δ’
728 2644 780 2707 οὐκ
803 2644 981 2723 ἀγνοούντων
1004 2644 1040 2706 τὰ
1063 2642 1111 2727 ὑφ’
1140 2645 1236 2707 αύτῦνν
1258 2645 1394 2728 γινόμενα
1415 2648 1449 2708 τὸ
1471 2652 1508 2729 τῇ
1536 2665 1550 2705 ο
1575 2657 1695 2709 XXXIV

257 2750 382 2832 ἀληθείᾳ
404 2753 462 2811 τῶν
483 2748 651 2830 γινομένων,
679 2747 715 2828 ἣν
739 2747 904 2829 ἀναιροῦσιν
927 2747 974 2808 ῦιά
996 2751 1046 2808 τοῦ
1070 2745 1222 2828 δόγματος,
1257 2747 1332 2830 αὐτή
1357 2747 1443 2832 [πρός
1466 2749 1512 2833 τὸ]

258 2851 424 2937 κεχρῆσθαι
457 2852 529 2933 πρὸς
562 2851 742 2932 κατασκευήν
775 2853 827 2911 τοῦ
855 2850 1039 2932 ἀναιροῦντος
1066 2851 1156 2931 αὐτὴν
1185 2850 1342 2932 ῦόγματος;
1377 2851 1514 2936 λαβόντες

203 2974 237 3022 25
256 2954 311 3037 γὰρ
344 2955 377 3015 τὸ
411 2953 533 3016 ἕκαστον
559 2959 618 3013 τῶν
646 2954 833 3015 συνεστώτων
864 2952 950 3035 φύσει
978 2951 1045 3014 καθ’
1074 2953 1251 3036 εἱμαρμένην
1278 2952 1351 3016 εἶναι
1374 2958 1513 3026 τοιοῦτον,

256 3055 358 3119 ὁποῖόν
391 3055 463 3127 ἐστι,
498 3058 551 3123 ὡς,
570 3054 676 3117 ταύτοῦ
711 3052 792 3122 όντος
825 3058 877 3116 τοῦ
904 3078 935 3116 τε
961 3055 1047 3137 φύσει
1074 3057 1122 3118 καὶ
1150 3059 1200 3117 τοῦ
1229 3054 1296 3117 καθ’
1325 3056 1513 3138 εἱμαρμένην,
1528 3075 1555 3115 ιο

256 3157 463 3242 προστιθέασιν
479 3159 512 3219 τό
528 3157 647 3220 (οὐκοῦν
670 3156 743 3219 κατά
766 3158 817 3238 τήν
845 3157 1022 3240 εἱμαρμένην
1046 3157 1092 3219 καλ
1118 3157 1291 3240 αἰσθήσεται
1313 3160 1348 3220 τά
1373 3163 1437 3243 ζῷα
1465 3160 1512 3221 καὶ

259 3261 392 3344 ὁρμήσει,
426 3259 534 3321 καὶτὰ
557 3260 609 3340 μὲν
632 3263 691 3320 τῶν
714 3258 800 3342 ζῴων
822 3259 970 3340 ἐνεργήσει
993 3258 1138 3339 μόνοντὰ
1161 3260 1194 3321 δέ
1216 3261 1315 3343 πράξει
1343 3261 1378 3321 τὰ
1401 3263 1512 3342 λογικά,

256 3364 305 3426 καὶ
327 3362 364 3424 τὰ
386 3362 439 3442 μὲν
462 3361 661 3445 ἁμαρτήσεται
683 3361 719 3422 τὰ
742 3361 775 3422 δὲ
797 3361 989 3443 κατορθώσει.
1034 3366 1124 3423 ταῦτα
1151 3362 1205 3444 γάρ
1227 3363 1338 3430 τούτοις
1361 3364 1434 3425 κατὰ
1457 3365 1513 3447 ρύ-

202 3487 238 3534 ³0
257 3485 300 3529 σιν
324 3465 387 3548 μέν,
413 3462 504 3527 όντων
528 3464 560 3526 δέ
583 3465 631 3526 καὶ
653 3465 870 3547 ἁμαρτημάτων
892 3465 940 3527 καὶ
963 3465 1200 3546 κατορθωμάτων
1224 3466 1271 3526 καὶ
1294 3471 1352 3526 τῶν
1375 3466 1512 3528 τοιούτων
1529 3484 1553 3524 ιο

206 3740 217 3791 1
238 3736 364 3809 ήγεῖσθαι]
383 3738 453 3810 (οὺχ)
471 3736 584 3807 ἡγεῖσθαι
602 3738 677 3804 Casp.
698 3738 732 3789 0:
751 3736 891 3790 πλᾶνασθαι
910 3738 956 3790 13²:
976 3737 1059 3807 ληρεῖν
1078 3737 1132 3788 sive
1151 3736 1313 3806 νηπιάζεσθαι
1332 3738 1443 3792 Gercke:
1462 3741 1566 3807 <ἅτοπα>

202 3841 316 3912 imm
335 3844 419 3897 fleme
525 3831 573 3912 iij(
591 3844 629 3894 πο
648 3847 681 3893 v:
700 3843 750 3894 dei.
772 3842 883 3909 υποο
990 3843 1006 3893 κ
1026 3829 1062 3910 μὴ
1081 3843 1118 3894 sic
1131 3846 1161 3893 v:
1181 3841 1216 3910 μὴ
1237 3842 1279 3892 οι.
1299 3841 1338 3905 (τι
1358 3843 1394 3912 μὴ
1408 3844 1530 3910 ονομα)

201 3929 386 3999 Ηνέργήμάτι
404 3935 436 3983 V:
456 3931 630 4001 ένὶρωτήματι
648 3933 692 3982 ΕΒ
807 3948 830 3980 τι
848 3930 890 3994 τὸ]
908 3948 932 3981 τι
950 3935 1001 3980 τῶν
1024 3930 1092 3980 coni.
1112 3932 1134 3980 Ο
1250 3931 1275 3979 4.
1295 3927 1310 3979 ἵν
1333 3930 1355 3981 ελ
1378 3931 1413 3999 μὴ
1426 3960 1456 3966 -
1468 3932 1565 4000 ἐρωτᾶν

201 4031 252 4069 om.
270 4015 311 4069 2¹³
416 4018 547 4087 ύτούτηι]
567 4038 588 4087 ιμ
607 4020 635 4070 in
654 4019 733 4070 lit.B
829 4019 864 4088 μὴ
884 4018 989 4085 scripsi:
1009 4017 1073 4085 μήτε
1093 4017 1165 4068 libri:
1191 4017 1239 4068 dei.
1264 4017 1357 4068 Heine:
1385 4017 1464 4087 μηδὲν
1484 4019 1518 4070 B²

202 4103 218 4156 Ἰ
237 4104 264 4156 Ii
282 4103 368 4175 (μηδέ)
387 4105 470 4158 Heine
610 4105 646 4174 τι]
665 4105 694 4157 τό
714 4106 828 4158 Gercke:
847 4124 874 4157 τε
893 4105 933 4157 8²:
954 4105 1003 4157 del.
1015 4105 1050 4156 3²
1192 4103 1221 4155 οῦ
1240 4106 1283 4156 καὶ
1302 4105 1379 4156 αὑτοῦ
1398 4109 1451 4168 (καὶ
1470 4108 1496 4158 in
1518 4108 1566 4170 Iit.)

203 4195 237 4244 B:
257 4191 305 4245 οῦκ
328 4191 406 4246 αύτοῦ
424 4193 449 4257 (I
469 4195 497 4245 iu
517 4194 554 4246 Iit.
575 4193 666 4255 3IItt.)
686 4198 717 4243 V:
746 4192 793 4244 οῦκ
812 4191 890 4245 αῦτοῦ
909 4192 959 4244 21¹²:
988 4193 1031 4243 καὶ
1050 4191 1127 4243 αὐτοῦ
1146 4192 1270 4245 ΙιοιιιλΟ
1417 4196 1448 4247 10
1476 4193 1566 4248 τούτου

203 4278 330 4333 Lond.0
439 4280 470 4331 12
498 4280 550 4333 ἔστι
569 4281 666 4334 delevi:
695 4282 752 4333 coli.
773 4287 832 4348 post
850 4282 1005 4332 παντάπασιν
1025 4280 1060 4331 B²
1167 4279 1195 4330 οῦ
1215 4295 1279 4332 corr.
1299 4298 1330 4332 ex
1349 4281 1393 4332 οὖν
1413 4286 1435 4331 V

203 4367 353 4436 ἀγνοοῦντες
370 4367 405 4420 B²
511 4373 628 4421 tamV
739 4368 769 4420 17
788 4369 804 4436 ή
824 4369 911 4420 addidi
1022 4368 1053 4419 18
1072 4369 1204 4437 γίνεταιΟ
1315 4366 1345 4416 19
1364 4366 1405 4434 ού]
1425 4370 1450 4420 αἱ
1468 4371 1495 4421 ³¹²

201 4459 285 4507 τοῦθ
387 4456 422 4507 20
440 4456 476 4525 μή
494 4474 518 4508 τι
537 4457 577 4509 12¹²
681 4463 734 4508 τῶν
755 4458 985 4527 ..ἐνεργουμένων
1010 4458 1120 4508 conio
1228 4454 1261 4505 22
1280 4453 1339 4519 οῦκ]
1360 4474 1374 4505 υ
1393 4457 1421 4507 in
1440 4456 1478 4508 iit.
1498 4462 1521 4507 V

201 4558 333 4628 γινόμενα]
358 4557 481 4628 λεγόμενα
503 4559 577 4627 Οενρ.
606 4563 629 4613 Ο
736 4560 769 4611 θθ
797 4559 876 4628 αῦτην
895 4561 954 4626 (sic,
973 4577 1052 4628 supra
1071 4579 1095 4611 νε
1116 4563 1133 4624 ι)
1153 4547 1245 4631 προστό
1264 4562 1291 4624 (i.
1311 4577 1332 4611 ε.
1352 4558 1426 4627 αύτγῙ)
1447 4564 1477 4611 V:
1500 4559 1566 4630 αῦτή

202 4647 284 4699 Lond.
304 4650 341 4700 0:
365 4645 444 4716 αὐτὴν
462 4646 524 4717 πρὸς
541 4646 570 4698 τὸ
589 4650 636 4698 ΚΒ
657 4646 709 4713 (his
728 4648 814 4699 verbis
833 4648 868 4698 Β2
885 4648 1007 4699 lineolam
1031 4648 1161 4711 subducit,
1189 4650 1206 4700 i.
1223 4666 1244 4700 e.
1265 4648 1324 4708 dei.)
1343 4645 1382 4697 ⁸¹²
1400 4647 1471 4698 Casa
1499 4647 1564 4716 αῦτη

202 4734 263 4805 πρός
281 4733 310 4785 τὸ
330 4735 400 4786 ΗΕΒ
512 4732 545 4785 24
573 4749 660 4785 nonne
679 4732 806 4804 χρήσθαιθ
913 4733 988 4786 αὐτὸν
1007 4736 1046 4785 ιι12
1163 4736 1196 4786 ‘243
1225 4733 1358 4787 ωσέαυτοῦ
1377 4735 1414 4784 sic
1435 4739 1457 4783 V

201 4821 237 4873 28
264 4818 353 4889 μόνον]
381 4820 472 4892 χρόνον
490 4821 516 4872 ε’
624 4821 665 4873 θθ.
685 4821 720 4873 30
746 4823 854 4874 fortasse
878 4822 1041 4892 κατὰφύσιν.
1069 4824 1165 4886 (κατὰ
1184 4824 1290 4891 φύσιν)
1313 4827 1358 4888 μὲν
1377 4820 1464 4884 (obv)
1482 4821 1563 4873 ὄντων

203 4906 255 4977 [II]
274 4909 318 4960 καὶ
424 4907 459 4960 30
477 4907 605 4976 μενόντων
623 4916 675 4960 τῶν
693 4909 720 4960 δέ
739 4909 766 4961 a‘·'
