3540 5610
837 1358 891 1432 Ill

478 1552 544 1626 Du
576 1550 831 1628 OODIOIBUS
863 1552 993 1629 LIBRI
1024 1555 1091 1629 DE
1123 1552 1251 1629 FATO

136 1856 178 1920 V¹
275 1856 381 1921 Etiam
404 1856 555 1940 libellum,
581 1877 675 1940 quem
698 1857 753 1924 De
776 1857 871 1923 Fato
893 1857 936 1922 ad
957 1858 1173 1942 Imperatores
1195 1858 1290 1943 misit,
1311 1858 1401 1925 licuit
1422 1878 1463 1924 ex
1483 1859 1545 1924 Vn·

186 1997 268 2041 unse
291 1976 462 2040 llsscrsuo
485 1976 548 2041 258
571 1976 677 2043 edere.
720 1996 824 2059 neque
839 1975 947 2042 differt
963 1977 1072 2060 optimi
1089 1977 1160 2042 libri
1176 1976 1302 2045 indoles
1317 1977 1351 2043 in
1367 1977 1429 2043 hac
1449 1996 1544 2060 argu-

187 2095 285 2162 menti
307 2102 409 2178 parte.
454 2095 658 2162 inveniuntur
680 2102 712 2161 et
734 2096 864 2162 crebrae
886 2096 945 2161 sub
968 2095 1090 2180 primae
1112 2116 1227 2163 manus
1248 2097 1406 2181 scriptura
1425 2096 1543 2164 lituae

186 2221 220 2280 et
238 2215 372 2280 voculae
394 2213 559 2280 breviores
574 2214 642 2280 sive
663 2214 748 2281 infra
762 2215 831 2280 sive
846 2233 944 2298 supra
959 2235 1085 2281 versum
1108 2215 1249 2282 additae.
1296 2235 1402 2300 neque
1424 2216 1544 2282 desunt

186 2352 292 2417 curae,
314 2352 378 2416 qua
400 2333 557 2398 vetustius
579 2335 745 2418 exemplar
766 2333 935 2418 descripsit
962 2334 1121 2416 librarius,
1148 2334 1342 2418 testimonia,
1370 2335 1541 2402 verborum

184 2451 256 2517 dico
280 2451 348 2517 sive
374 2451 571 2535 syllabarum
599 2454 631 2517 in
658 2472 734 2518 suas
763 2460 871 2537 partes
897 2453 1038 2519 nondum
1065 2454 1236 2538 discriptas
1263 2454 1542 2541 conglobationes,

185 2572 300 2656 quibus
323 2571 441 2655 quippo
463 2570 551 2636 haud
573 2571 744 2638 intellectis
766 2573 950 2656 prosodiam
971 2572 1270 2657 illenonadpinxit
1290 2573 1539 2659 51.176,3.7.21

186 2691 508 2776 185,7.8.25186,27
534 2692 628 2774 187,8
653 2692 766 2776 181116
791 2693 963 2777 1931617
988 2692 1348 2777 195,15197,6203,4.

270 2812 396 2876 Paucas
419 2812 507 2877 utin
531 2810 646 2877 ceteris
668 2812 812 2895 partibus
834 2812 957 2879 invonit
982 2813 1014 2877 in
1042 2810 1220 2897 archetypo
1248 2811 1356 2877 varias
1386 2813 1544 2882 lectiones

186 2930 277 3010 164,7
304 2931 419 3012 167,14
443 2931 592 3014 171252,
614 2931 700 3014 quod
722 2931 879 2998 mirabere
894 2932 927 2996 in
943 2930 1052 2996 libello
1069 2930 1208 2996 omnium
1225 2930 1356 2996 lectioni
1370 2930 1541 2999 destinato.

184 3070 283 3134 saepo
306 3050 389 3116 inter
411 3049 615 3117 scribendum
638 3050 818 3117 substitisse
840 3071 968 3116 manum
991 3050 1126 3136 primam
1142 3050 1321 3133 iterumque
1336 3051 1542 3119 examinasse

186 3170 272 3252 qnod
294 3169 466 3253 scripserat
489 3169 539 3235 hic
562 3190 688 3253 quoque
710 3169 828 3235 docent
849 3177 977 3254 praeter
999 3169 1110 3234 lituras
1133 3189 1204 3234 cum
1221 3170 1419 3254 transposita
1440 3171 1541 3237 verba

182 3289 289 3373 <186,1
321 3290 440 3373 196,16
473 3288 589 3373 191112
623 3289 848 3372 199‚22)tum
877 3289 909 3353 hi
939 3288 1000 3354 loci
1029 3289 1126 3373 182,2
1155 3288 1393 3372 202,2.12.13
1419 3292 1539 3377 20318

182 3408 236 3474 nbi
263 3408 383 3474 librarii
410 3407 614 3473 sedulitatem
644 3406 869 3490 adgnoscimus
902 3408 943 3474 de
976 3408 1153 3474 litterarum
1180 3407 1214 3472 in
1241 3413 1367 3474 vetusto
1391 3413 1538 3496 exemplo

185 3529 394 3596 evanidarum
418 3525 650 3609 significatione
673 3527 849 3592 dubitantis
870 3527 922 3611 (cf.
940 3550 970 3612 p.
987 3525 1086 3612 XVI).

132 3651 175 3716 V²
272 3647 516 3714 Pertraetavere
544 3645 684 3711 libellum
712 3652 743 3711 et
773 3652 865 3712 vetus
892 3654 1052 3714 corrector
1078 3653 1110 3713 et
1136 3665 1251 3711 manus
1276 3647 1390 3713 altera.
1444 3647 1539 3714 huius

185 3775 292 3834 autem
317 3772 390 3851 post
412 3766 538 3831 tertiam
561 3764 602 3828 ab
625 3764 714 3829 initio
739 3773 861 3847 partem
885 3767 1021 3849 vestigia
1048 3786 1111 3831 non
1139 3765 1344 3832 inveniuntur
1371 3788 1476 3852 neque
1499 3788 1539 3835 ea

185 3907 268 3970 qnae
301 3885 374 3950 huic
401 3884 484 3969 parti
519 3882 678 3966 praestitit
710 3884 804 3950 aliter
833 3886 1043 3967 censebimus,
1076 3904 1171 3968 quam
1204 3906 1303 3970 supra
1335 3885 1537 3955 factumest.

185 4006 326 4091 proclive
349 4010 431 4070 enim
454 4009 524 4069 erat
539 4002 655 4066 bonum
676 4005 933 4087 supplementum
954 4005 1137 4088 excogitare
1159 4005 1202 4070 ad
1226 4005 1343 4090 169,20
1364 4014 1397 4072 51
1418 4007 1538 4091 adgno

186 4127 302 4192 seimus
328 4124 453 4191 felicem
477 4122 560 4187 docti
584 4121 721 4186 hominis
748 4143 876 4189 manum
902 4123 1151 4191 emendatricem
1179 4145 1250 4190 oum
1275 4125 1420 4208 165,1.2.
1436 4127 1537 4192 1012

185 4246 308 4326 16618.
324 4245 362 4308 19
387 4243 510 4324 167,12.
523 4242 562 4306 21
590 4241 701 4324 16031
727 4244 819 4330 170,3
845 4246 979 4324 171,2.5
995 4242 1070 4329 (καὶ)
1092 4245 1216 4327 172,11.
1232 4245 1280 4309 13.
1295 4245 1345 4310 15.
1357 4244 1399 4310 25
1423 4246 1537 4330 173,24

182 4363 476 4447 175‚18.20176,7
501 4369 566 4425 tum
592 4362 706 4443 165,20
731 4362 853 4444 17228.
898 4363 1034 4429 sed-nie
1057 4385 1193 4447 quoqne,
1223 4370 1257 4427 ut
1284 4382 1343 4446 par
1366 4373 1425 4449 511,
1448 4365 1536 4431 haud

182 4504 254 4549 raro
278 4481 399 4549 erravit
420 4480 457 4564 is,
486 4481 539 4563 qui
561 4480 681 4562 ingenii
704 4488 828 4545 tantum
850 4482 1000 4546 subsidiis
1023 4483 1195 4548 instructus
1218 4489 1297 4567 5151,
1329 4503 1434 4566 neque
1456 4461 1536 4549 vitu·

58 4679 61 4683 ,
182 4601 364 4687 parabimus
387 4620 473 4664 vana
495 4606 703 4684 tentamenta,
727 4605 761 4663 ut
785 4601 899 4683 164,20
923 4603 1037 4686 lesse
1063 4604 1155 4685 1686
1182 4603 1379 4686 169,24-25
1403 4603 1536 4685 171115

183 4721 306 4804 172,14.
321 4722 361 4784 15
386 4719 509 4802 17326,
532 4718 627 4783 immo
643 4717 843 4782 laudabimus
863 4739 934 4783 enm
951 4722 993 4785 ad
1015 4723 1144 4803 gravius
1160 4730 1311 4806 corrupta
1326 4741 1455 4787 manum
1472 4743 1535 4787 non

178 4839 429 4923 admovissent
453 4836 545 4913 1653
570 4836 684 4921 16628
709 4838 830 4921 170,25.
