3540 5610
204 308 265 370 134
521 305 724 360 ALEXANDRI
746 305 791 360 DE
814 305 923 360 ANfflA
946 304 1038 360 LIBRI
1060 305 1232 360 MANTISSA

256 478 370 562 ύρώμεν
392 480 466 543 κατά
495 480 617 563 θάτερον
645 479 748 564 πέρας;
783 477 925 564 οὐδὲγὰρ
953 479 1001 542 ἐπὶ
1027 483 1085 542 τῶν
1113 477 1209 543 ἀλλων
1236 478 1266 541 αἱ
1288 480 1431 547 τυπώσεις
1458 477 1494 542 δι’

255 579 331 644 ύλων
354 584 486 666 γίνονται.
529 582 555 644 εί
577 581 610 644 δέ
632 582 749 665 λέγοιεν,
773 581 817 644 ὅτι
839 583 979 666 διαφανὴς
1002 584 1018 646 ῦ
1042 583 1099 665 ἀὴρ
1122 582 1170 644 καὶ
1192 581 1239 644 διὰ
1259 585 1344 645 τοῦτο
1367 579 1402 646 δι’
1429 581 1499 645 θλου

256 683 417 750 τετύπωται
438 685 487 748 καλ
510 684 624 768 δρῶμεν
639 684 742 760 οῦτως,
764 683 836 747 ἀλλο
859 683 892 747 ἀν
915 707 941 749 τι
961 688 1011 747 τοῦ
1034 685 1105 767 ῦρῦιν
1126 681 1217 747 αἴτιον
1233 683 1352 766 λέγοιεν,
1373 685 1426 768 τὴν
1442 686 1499 747 δια-

256 787 375 870 ράνειαν
396 788 461 871 γάρ,
484 787 532 850 καὶ
555 784 660 869 αὐτὴν
683 784 834 870 ἐπέρεισιν.
869 783 911 848 ἔτι
934 785 1111 869 θαυμαστόν,
1134 791 1197 855 πώς
1219 790 1278 855 τοῖς
1301 786 1352 870 μὲν
1376 789 1541 870 μάλισταεε

230 890 419 953 στοποῦσθαι
440 888 607 973 δυναμένοις
629 888 663 951 ού
686 889 836 973 συμβαίνει
857 890 890 951 τδ
913 887 959 951 διά
981 889 1091 972 βάθους
1112 888 1288 963 τυποῦσθαι,
1315 893 1359 974 τῷ
1382 888 1407 953 δ’
1436 889 1500 974 ἀέρι

255 996 298 1076 τῷ
329 992 434 1076 ἥκιστα
461 989 521 1054 ύντι
546 989 667 1074 τοιούτῳ
696 989 733 1054 δι’
761 989 829 1053 ύλου
858 991 878 1074 ἡ
907 989 1034 1060 τύπωσις
1059 990 1206 1073 ἐγγίνεται.
1251 990 1293 1055 ἔτι
1320 990 1346 1054 εί
1372 990 1500 1077 πέφυκεν

257 1095 273 1157 ύ
296 1094 353 1178 ἀὴρ
376 1095 468 1164 οῦτως
487 1094 665 1171 τυποῦσθαι,
692 1093 720 1154 τί
741 1094 777 1177 δή
800 1116 871 1156 ποτε
900 1091 967 1178 ούχὶ
992 1094 1040 1156 καλ
1066 1093 1244 1162 ἀπελθόντος
1270 1096 1322 1156 τοῦ
1342 1098 1501 1164 τυποῦντος

255 1193 298 1259 ἐτι
321 1195 400 1279 μένει
426 1195 456 1258 ἐν
478 1195 558 1280 αὐτῷ
586 1196 606 1279 ἡ
629 1195 771 1271 τύπωσις,
799 1195 898 1278 ὥσπερ
921 1197 970 1258 καὶ
996 1195 1044 1258 ἐπὶ
1070 1202 1127 1258 τῶν
1149 1194 1261 1272 ἀλλων,
1287 1195 1364 1259 ώστε
1385 1196 1433 1259 καὶ
1456 1197 1499 1280 μὴ

255 1296 383 1382 παρόντα
404 1297 440 1361 τά
463 1298 553 1382 δρατὰ
567 1298 658 1383 ἐχρῆν
681 1298 759 1381 ἡμᾶς
781 1295 823 1360 ἔτι
838 1298 921 1381 δρῦιν;
945 1295 987 1360 ἔτι
1008 1303 1072 1367 πώς
1091 1297 1125 1361 ού
1141 1296 1312 1383 συγχέοντας
1334 1299 1362 1360 οἱ
1377 1302 1501 1362 τοιοῦτοι
1575 1370 1580 1379 ,

115 1462 119 1469 ,
216 1416 243 1460 10
256 1399 349 1477 τύποι,
371 1400 486 1464 ἐπειδὰν
509 1400 562 1485 βέη
585 1402 618 1464 τδ
634 1400 723 1484 ύδωρ,
745 1398 778 1462 τύ
799 1398 831 1462 δὲ
852 1398 934 1476 αύτό,
956 1401 982 1463 εἰ
997 1401 1045 1464 καὶ
1067 1400 1097 1464 ἐν
1119 1400 1183 1485 ἀέρι
1205 1405 1318 1485 πνεῦμα
1339 1400 1413 1464 πολὺ
1436 1399 1498 1486 είη;

255 1501 297 1566 ἔτι
319 1501 440 1586 ἔμπαλιν
463 1503 606 1587 φαίνεται,
634 1502 653 1586 ἦ
677 1505 718 1570 ὡς
743 1499 807 1586 ἔχει
828 1506 885 1565 τών
913 1504 1025 1586 ὁρατῶν
1051 1501 1127 1578 ἔνια,
1155 1503 1191 1566 τά
1213 1504 1265 1587 μέν
1292 1503 1383 1587 κυρτὰ
1404 1506 1499 1579 κοῖλα,
1513 1519 1542 1561 το

256 1606 293 1668 τὰ
315 1606 347 1668 δὲ
369 1608 454 1669 κοῖλοι
468 1606 567 1689 κυρτά,
589 1605 638 1668 καὶ
654 1605 754 1673 ἁπλῶς
775 1604 811 1689 τά
834 1605 886 1689 μὲν
908 1605 1045 1690 ἐξέχοντα
1059 1605 1220 1691 είσέχοντοι,
1243 1605 1279 1668 τά
1300 1607 1333 1668 δὲ
1346 1605 1500 1691 εἰσέχοντα

255 1704 417 1771 τούναντίον
439 1706 588 1793 ἐξέχοντας
616 1707 708 1776 οὕτως
729 1708 782 1793 γάρ
803 1708 823 1791 ἡ
846 1707 973 1777 τύπωσις
993 1708 1106 1790 γίνεται.
1151 1708 1177 1770 εί
1200 1708 1232 1771 δέ
1254 1708 1363 1791 λέγοιεν
1385 1714 1422 1791 τῇ
1447 1709 1500 1793 μὲν

256 1808 402 1893 κοιλότητι
423 1815 476 1894 τῆς
497 1810 611 1894 βάσεως
632 1814 682 1874 τοῦ
705 1813 801 1874 κώνου
824 1811 858 1873 τδ
874 1811 977 1894 κυρτδν
999 1810 1157 1893 κρίνεσθαι,
1179 1814 1216 1893 τῇ
1240 1811 1273 1873 δέ
1295 1809 1446 1896 κυρτότητι
1466 1813 1500 1879 τδ

215 1926 241 1970 15
254 1914 366 1989 κοῖλον,
393 1911 527 1996 καθάπερ
553 1913 602 1976 καὶ
628 1914 676 1976 ἐπὶ
699 1918 750 1997 τῆς
773 1913 821 1976 διὰ
846 1919 904 1976 τῶν
931 1917 1037 1998 χειρῶν
1061 1912 1152 1997 ἁφῆς,
1180 1913 1216 1975 τά
1243 1912 1291 1975 ἐπὶ
1313 1918 1366 1997 της
1386 1919 1501 1999 γραφῆς

255 2015 448 2099 συμβαίνοντα
471 2017 594 2098 μάλιστα
617 2019 701 2079 τοῦτο
724 2015 839 2099 ἐλέγξει.
879 2015 1006 2098 ὁμαλοῦς
1027 2014 1080 2098 γὰρ
1103 2013 1193 2100 ούσης
1214 2014 1305 2100 αὐτῆς
1326 2015 1362 2078 τὰ
1385 2017 1436 2099 μέν
1459 2015 1500 2084 ἐξ·

256 2117 373 2202 έχοντα,
395 2117 431 2180 τὰ
452 2118 485 2180 δέ
499 2117 650 2203 είσέχοντα
672 2119 813 2203 φαίνεται,
827 2118 926 2182 Ικαίτοι
942 2119 1048 2199 όμαλεῖ
1068 2121 1105 2198 τῇ
1121 2120 1172 2180 τοῦ
1191 2121 1289 2182 κώνου
1311 2106 1395 2203 βάσει
1411 2115 1501 2202 κρινύ·

255 2243 336 2303 μενα.
370 2217 413 2282 ἐτι
435 2221 499 2304 περὶ
521 2225 579 2284 τών
602 2218 638 2284 δι’
665 2220 851 2290 ἀνακλάσεως
874 2219 1030 2304 ὁρωμένων
1052 2219 1080 2283 τί
1100 2221 1255 2304 ρήσουσιν;
1279 2222 1312 2284 τδ
1334 2220 1388 2304 γὰρ
1410 2219 1500 2305 πέρας
1513 2236 1542 2279 το

253 2326 304 2385 τοῦ
333 2323 427 2385 κώνου
455 2322 502 2385 ἐπὶ
529 2323 637 2386 τούτων
664 2329 701 2407 τῇ
729 2328 779 2386 τοῦ
807 2321 969 2405 κατόπτρου
997 2322 1150 2407 ἐπιφανείᾳ
1176 2326 1329 2398 τυποῦται,
1360 2322 1431 2408 ὅπερ
1459 2324 1500 2386 ἐ-

214 2440 243 2484 ευ
255 2423 364 2510 δέχοιτ’
386 2424 420 2488 ἀν
443 2425 577 2495 ἐναντίως
591 2425 807 2511 ἐσχηματίσθαι
827 2431 870 2510 τῷ
887 2424 1101 2510 ἐμφαινομένη),
1124 2424 1181 2510 οὐχ
1196 2425 1314 2507 ὁμοίως,
1337 2425 1416 2490 ἀλλὰ
1427 2424 1498 2510 φέρε

255 2528 344 2590 εἰπεῖν
367 2531 474 2613 κυρτοῦ
490 2526 571 2599 όντος
592 2532 643 2591 τοῦ
659 2528 872 2612 ἐμμαινομένου
895 2529 914 2612 ἡ
935 2527 1038 2596 εὐθέος
1059 2531 1155 2591 κοῖλον
1178 2527 1250 2590 εἶναι
1271 2528 1304 2591 τδ
1327 2530 1497 2612 κάτοπτρον.

255 2630 425 2714 θαυμαστὸν
447 2631 480 2694 δὲ
502 2632 597 2694 καὶτὸ
621 2632 661 2716 μὴ
684 2633 736 2715 τὴν
757 2632 815 2694 ἀπδ
836 2632 938 2695 τούτου
954 2631 1080 2695 τύπωσιν
1102 2631 1287 2714 ἐπιπροσθεῐν
1310 2636 1348 2713 τῇ
1365 2632 1423 2694 ἀπὸ
1445 2635 1497 2694 τοῦ

257 2732 468 2817 ἐμμαινομένου
490 2733 641 2817 γινομένη,
668 2734 686 2817 ἢ
710 2734 832 2797 κωλύειν
859 2735 911 2818 τὴν
934 2734 1044 2798 ἐκείνου
1075 2734 1188 2817 μορφὴν
1211 2732 1412 2817 ἐμφαίνεσθαι.
1457 2731 1501 2797 ἐτι

256 2834 364 2918 ἄπορος
386 2836 405 2918 ἡ
428 2835 486 2898 ἀπὸ
509 2841 559 2900 τοῦ
582 2834 742 2921 κατόπτρου
764 2837 835 2921 πρὸς
855 2837 889 2900 τδ
911 2836 1058 2920 ὁρώμενον
1088 2837 1243 2905 ἀνάκλασίς
1267 2859 1297 2898 τε
1320 2835 1369 2898 καί
1390 2833 1501 2905 ἔντασις

214 2953 241 2997 25
254 2942 305 3001 τοῦ
328 2935 423 3021 ἀέρος,
446 2939 487 3005 ώς
508 2938 671 3023 εἰρήκαμεν.
706 2944 769 3007 πῶς
790 2932 843 3023 γ’ἀρ
868 2939 941 3021 μετὰ
963 2939 1015 3022 τὴν
1037 2940 1137 3002 κλάσιν
1160 2936 1220 3002 οἶόν
1243 2961 1275 3000 τε
1296 2936 1338 3000 ἔτι
1359 2937 1411 3021 τἠν
1434 2939 1499 3002 ἐπέ·
1514 2954 1543 2997 4ο

256 3059 343 3124 ρεισιν
358 3039 499 3122 γίνεσθαι;
523 3038 566 3103 ἔτι
586 3041 614 3104 τί
632 3043 668 3124 δή
688 3063 758 3103 ποτε
780 3041 815 3103 τά
830 3041 975 3123 ἐγγυτάτω
996 3046 1049 3125 τῆς
1068 3041 1156 3124 κόρης
1179 3040 1235 3126 οὐχ
1256 3041 1384 3124 ύρῶμεν;
1408 3042 1501 3106 καίτοι

255 3139 328 3205 ἔδει·
352 3142 400 3205 καὶ
422 3141 476 3227 γάρ
498 3143 547 3206 καὶ
569 3145 587 3227 ἡ
611 3142 750 3228 έπέρεισις
772 3140 807 3206 δι’
835 3143 934 3226 θλίγου
957 3144 1006 3207 καὶ
1027 3144 1047 3227 ἡ
1070 3144 1196 3213 τύπωσις
1217 3142 1346 3226 ἐγγύθεν.

256 3382 347 3468 Πρὸς
368 3383 448 3454 τοὺς
477 3383 534 3448 διά
558 3389 619 3469 τῆς
645 3388 710 3448 τών
734 3385 889 3449 εἰδώλων
915 3385 1127 3469 ἐμπτώσεως
1152 3385 1189 3448 τδ
1218 3385 1301 3470 ῦράν
1331 3384 1501 3475 λέγοντας

552 3484 562 3498 ’
794 3487 962 3570 γίνεσθαι.

217 3673 244 3718 ου
342 3657 419 3742 Πρδς
439 3659 473 3721 δέ
487 3657 554 3726 τοῦς
575 3658 622 3721 διὰ
644 3663 701 3721 τῶν
723 3659 852 3722 εἰδώλων
875 3660 908 3723 τὸ
931 3658 1000 3743 δρᾶν
1016 3658 1149 3741 λέγοντας
1171 3660 1298 3742 γίνεσθαι
1317 3662 1500 3744 πρῶτονμὲν

256 3762 502 3845 προσαπορήσειεν
529 3759 564 3824 ἀν
585 3784 640 3840 τις,
673 3767 736 3831 πῶς
757 3760 810 3824 οῦκ
832 3761 1013 3824 ἀναλίσκεται
1041 3762 1185 3825 τοσούτων
1213 3761 1413 3848 ἀπορρεόντων
1435 3763 1501 3828 έκα·

256 3886 323 3928 στον
344 3869 401 3927 τῶν
425 3863 580 3949 δρωμένων
602 3863 732 3948 ταχέως,
754 3864 781 3926 εί
802 3864 835 3927 δέ
856 3863 965 3947 λέγοιεν
988 3864 1273 3950 ἀντιπροσκρίνεσθαι
1294 3864 1393 3934 αὐτοῖς
1415 3864 1501 3945 ἄλλα,
1515 3884 1542 3927 ιο

256 3965 316 4030 ἀλλ’
344 3965 393 4030 οῦν
423 3970 480 4029 τῶν
506 3964 705 4049 ἀπορρεόντων
732 3967 780 4030 καλ
808 3970 865 4029 τών
888 3967 1136 4051 προσκρινομένων
1164 3966 1217 4031 ούκ
1244 3965 1333 4030 ὄντων
1361 3968 1500 4052 ἀλλήλοις

256 4067 497 4155 όμοιοσχημόνων
524 4067 575 4151 (τὰ
604 4068 655 4152 μέν
682 4069 736 4154 γὰρ
764 4069 942 4153 ἀπορρέοντα
968 4068 1076 4133 εἴδωλα
1105 4072 1153 4133 καὶ
1178 4067 1376 4154 ύμοιόμορφα,
1405 4072 1442 4134 τά
1467 4074 1500 4136 δὲ

214 4188 241 4232 κο
254 4170 481 4256 προσκρινόμενα
507 4169 564 4256 ούχ
586 4172 678 4241 οῦτως
700 4172 914 4255 προσκρίνεται)
940 4171 994 4235 οῦκ
1015 4170 1075 4234 ἔδει
1100 4172 1136 4234 τὰ
1158 4172 1331 4256 ὑποκείμενα
1357 4174 1406 4236 καὶ
1427 4173 1500 4258 ὁρώ·

256 4297 328 4359 μενα
350 4274 572 4358 ὁμοιοσχήμονα
595 4273 703 4355 μένειν,
730 4273 804 4336 ἀλλὰ
834 4273 938 4338 ἀλλοτε
959 4275 1074 4339 ἀλλοῖον
1098 4273 1190 4359 ἴσχειν
1217 4279 1330 4359 σχῆμα.
1374 4273 1417 4338 ἔτι
1436 4281 1501 4345 πῶς

256 4380 396 4462 συνεχοῦς
424 4381 476 4459 τῆς
498 4376 654 4460 ἀπορροίας
681 4375 832 4461 γινομένης
853 4378 902 4440 καὶ
924 4381 1074 4462 πανταχοῦ
1102 4378 1150 4440 καλ
1178 4376 1362 4461 πανταχόθεν
1384 4376 1446 4441 οἷόν
1468 4402 1500 4441 τε

200 4547 360 4617 θγίνεταια
440 4546 532 4619 4γάρ]
552 4547 658 4602 cf.1nd.
746 4547 904 4602 6διύλουθ
991 4550 1092 4603 12-13
1110 4550 1237 4620 εἰσέχοντα
1255 4548 1409 4619 τοθναντίον]
1429 4570 1446 4602 α
1462 4550 1554 4605 τούναν

201 4637 230 4687 in
249 4635 324 4687 lit.v
450 4635 481 4687 16
509 4633 664 4706 ἐξελέγχετε
791 4637 821 4689 18
848 4636 884 4689 ίτι
902 4638 1027 4710 περὶτῶν
1045 4636 1078 4690 δι’
1098 4636 1271 4705 ἀνακλάσεως]
1291 4636 1323 4689 cf.
1346 4636 1438 4702 133‚12
1605 4678 1608 4683 ·

201 4722 233 4774 21
253 4720 382 4779 τύθέωςε
469 4722 502 4776 θῧ
521 4723 567 4794 τὴν
586 4728 644 4791 post
662 4722 697 4776 ἔτι
716 4740 800 4777 αισα
882 4725 915 4776 26
934 4724 958 4777 τί
976 4726 1150 4794 ταχυπόδων
1236 4724 1329 4795 δήποτε
1347 4726 1378 4777 τὰ
1396 4725 1442 4790 m',
1459 4724 1555 4794 δήποτε

200 4812 279 4862 ταῦτα
298 4809 380 4862 m¹V:
399 4808 492 4880 δήποτε
509 4810 574 4862 τάιι
649 4810 680 4863 27
700 4811 716 4881 ἡ
736 4816 795 4880 post
811 4812 857 4882 γὰρ
876 4813 919 4864 καὶ
938 4828 1022 4865 σακε
1093 4812 1125 4864 29
1144 4810 1253 4882 γίνεσθαι
1270 4826 1319 4865 om.
1334 4801 1354 4865 ἐ
1424 4811 1459 4866 33
1477 4813 1554 4884 ἀπορ-

201 4895 321 4969 ρεόντων]
340 4903 401 4950 ante
419 4915 433 4949 ν
450 4913 505 4949 una
523 4897 597 4950 litera
614 4914 687 4953 erasa
707 4901 728 4953 V
