3540 5610
690 327 894 384 κιυκιιιυιιι
913 328 958 384 nn
977 328 1085 384 ιυικι
1546 330 1565 396 3

260 502 278 566 ὑ
302 503 374 587 ῦλην
397 508 551 589 καλοῦμεν,
575 506 623 568 καὶ
645 505 679 568 ἐκ
699 510 752 589 τῆς
774 505 880 587 ταύτην
903 506 955 587 τὴν
979 504 1049 589 ὑλην
1073 505 1310 590 σχηματιζοὺσης
1332 526 1363 567 τε
1385 503 1434 567 καὶ
1457 502 1512 585 ὑρι-

263 607 370 689 ζοὺσης
393 608 518 691 φὺσεως,
542 608 577 691 ἢν
599 607 674 677 εἷῦος
697 608 886 691 ὀνομάζομεν.
925 606 968 669 ὅτι
991 606 1043 690 γὰρ
1067 610 1151 670 τοῦτο
1173 611 1273 670 τοῦτον
1296 604 1428 692 ἔχειτὸν
1451 604 1512 690 τρὺ-

262 732 329 779 πον,
352 716 454 793 σαφῶς
477 710 567 793 μαίθοι
594 733 636 779 τις
659 708 693 774 ἂν
716 710 827 773 ἀπιδὼν
855 712 927 794 πρὸς
949 709 984 772 τὰ
1006 707 1141 793 χινὺρενα
1167 710 1241 774 κατὰ
1262 709 1314 778 τὰς
1335 709 1449 794 τέχνας.
1495 706 1510 768 θ

265 810 320 894 γὰρ
344 809 379 873 υῖν
395 835 436 881 τις
458 812 565 875 τούτων
587 813 815 898 προχειρίσηται,
838 813 956 897 εὑρήσει
979 812 1011 875 τὸ
1032 811 1084 895 μὲν
1107 810 1178 895 ὑλην
1200 835 1232 875 τε
1254 814 1302 875 καὶ
1326 813 1512 895 ὑποκείμενον

230 913 293 974 ,τὲν
317 912 414 997 αὑτῷ,
441 915 473 976 τὸ
503 915 535 977 δὲ
561 915 650 986 εἶδος,
679 916 865 998 ὑποκείμενον
893 915 944 996 μὲν
970 913 1018 976 τὸν
1046 913 1155 998 χαλκὸν
1187 913 1206 997 ἦ
1229 915 1311 977 λίθον
1339 915 1358 999 ἦ
1384 915 1464 985 Εὑλον
1492 913 1511 995 ἣ

262 1017 352 1098 κηρὺν
375 1017 394 1098 ἦ
418 1016 460 1078 ὅτι
484 1016 523 1089 ἂν,
541 1014 564 1100 ᾖ
585 1019 618 1081 τὸ
648 1016 898 1103 σχηματιζόμενον
926 1015 999 1080 κατὰ
1025 1016 1076 1098 τὴν
1098 1014 1218 1101 τέχνην,
1246 1017 1321 1087 εἶδος
1346 1018 1378 1080 δὲ
1400 998 1434 1080 τὺ
1456 1016 1511 1078 ὑπὸ
1526 1032 1553 1072 θ’»

264 1122 316 1180 τοῦ
339 1120 469 1202 τεχνίτου
500 1119 648 1201 χινὺμενον
674 1120 704 1185 ἐν
726 1119 817 1204 αὐτῷ.
862 1123 913 1182 τοῦ
934 1120 989 1204 γὰρ
1015 1119 1180 1203 ἀνδριάντος
1207 1119 1261 1201 ὑλη
1285 1121 1336 1202 μὲν
1364 1121 1380 1183 ὑ
1402 1120 1512 1205 χαλκὸς

263 1220 284 1301 ἦ
307 1221 398 1294 λίθος,
422 1223 447 1284 εἰ
469 1219 501 1285 ἔκ
517 1246 592 1291 τινος
613 1223 721 1286 τοὺτων
745 1223 760 1284 ὑ
781 1221 897 1305 ἀνῦριὰς
918 1220 976 1305 εἴη,
999 1220 1074 1289 εἶδος
1096 1222 1128 1284 δὲ
1150 1222 1183 1284 τὸ
1203 1221 1314 1286 τυιὺνῦε
1338 1228 1441 1306 σχῆμα
1464 1222 1512 1285 καί

262 1324 281 1403 ἡ
310 1324 407 1386 τοιαῦτ
435 1326 548 1409 μορφή,
583 1325 601 1387 ὑ
626 1327 701 1389 ἐστιν
735 1327 768 1388 τὸ
795 1325 868 1388 κατὰ
896 1325 947 1407 τὴν
974 1323 1079 1409 τέχνην
1114 1322 1261 1407 χινὺμενον
1289 1325 1336 1388 καὶ
1364 1326 1383 1408 ἡ
1411 1324 1510 1408 τέχνη.

221 1440 249 1482 ιυ
263 1424 352 1510 τέχνη
376 1425 429 1508 γὰρ
452 1430 509 1489 πᾶν
532 1429 565 1490 τὸ
588 1427 662 1490 κατὰ
683 1429 735 1510 τὴν
759 1425 864 1511 τέχνην
887 1427 916 1489 ἐν
945 1432 981 1510 τῇ
1006 1426 1182 1510 ὑποκειμένῃ
1206 1427 1262 1510 ὑλη
1285 1425 1431 1510 γινόμενον
1454 1428 1510 1488 ὑπὸ

262 1533 313 1591 τοῦ
335 1529 388 1610 τὴν
410 1528 516 1613 τέχνην
539 1527 673 1614 ἔχοντος,
702 1529 757 1613 ὑλη
781 1530 813 1593 ὑὲ
835 1534 887 1613 τῆς
909 1529 1014 1614 τέχνης
1040 1530 1073 1592 τὸ
1096 1534 1183 1611 σῶμα
1211 1530 1244 1593 τὸ
1271 1530 1398 1614 πεφυκὸς
1420 1528 1511 1611 αὑτὴν

263 1631 405 1716 δέχεσθαι
427 1631 481 1694 οὑκ
503 1630 572 1716 ἔχον
601 1633 631 1695 ἐν
657 1636 702 1717 τῷ
726 1632 824 1717 οἰκείῳ
850 1632 929 1714 λὺηιρ
956 1633 989 1695 τὸ
1018 1630 1164 1715 γινόμενον
1193 1633 1249 1695 ὑπὸ
1276 1638 1329 1716 τῆς
1354 1632 1459 1716 τέχνης
1482 1631 1511 1694 ἐν

261 1733 354 1819 αὑτῷ.
401 1738 441 1802 ιὺς
464 1735 496 1797 δὲ
517 1740 575 1797 τῶν
597 1734 672 1798 κατὰ
693 1734 798 1819 τέχνην
827 1731 916 1796 ὄντων
939 1758 970 1796 τε
993 1736 1040 1798 καὶ
1063 1738 1252 1799 συνεστώτων
1280 1735 1425 1818 σωμοίτων
1448 1733 1512 1797 ἕκα·
1525 1751 1553 1793 4ο

261 1858 330 1900 στον
345 1834 410 1921 ἔχει
424 1838 457 1899 τὸ
473 1836 576 1912 ῦιττὺν,
599 1838 693 1907 οὑτως
716 1837 748 1899 ῦὲ
769 1834 833 1922 ἔχει
855 1837 929 1900 πολὺ
952 1838 1090 1922 πρότερον
1114 1839 1161 1902 ἐπὶ
1177 1845 1234 1902 τῶν
1257 1842 1387 1923 φυσικῶν
1409 1861 1440 1900 τε
1463 1840 1510 1901 καὶ

218 1956 246 1999 15
260 1940 345 2023 φύσει
370 1943 568 2003 συνεστώτων.
613 1940 709 2024 ἡγὰρ
732 1939 821 2025 τέχνη
851 1945 978 2023 μιμεῖται
1010 1941 1185 2024 τὴνφύσιν,
1212 1938 1271 2003 ἀλλ’
1300 1939 1356 2024 οὑχ
1384 1938 1511 2023 ᾓφὺσις

261 2045 314 2126 τὴν
337 2042 456 2127 τέχνην·
480 2044 528 2105 καὶ
552 2041 628 2105 ἔστιν
652 2045 767 2127 ἑκάστῳ
789 2049 847 2105 τῶν
867 2050 997 2128 φυσικῶν
1020 2046 1164 2128 σωμάτων
1188 2045 1220 2107 τὸ
1245 2044 1297 2127 μὲν
1319 2040 1507 2124 ὑποκείμενόν

261 2170 292 2208 τε
322 2148 368 2208 καὶ
392 2147 463 2228 ὑλη,
491 2147 523 2208 τὺ
551 2145 576 2209 δ’
604 2145 680 2214 εἷῦος
706 2147 736 2209 ἐν
759 2146 847 2229 αὐτῇ.
892 2151 942 2209 τοῦ
970 2147 1024 2232 γὰρ
1046 2151 1160 2232 χαλκοῦ
1189 2147 1243 2229 ὑλη
1266 2146 1317 2227 μὲν
1345 2145 1422 2229 ὑῦωρ
1446 2145 1465 2229 ἢ
1489 2146 1508 2228 ἡ

261 2251 430 2332 αἰτμιῦώῦης
454 2249 656 2332 ἀναθυμίασις,
679 2248 752 2332 εἴγε
775 2250 868 2311 πάντα
890 2249 926 2312 τὰ
949 2249 1040 2334 τηκτὰ
1062 2255 1119 2313 τῶν
1143 2252 1344 2333 μεταλλευτῶν
1368 2249 1400 2311 τὸ
1424 2248 1508 2330 ὑγρὸν

261 2351 333 2434 ὑλην
356 2350 429 2436 ἔχει,
445 2351 530 2447 'elice
552 2352 584 2414 ὑὲ
606 2353 625 2435 ἡ
648 2353 745 2415 τοιοίδε
767 2356 818 2414 τοῦ
839 2354 925 2437 ὑγροῦ
949 2353 1084 2420 σὺστασίς
1106 2375 1137 2415 τε
1160 2353 1208 2416 καὶ
1231 2351 1328 2435 πῆξις·
1353 2354 1400 2415 καὶ
1424 2350 1510 2426 ἔστιν,

214 2470 246 2514 eo
260 2455 362 2536 ὥσπερ
384 2454 417 2517 τῦ
439 2455 513 2517 κατὰ
539 2454 645 2539 τέχνην
668 2452 698 2516 ’ἔν
722 2478 774 2517 τινι
798 2453 801 2539 Ι
825 2454 972 2537 -μνὺμενον
999 2454 1076 2525 εἶδος
1098 2457 1117 2539 ἡ
1141 2456 1246 2540 τέχνη,
1278 2455 1370 2523 οὑτως
1392 2456 1440 2518 καὶ
1462 2453 1492 2516 ἐν
1512 2471 1565 2514 τιον

259 2562 322 2626 τοῖς
344 2557 429 2641 φὺσει
451 2561 627 2620 συνεστῶσιν
650 2557 681 2619 th
698 2557 790 2626 οὑτως
813 2556 959 2641 γινόμενον
980 2557 1056 2628 εἶδος
1072 2560 1091 2641 η
1107 2558 1200 2642 φὺσις.
1238 2555 1327 2641 υὺσης
1350 2559 1382 2620 ῦὲ
1405 2558 1511 2628 ἐντοῖς

260 2665 396 2745 φυσικοῖς
412 2663 544 2741 σώμασιν
560 2661 698 2743 διαφορᾶς
720 2659 838 2744 (τὰμὲν
860 2662 914 2746 γὰρ
937 2661 1032 2724 αὑτῶν
1053 2661 1128 2725 ἐστιν
1144 2661 1234 2736 ἁπλᾶ,
1255 2660 1292 2723 τὰ
1311 2661 1343 2723 δὲ
1358 2660 1508 2746 σύνθετα),

259 2765 279 2846 ᾖ
305 2763 358 2846 μὲν
380 2769 437 2824 τῶν
460 2762 608 2827 συνθέτων
632 2763 776 2845 σωμάτων
806 2764 860 2846 ὑλη
883 2764 930 2827 καὶ
956 2765 989 2826 τὸ
1014 2764 1123 2833 τοὺτοις
1151 2764 1339 2847 ὑποκείμενον
1366 2765 1415 2827 καὶ
1437 2763 1508 2828 αὑτὸ

259 2866 384 2950 φυσικὸν
413 2871 499 2947 σῶμα
526 2865 556 2934 ἐξ
585 2865 654 2947 ὑλης
679 2888 711 2927 τε
738 2866 785 2928 καί
812 2865 906 2936 εῖῦους
928 2867 1004 2930 ἐστίν
1031 2865 1104 2949 (πᾶν
1131 2866 1185 2950 γὰρ
1214 2867 1334 2950 φυσικὸν
1362 2872 1449 2952 σῶμα
1476 2867 1510 2930 ἐκ

214 2986 246 3029 25
260 2970 373 3032 τούτων
390 2968 553 3049 σύνθετον),
576 2968 612 3031 τὰ
634 2968 667 3030 ὑὲ
688 2969 766 3031 ἁπλοῖ
789 2971 913 3052 σώματα
935 2966 1030 3032 οὐκέτ’
1061 2966 1125 3053 ἔχει
1147 2969 1180 3031 τὸ
1203 2968 1390 3051 ὑποκείμενον
1412 2969 1510 3039 αὐτοῖς
1537 2986 1551 3027 ο

259 3073 410 3137 σὺνθετον.
455 3068 491 3153 ἦν
514 3070 567 3154 γὰρ
596 3069 630 3133 ἂν
653 3071 701 3133 καὶ
728 3069 799 3133 αὑτὸ
822 3070 969 3135 σὺνθετον.
1014 3072 1094 3134 εἰδὲ
1117 3071 1157 3154 μὴ
1182 3071 1318 3135 σὺνθετον
1345 3073 1377 3135 τὸ
1400 3073 1510 3143 τοὺτοις

262 3174 464 3255 ὑποκείμενον,
486 3173 554 3235 οὑῦὲ
577 3179 673 3254 σῶμα,
697 3173 725 3235 εἴ
738 3196 772 3256 γε
793 3176 851 3236 πᾶν
873 3179 961 3257 σῶμα
983 3172 1017 3237 ἔκ
1039 3154 1162 3257 τεῦλης
1184 3175 1231 3236 καὶ
1252 3173 1346 3244 εῖῦους
1361 3174 1508 3238 σὺνθετον.

262 3276 347 3341 ἔσται
368 3277 405 3359 δὴ
429 3276 471 3355 τὸ,
484 3281 542 3345 τοῖς
565 3276 668 3344 ἁπλοῖς
691 3278 822 3358 σώμασιν
839 3276 1027 3361 ὑποκείμενον
1049 3277 1097 3339 καὶ
1119 3300 1137 3358 η
1160 3276 1268 3339 τοὺτων
1292 3277 1345 3361 ὑλη
1367 3277 1445 3361 ἁπλῆ
1469 3301 1511 3345 τις

202 3501 275 3550 3-4
296 3496 540 3569 ὑ-προχτιρίσηται]
560 3514 587 3549 οι·
605 3513 664 3565 meg
682 3497 724 3549 die
737 3497 906 3565 Speculalien
925 3499 1024 3552 richten
1042 3500 1089 3551 aul
1105 3499 1212 3552 welches
1231 3500 1322 3553 immet
1426 3499 1442 3551 5
1462 3498 1563 3553 ὑποκεί·

202 3604 281 3655 μενον
301 3586 345 3652 μὲν
365 3601 414 3637 em.
546 3583 656 3653 χαλκὸν]
680 3584 778 3652 liupfcr
909 3583 991 3655 λίθον]
1015 3601 1065 3638 em.
1086 3586 1104 3638 P
1237 3587 1253 3637 7
1280 3586 1306 3638 ἐν
1324 3584 1407 3656 αὑτῷ]
1431 3587 1459 3639 ἰιι
1475 3587 1562 3656 jenem

203 3674 293 3742 [linge
416 3677 461 3723 τοῦ
480 3673 525 3743 γὰρ
544 3669 706 3747 ἀνδριάντιςχ
720 3686 777 3722 zum
798 3671 911 3739 lleispiel
934 3673 1004 3726 dieee
1022 3674 1116 3743 ligur,
1144 3674 1237 3726 welche
1260 3675 1326 3727 nach
1350 3675 1395 3726 der
1412 3673 1563 3743 Schhpiung

202 3761 250 3812 σου
270 3760 408 3812 hlenschcn
428 3760 547 3827 gemacht
566 3759 628 3811 wird
753 3759 768 3807 w
796 3759 839 3809 καὶ
857 3759 873 3827 ἡ
892 3760 982 3832 τέχνη]
1006 3761 1052 3813 das
1074 3763 1109 3813 ist
1127 3762 1169 3814 die
1189 3759 1289 3813 Geslalt
1313 3759 1345 3828 [P
1364 3761 1449 3812 addit:
1468 3761 1563 3814 welche

127 3844 130 3849 ’
203 3850 239 3900 im
261 3848 422 3901 Arabischen
441 3845 516 3897 Fewn
537 3851 650 3912 genennt
671 3843 745 3913 wird]
851 3846 880 3898 14
903 3845 967 3898 πολὺ
985 3847 1116 3918 πρότερον]
1136 3848 1261 3916 peculiari
1280 3848 1415 3900 enuntiato
1434 3848 1562 3916 explicat:

199 3935 299 4003 jedech
317 3935 377 3986 sind
396 3935 466 3985 diese
485 3934 634 4001 geeigneler
649 3933 728 4002 jenen
748 3933 823 3984 datin
841 3936 1037 4003 voranzugehcn
1139 3935 1173 3988 20
1191 3933 1275 4004 ὥσπερ
1292 3933 1422 3992 τὸ-ιῖδος
1438 3935 1454 4004 ἡ
1472 3935 1561 4008 τέχνη]

201 4022 285 4074 ιιοιιίε
302 4020 345 4074 die
363 4019 570 4073 Benchnhenheit
588 4020 761 4086 (henschen),
780 4020 826 4071 das
845 4021 881 4072 ist
899 4020 940 4074 die
959 4021 1044 4087 Form,
1064 4023 1157 4075 welche
1178 4038 1211 4074 nn
1231 4023 1315 4074 einem
1336 4022 1420 4090 Dinge
1439 4023 1562 4087 enlslehl,

202 4109 247 4161 ‹lie
265 4108 355 4160 Knnst
372 4107 408 4159 ist
530 4105 563 4157 26
590 4105 621 4175 ἦν
639 4105 859 4176 χάρ-σὺνθιτον]
885 4109 954 4160 denn
982 4125 1056 4163 wenn
1079 4127 1106 4162 er
1129 4106 1186 4177 [der
1204 4109 1313 4177 Thiger,
1336 4109 1365 4160 τὸ
1387 4107 1561 4178 ὑποκείμενον]

203 4200 457 4263 zusammengesetzt
476 4197 554 4257 wire,
578 4198 680 4246 wiren
696 4194 770 4263 jene
788 4195 914 4248 ebenfells
931 4200 1180 4265 zusammengesetzt
1304 4195 1425 4261 28-4,3
1454 4195 1521 4266 ἁπλῆ
1536 4226 1558 4235 -

203 4278 358 4352 στερήσεως]
386 4282 444 4333 eine
467 4280 585 4333 einleche
608 4279 691 4332 Netur
717 4280 762 4333 der
785 4281 861 4335 θοντο
889 4283 1024 4336 entbhisst.
1065 4284 1117 4336 Des
1141 4283 1253 4348 Wesen,
1280 4283 1388 4336 welches
1413 4284 1489 4336 hcine
1513 4285 1561 4336 Be

201 4368 389 4433 echalienheit‚
416 4368 491 4420 hcine
510 4367 585 4419 Form
608 4367 662 4419 und
681 4366 782 4420 Gestelt
805 4369 834 4420 in
858 4371 943 4423 seiner
966 4371 1076 4439 eigenen
1095 4370 1247 4423 Wesenheit
1268 4370 1327 4434 het,
1351 4371 1425 4436 wird,
1453 4371 1507 4423 weil
1533 4387 1561 4424 ee

202 4456 279 4509 nicht
304 4455 363 4507 eine
382 4455 457 4507 Form
476 4456 504 4506 in
524 4454 578 4506 sich
599 4454 678 4533 selhst
697 4454 754 4520 het,
777 4456 882 4510 deshalb
901 4457 981 4525 Hyle
1005 4463 1138 4526 genennt,
1161 4458 1215 4510 und
1239 4473 1291 4510 was
1314 4473 1347 4510 en
1371 4458 1424 4510 ihm
1447 4474 1498 4511 neu
1518 4474 1562 4525 ge·

202 4661 381 4731 eatqoin
399 4662 437 4714 lit.
459 4663 480 4713 θ’
590 4660 690 4730 ἔχιινυ
800 4662 1189 4732 3μάθοι]υειοίυ1ἰι.θ
1302 4663 1444 4733 ῦῆτὸο

200 4748 365 4809 Sillim
467 4748 530 4800 θτὺ
549 4764 633 4800 om.a
741 4749 773 4801 10
791 4739 873 4819 ὑληο
981 4749 1011 4802 16
1030 4750 1165 4803 ίκάστωυ
1273 4750 1305 4802 18
1322 4749 1504 4820 μεταλατῶνυ

205 4842 236 4890 ltl
256 4836 341 4890 τοιᾶὺι
360 4842 412 4887 τῶν
431 4835 546 4907 ὑηρῶνυ
636 4833 783 4904 σὺσταγίτυ
871 4837 901 4888 'll
923 4851 1072 4890 συνιστωσιν
1094 4837 1126 4887 V:
1146 4843 1314 4890 hiezechiele
1402 4837 1434 4889 26
1452 4838 1561 4890 fortasse

201 4926 245 4976 καὶ
264 4923 330 4976 αὑτὰ
349 4922 456 4975 σὺνθττα
475 4924 506 4976 cl.
525 4926 574 4976 int.
593 4923 664 4974 hebr.
