3540 5610
214 295 276 358 124
486 293 651 364 [ΑΠθΡΙΩΝ
671 293 731 349 ΚΑΙ
751 292 883 350 ΑΙἚΕΩΝ
902 291 1044 349 ΒΙΒΑΙΟΝ
1064 290 1248 348 ΤΕΤΑΡΤΟΝ
1268 292 1296 363 5]

269 622 305 684 V.
348 622 493 709 Ἀπορία
521 624 573 687 δτι
600 627 618 708 ἡ
642 626 740 708 κοινὴ
768 623 877 706 ἡδονὴ
904 625 924 706 ἡ
952 626 997 691 ῶς
1023 621 1121 704 γένος
1147 620 1397 707 λαμβανομένη
1426 615 1497 684 οὔτ’
1525 624 1576 682 2δῖ

497 727 630 809 ἀγαθόν
653 726 745 790 ἐστιν
768 724 847 789 ούτε
869 725 976 788 κατιδν
999 721 1070 786 οὔτ’
1100 725 1298 808 ἀδιάφορον.

356 894 392 960 Εἰ
415 900 434 980 ἡ
457 899 538 980 κοινὴ
562 898 653 981 ἡδονὴ
681 899 700 979 ἡ
725 900 765 965 ῶς
790 895 873 978 γένος
894 893 1098 980 λαμβανομένη
1127 893 1186 957 οὔτ’
1214 894 1325 976 ἀγαθόν
1352 893 1429 957 ἐστιν
1455 889 1522 955 ούτε
1550 907 1565 950 ὅ

274 998 377 1065 κακόν.
406 999 477 1063 διότι
506 1002 525 1082 ἡ
550 1001 601 1084 μέν
627 999 738 1081 ἀγαθόν
761 999 836 1062 ἐστιν
864 997 955 1081 αὐτῆς
980 999 999 1080 ἡ
1028 999 1060 1060 δέ
1086 997 1174 1060 κακόν
1201 997 1248 1078 (τδ
1270 995 1325 1080 γάρ
1351 996 1446 1060 κοινδν
1468 994 1522 1058 ούιι

230 1118 245 1166 5
267 1097 343 1162 ἔστιν
367 1102 397 1164 έν
421 1126 447 1164 τι
463 1108 520 1165 τῶν
544 1102 600 1164 ύπδ
623 1102 656 1165 τὸ
676 1101 795 1183 κοινόν),
818 1099 880 1163 οὐδ’
901 1101 1058 1183 ἀδιάφορος
1081 1096 1171 1175 ἔσται,
1194 1098 1225 1161 εί
1242 1098 1275 1180 γέ
1297 1099 1357 1161 εἰσί
1375 1121 1451 1167 τινες
1472 1097 1520 1161 καὶ

265 1203 367 1284 ἡδοναὶ
390 1204 552 1287 ἀδιάφοροι,
576 1205 675 1283 ῶσπερ
691 1204 739 1266 καὶ
762 1205 791 1265 αί
815 1204 867 1284 μὲν
890 1201 1007 1284 ἀγαθαί,
1030 1202 1061 1264 αἱ
1076 1201 1109 1264 δέ
1125 1201 1285 1286 μοχθηραί.
1328 1205 1417 1264 ταῦτα
1437 1199 1465 1262 δ’
1485 1198 1520 1262 ἄν

266 1328 308 1373 τις
336 1308 486 1389 ζητήσειεν
513 1307 561 1368 καὶ
584 1306 631 1367 ἐπὶ
661 1311 718 1367 τῶν
747 1305 910 1387 ἐνεργειῶν,
939 1305 979 1366 ῶν
1007 1303 1075 1385 τέλη
1103 1326 1165 1371 ποις
1192 1304 1221 1366 αἱ
1249 1301 1365 1385 ἡδοναί,
1398 1303 1442 1365 διδ
1470 1301 1518 1365 καὶ
1534 1314 1563 1356 ¹⁰

269 1408 495 1490 συνδιαιροϋνται
519 1409 628 1477 αὑταῖς.
673 1408 699 1469 εἰ
722 1408 775 1490 γὰρ
798 1412 856 1469 τῶν
879 1407 1028 1489 ἐνεργειῶν
1056 1406 1085 1468 αἱ
1109 1405 1161 1488 μέν
1191 1406 1262 1468 εἰσιν
1285 1405 1406 1487 ἀγαθαί,
1434 1405 1465 1466 αί
1487 1403 1521 1466 δὲ

270 1511 433 1593 μοχθηροί,
462 1512 490 1572 αί
515 1511 546 1572 δέ
569 1510 736 1593 ἀδιάφοροι,
765 1510 784 1590 η
808 1508 889 1591 κοινὴ
916 1509 964 1571 καὶ
990 1511 1032 1576 ιὺς
1052 1507 1133 1590 γένος
1161 1507 1290 1591 ἐνέργεια
1312 1504 1520 1591 λαμβανομένη

218 1630 249 1677 10
269 1610 331 1673 οὔτ’
364 1613 475 1694 ἀγαθὸν
506 1611 573 1674 ούτε
603 1612 691 1674 κακὸν
721 1609 781 1674 οὔτ’
815 1611 971 1694 ἀδιάφορον
1003 1608 1095 1673 ἔσται.
1144 1609 1219 1672 ἀλλά
1248 1609 1305 1692 μὴν
1337 1612 1393 1672 πᾶν
1423 1609 1458 1672 τδ
1488 1606 1521 1670 δν
1537 1620 1564 1664 ιο

268 1713 423 1794 ἀναγκαῖον
446 1714 592 1796 ῆάγαθδν
616 1739 634 1795 η
652 1715 741 1777 κακδν
764 1713 956 1796 ῆάδιάφορον
979 1711 1060 1775 εἶναι.
1099 1712 1191 1795 ἧπᾶν
1213 1712 1246 1775 τὸ
1269 1711 1301 1775 δν
1317 1711 1347 1774 ἐν
1363 1710 1521 1774 ὑποστάσει

267 1817 315 1878 καί
338 1817 369 1879 τδ
391 1815 462 1879 εἶναι
485 1813 553 1879 καθ’
575 1817 645 1878 αύτδ
669 1817 840 1897 δυνάμενον·
864 1815 890 1876 εί
912 1813 945 1877 δέ
967 1837 993 1876 τι
1008 1815 1102 1876 κοινὸν
1125 1811 1181 1898 εἴη,
1205 1813 1254 1897 ὑφ’
1275 1813 1291 1876 δ
1314 1818 1404 1877 ταῦτα
1425 1815 1521 1875 πάντα

266 1918 359 1991 ἐστίν,
387 1920 479 1981 ἐκεῖνο
507 1917 603 1982 οὐκέτι
633 1916 693 1980 οἶόν
724 1940 755 1980 τε
781 1916 891 1979 τούτων
918 1939 944 1978 τι
967 1915 1039 1978 εἶναι
1061 1919 1106 2000 τιγῖ
1133 1917 1226 1978 πάντα
1251 1912 1331 2000 ἔχειν
1358 1912 1408 1999 ὑφ’
1435 1911 1519 1976 αὑτό.
1534 1929 1565 1972 ειν

263 2019 331 2083 οὐδὲ
361 2021 415 2104 γάρ
438 2022 501 2084 ἐπεὶ
530 2025 586 2083 πᾶν
611 2024 688 2103 ζῷον
717 2019 750 2081 τδ
776 2018 807 2080 ἐν
835 2018 992 2081 ὑποστάσει
1019 2017 1051 2081 δν
1074 2017 1093 2100 ἦ
1117 2019 1231 2099 λογικόν
1257 2016 1334 2081 ἐστιν
1362 2015 1521 2100 ἧᾶλογον,

215 2141 244 2189 15
266 2123 313 2185 διὰ
337 2128 421 2186 τοῦτο
444 2124 548 2185 καὶτὸ
572 2124 665 2184 κοινδν
694 2122 726 2185 τδ
755 2125 795 2189 ῶς
817 2121 897 2203 γένος
924 2120 996 2184 κατὰ
1023 2126 1081 2182 τῶν
1109 2121 1138 2182 ἐν
1165 2120 1322 2183 ὑποστάσει
1343 2117 1519 2202 κατηγορού·

264 2247 347 2306 μενον
371 2226 400 2288 ἐν
417 2225 533 2308 θατέρῳ
557 2225 667 2287 τούτων
684 2224 753 2287 ἐστί.
789 2222 856 2285 ούτε
879 2221 928 2285 οὑν
952 2224 1068 2306 ηκοινὴ
1091 2223 1182 2308 ἡδονὴ
1208 2221 1274 2285 ούτε
1296 2224 1414 2305 ἡκοινὴ
1438 2220 1517 2304 ἐέρ-

261 2349 324 2407 γεια
353 2325 466 2390 ἔσονται
495 2328 514 2409 ἢ
543 2327 640 2408 ἀγαθά
668 2327 687 2408 ἢ
715 2326 790 2388 κακά
818 2327 836 2407 ἢ
866 2326 1027 2410 ἀδιάφορα,
1056 2327 1152 2409 πάσης
1181 2323 1185 2405 ί
1213 2326 1321 2408 ἡδονῆς
1347 2326 1394 2387 καὶ
1422 2326 1562 2406 πάσηςοε

261 2427 404 2510 ἐνεργείας
427 2434 479 2511 τῆς
506 2430 536 2491 ἐν
560 2429 718 2492 ὑποστάσει
744 2428 852 2491 τούτων
876 2452 902 2491 τι
924 2428 1061 2512 ἐχούσης.
1106 2428 1170 2490 ἐπεὶ
1192 2427 1225 2490 δέ
1251 2427 1282 2489 αἱ
1308 2428 1410 2509 ἡδοναὶ
1432 2429 1497 2495 ταῖς
1519 2433 1573 2490 238

260 2529 423 2613 ἐνεργείαις,
447 2531 495 2615 ἐφ’
517 2531 562 2601 αἷς
585 2533 718 2615 γίνονται,
742 2534 977 2616 σονδιαιροὺνται,
1001 2532 1049 2592 καὶ
1072 2530 1102 2593 αἱ
1126 2530 1177 2612 μὲν
1199 2528 1397 2610 ἐπιγινόμεναί
1417 2530 1520 2592 τεκαὶ

207 2650 241 2698 20
260 2631 400 2714 ἑπόμεναι
423 2638 485 2702 ταῖς
509 2634 631 2714 ἀγαθαῖς
655 2634 810 2716 ἐνεργείαις
833 2633 950 2714 ἀγαθαί,
974 2635 1003 2695 αἱ
1027 2633 1059 2695 δέ
1081 2637 1143 2701 ταῖς
1165 2631 1332 2715 μοχθηραῖς
1355 2633 1520 2718 μοχθηροί,
1548 2650 1563 2692 ὅ

261 2736 414 2818 ἀδιάφοροι
436 2737 468 2798 δὲ
491 2738 520 2798 αἱ
544 2740 606 2804 ταῖς
629 2737 811 2819 ἀδιαφόροις,
839 2735 1011 2817 ἐπιζητῆσαι
1033 2758 1073 2804 τις
1098 2733 1141 2811 ἀν,
1165 2740 1228 2803 πῶς
1250 2734 1311 2818 χρὴ
1334 2734 1400 2818 περὶ
1423 2733 1519 2818 λύπης

261 2835 368 2917 λέγειν,
396 2837 497 2920 ἐπειδὴ
521 2838 594 2921 αύτη
617 2840 731 2901 ἐναντία
753 2843 791 2921 τῇ
816 2839 920 2920 ἡδονῇ.
965 2838 991 2900 εί
1013 2838 1068 2921 γὰρ
1090 2838 1139 2900 καὶ
1161 2837 1266 2919 ταύτην
1290 2835 1368 2918 λέγοι
1389 2858 1432 2905 τις
1455 2856 1519 2898 σον·

261 2939 434 3021 διαιρεῖσθαι
456 2944 518 3008 ταῖς
541 2940 704 3023 ἐνεργείαις,
728 2939 776 3024 ἐφ’
798 2942 844 3009 αἷς
866 2940 983 3023 γίνεται,
1006 2945 1120 3025 πρῶτον
1145 2940 1197 3022 μὲν
1219 2938 1282 3001 τίνα
1304 2937 1411 3025 τρόπον
1435 2940 1455 3021 ἡ·
1479 2941 1519 3002 δι·
1534 2954 1562 2996 ια

260 3039 368 3122 αίρεσις
389 3038 483 3122 ἔσται;
507 3043 627 3126 πότερον
650 3043 700 3111 τάς
724 3044 775 3125 μὲν
799 3043 847 3104 ἐπὶ
871 3048 932 3109 ταῖς
948 3044 1072 3123 ἀγαθαῖς
1095 3040 1249 3126 ἐνεργείαις
1270 3040 1423 3125 γινομένας
1437 3040 1520 3124 ἐροῦ·

209 3161 241 3208 95
262 3164 313 3225 ρεν
336 3145 437 3217 κακάς,
460 3144 511 3213 τὰς
534 3146 565 3207 δὲ
591 3145 638 3207 ἐπὶ
654 3150 715 3213 ταῖς
739 3146 906 3228 μοχθηροῖς
922 3145 1043 3226 ἀγαθάς,
1067 3144 1118 3213 τάς
1141 3144 1174 3206 δέ
1195 3143 1243 3207 ἐπὶ
1266 3146 1328 3211 ταῖς
1347 3142 1519 3227 ἀδιαφόροις

258 3245 450 3328 ἀδιαφόροος;
487 3246 505 3328 ἢ
537 3245 644 3309 ἀτοπον
677 3250 709 3310 τδ
742 3248 833 3328 λέγειν
866 3245 922 3330 (ἐν)
953 3247 1057 3332 ἀγαθῷ
1085 3245 1157 3309 εἶναι
1186 3245 1220 3308 τδ
1253 3244 1434 3329 λυπούμενον
1468 3244 1519 3306 ἐπὶ

259 3352 320 3415 ταῖς
345 3349 511 3432 μοχθηροῖς
534 3349 699 3433 ἐνεργείαις,
723 3351 756 3418 ἃς
779 3349 902 3432 ἐνεργεῖ;
926 3348 956 3410 ἐν
979 3353 1062 3433 κακῷ
1085 3349 1139 3430 γὰρ
1162 3349 1178 3410 δ
1202 3352 1340 3416 τοιοῦτος.
1376 3353 1439 3416 πῶς
1460 3347 1518 3431 γὰρ
1532 3361 1559 3404 1⁵

258 3447 312 3511 οὑκ
334 3450 364 3512 ἐν
388 3454 471 3533 κακιγῖ
495 3451 510 3512 δ
534 3451 564 3512 ἐν
586 3451 729 3520 τοιαύταις
756 3451 910 3535 ἐνεργείαις
933 3451 987 3530 ῶν;
1020 3448 1120 3513 ἔπειτα
1148 3453 1166 3534 ἡ
1191 3450 1243 3533 μέν
1266 3451 1358 3534 ἡδονὴ
1384 3447 1518 3532 εὐλόγως

258 3548 351 3612 ἐδόκει
376 3553 605 3636 σονδιαιρεῖσθαι
633 3557 694 3621 ταῖς
716 3555 771 3636 πρδ
795 3552 885 3635 αὐτῆς
908 3552 1062 3636 ἐνεργείαις
1089 3549 1168 3635 (κατ’
1196 3551 1361 3636 οἰκειότητα
1383 3551 1440 3636 γάρ
1463 3554 1519 3635 τὴν

205 3669 239 3718 3ο
259 3655 331 3735 πρὸς
353 3653 443 3722 αύτάς
466 3655 573 3737 ἐγίνετο
596 3657 644 3717 καὶ
668 3659 708 3722 ῶς
731 3655 813 3723 τέλος
836 3679 860 3717 τι
884 3654 919 3737 ἦν
942 3654 1069 3738 αὐτῶν),
1092 3679 1111 3738 η
1136 3656 1168 3718 δὲ
1190 3654 1267 3739 λύπη
1291 3652 1517 3739 ἀλλοτριότητύς
1531 3671 1560 3712 w

258 3756 317 3817 ἐστι
341 3763 463 3840 σημεῖον
486 3764 546 3827 τοῖς
569 3756 615 3842 ἐφ’
644 3757 686 3826 οἷς
708 3759 825 3839 γίνεται.
872 3758 891 3840 ἡ
914 3755 1033 3839 εύλογον
1057 3755 1093 3819 δι’
1121 3756 1193 3819 αύτδ
1216 3758 1267 3840 τὴν
1291 3756 1339 3819 ἐπὶ
1362 3760 1425 3826 ταῖς
1447 3756 1518 3839 ἀγα·

258 3858 324 3925 θαῐς
347 3860 502 3943 ἐνεργείαις
528 3859 679 3942 γινομένην
707 3859 781 3922 εἶναι
808 3863 915 3942 κακήν,
945 3859 1017 3922 διότι
1044 3860 1182 3943 ἀλλοτρία
1208 3858 1269 3921 ἐστὶ
1296 3865 1354 3922 τῶν
1381 3859 1518 3941 ἀγαθῶν,

258 3960 305 4021 καὶ
329 3962 376 4022 διά
398 3967 486 4024 ταῦτα
511 3963 562 4043 τὴν
587 3964 633 4025 ἐπὶ
657 3968 717 4031 ταῖς
740 3967 841 4031 κακαῖς
861 3963 987 4046 ἀγαθήν,
1010 3961 1054 4023 δτι
1076 3961 1139 4025 ἐστί
1159 3984 1200 4030 τις
1222 3962 1359 4046 ἀλλοτρία
1381 3967 1441 4024 τῶν
1464 3980 1557 4026 κω

258 4066 329 4136 κῶν,
354 4062 397 4125 δτι
420 4086 450 4125 τε
473 4063 597 4146 δλέγιον
620 4066 672 4147 τὴν
696 4065 829 4148 τοιαύτην
853 4065 945 4147 λύπην
969 4065 1079 4145 ἀγαθδν
1103 4062 1137 4126 οδ
1161 4063 1211 4133 τὰς
1234 4064 1378 4148 ἐνεργείας
1399 4063 1449 4150 ἐφ’
1469 4065 1518 4135 αίς

204 4181 237 4230 35
257 4165 377 4246 γίνεται,
406 4166 519 4249 τίθησιν
543 4167 655 4248 ἀγαθάς
682 4167 769 4243 εἶναι,
798 4167 871 4229 ἀλλά
893 4169 945 4248 την
973 4165 1180 4250 ἀλλοτριότητα
1208 4168 1280 4251 πρὸς
1308 4166 1358 4237 τάς
1380 4167 1519 4238 τοιαύτας

256 4265 399 4348 ἐνεργείας
422 4290 440 4348 η
467 4264 470 4351 γ
495 4271 677 4351 περιστάσεις
705 4292 734 4331 τε
758 4269 807 4330 καὶ
829 4269 927 4352 τύχας.
973 4292 992 4351 η
1017 4267 1094 4337 ὅλως
1120 4268 1227 4331 ἀτοπον
1255 4270 1288 4332 τδ
1316 4270 1369 4353 τὴν
1398 4271 1495 4353 λύπην
1518 4278 1571 4335 239

202 4531 218 4584 5
238 4528 288 4583 οὔδ’
304 4532 408 4598 scripsi:
427 4527 483 4582 οὔτ’
498 4531 557 4585 libri
629 4531 762 4603 ἀδιάφορόν
777 4533 841 4585 ἐστιν
856 4536 922 4587 coni.
937 4538 982 4602 Sp.
1055 4535 1069 4587 θ
1090 4534 1219 4605 ἀδιάφοροι
1232 4536 1326 4603 scripsi
1340 4534 1570 4603 („indiflerentes“

203 4619 569 4688 Bagolinus):itdgoopoilibri
642 4626 720 4672 ταῦτα
734 4618 767 4685 δ’]
781 4622 870 4673 ταύτόν
883 4625 950 4675 coni.
962 4626 1007 4689 Sp.
1082 4625 1113 4674 10
1126 4622 1291 4694 ἀδιάφοροιν
1362 4619 1571 4697 Ιίῄπᾶνοοιιί.

202 4707 245 4772 Sp.
320 4706 508 4775 14ρτ.η]ηθ
586 4706 622 4757 15.
640 4709 914 4779 16τατηγοροὺμενον]
930 4711 1155 4762 ίιιτειοεῑνιιιιο
1169 4711 1257 4762 littera
1269 4715 1375 4764 orasaV
1453 4711 1571 4765 Ιδθατέ-

202 4797 271 4863 ριοθ
335 4790 607 4862 21ἀδιαφάροις]φίιι
623 4793 661 4845 lit.
675 4799 696 4844 V
761 4796 793 4846 26
808 4795 832 4846 ἐν
846 4796 1019 4862 add.B²aSp.
1083 4797 1180 4866 οΙῑ.τό]
1194 4797 1299 4851 τὸνΒέο
1311 4801 1356 4866 Sp.
1422 4798 1571 4858 27.28πῶς

202 4881 248 4949 γὰρ
260 4880 319 4945 οὑκ]
334 4898 370 4937 ως
386 4882 431 4949 γάρ
445 4880 491 4931 οὑτι
508 4880 536 4930 in
552 4879 624 4931 lit.v
697 4883 728 4933 31
750 4891 801 4940 τοῖς
818 4884 897 4936 δίδοι
919 4888 965 4952 τῆς
984 4885 1043 4936 Ιίθτί
1115 4881 1146 4937 δι’
1163 4883 1237 4955 αὑτὸ]
1253 4885 1362 4939 fortasse
1380 4884 1430 4940 διὰ
1447 4887 1482 4940 τό
