3540 5610
677 312 880 368 ALEXANDRI
902 313 946 366 DE
969 312 1080 367 Annii

256 489 345 572 κρισίν
368 514 400 554 τε
422 493 469 554 καί
491 495 595 573 γνῶσιν
618 493 675 551 τῶν
698 487 873 570 πραγμάτων
895 487 943 550 καὶ
965 489 1022 548 τῶν
1047 486 1098 568 μὲν
1120 485 1238 569 αἵρεσιν,
1261 490 1318 547 τῶν
1342 486 1374 548 δὲ
1396 487 1499 569 φυγήν.

257 595 298 660 ῶς
319 593 373 676 γὰρ
396 594 415 675 ή
438 591 507 661 δὸξα
529 591 619 655 ἄλλου
645 591 721 659 τινὸς
742 590 826 674 χάριν
850 589 925 652 ἐστίν
953 589 1020 670 (τοῦ
1041 589 1096 672 γὰρ
1122 589 1181 650 ῶδε
1207 587 1225 671 ἢ
1249 589 1308 651 ῶδε
1330 586 1502 657 δοξάσαντος

203 770 208 778 ·
256 693 275 775 ἦ
299 693 460 758 συνθέσθαι
488 700 530 780 τῷ
555 692 738 778 δοξαζομένῳ
765 691 784 775 ἢ
807 692 1028 776 ἀποστραφῆναι
1049 690 1150 772 αὸτὸ),
1176 690 1268 760 οὕτως
1294 691 1326 753 δὲ
1347 691 1396 754 καὶ
1416 693 1436 775 ή
1460 689 1501 753 αί-

219 850 222 857 i
256 796 360 880 σθησίς
381 821 412 860 τε
435 797 483 860 καὶ
504 798 524 879 ή
547 794 595 858 ἐπ’
622 795 697 878 αὐτῇ
719 795 871 879 φαντασία.
914 795 1036 879 κρίσεως
1057 793 1111 878 γάρ
1134 794 1181 856 καὶ
1203 791 1342 876 αἱρέσεως
1364 792 1384 876 ἢ
1406 797 1502 878 φυγής

167 906 172 914 ’
228 895 352 960 οαὸτῶν
379 904 469 964 ταῦτα
495 899 594 984 ἀρχαί.
640 898 700 982 χρὴ
729 896 761 960 δὲ
790 901 842 961 τοῦ
874 897 964 961 τὸπου
993 894 1154 980 κοινότερον
1187 895 1235 958 ἐπὶ
1268 900 1319 979 τῆς
1345 896 1543 979 φαντασίαςιυ
1611 958 1615 965 ,

256 999 381 1063 ἀκούειν.
416 1001 523 1085 κυρίως
545 1002 597 1085 μὲν
620 1000 674 1084 γὰρ
694 999 784 1069 τύπος
805 1000 838 1062 τὸ
861 997 924 1063 κατ’
949 999 1070 1083 είσοχήν
1092 999 1193 1062 τεκαὶ
1215 998 1332 1084 ἐξοχήν,
1354 999 1374 1082 ἦ
1396 999 1429 1062 τδ
1451 1003 1502 1061 τοῦ

256 1106 413 1172 τυποῦντος
439 1104 469 1166 ἐν
495 1107 539 1189 τῷ
566 1102 740 1187 τυπουμέντρ
772 1107 876 1188 σχῆμα
902 1101 1062 1186 γινόμενον,
1097 1104 1139 1170 ῶς
1164 1101 1277 1186 ὁρῶμεν
1306 1102 1342 1165 τά
1367 1101 1416 1164 ἐπί
1443 1106 1502 1164 τῶν

258 1205 422 1288 σφραγίδων
445 1203 561 1292 ἔχοντα.
606 1204 663 1291 οὐχ
685 1205 777 1272 οὕτως
802 1205 892 1268 δὲτὰ
914 1206 973 1268 ἀπὸ
1000 1208 1057 1267 τῶν
1078 1204 1228 1288 αἰσθητῶν
1249 1204 1503 1287 ἐγκαταλείμματα

258 1305 287 1368 ἐν
304 1308 373 1390 ήμῖν
388 1309 502 1391 γίνεται.
537 1307 606 1373 οὐδὲ
627 1308 681 1391 γὰρ
703 1308 755 1390 τὴν
771 1307 865 1392 ἀρχήν
889 1306 962 1371 κατὰ
978 1309 1082 1393 σχῆμά
1096 1330 1122 1370 τι
1142 1309 1236 1390 ιἠτῶν
1257 1308 1407 1392 αἰσθητῶν
1431 1306 1503 1369 ἀντί·

217 1425 243 1468 10
256 1412 350 1494 ληψις.
395 1415 477 1474 ποῖον
500 1411 554 1496 γὰρ
578 1415 681 1496 σχῆμα
707 1410 740 1472 τδ
762 1410 866 1473 λευκὸν
894 1409 913 1493 ή
937 1409 1013 1479 ὁλως
1038 1411 1071 1472 τδ
1094 1414 1216 1494 χρῶμα;
1250 1410 1270 1493 ή
1293 1414 1375 1473 ποῖον
1398 1414 1501 1494 σχήμα

257 1516 276 1596 ή
306 1513 399 1597 δσμή;
433 1514 508 1577 ἀλλὰ
534 1513 571 1578 δι’
599 1513 720 1597 ἀπορίαν
746 1513 845 1596 κυρίου
871 1512 946 1581 τινδς
972 1512 1111 1596 ὁνὸματος
1140 1513 1173 1575 τὸ
1205 1511 1285 1597 ἴχνος
1310 1513 1358 1575 καὶ
1385 1512 1503 1595 ἐγκατά-

256 1618 365 1700 λειμμα
386 1606 419 1679 τδ
443 1616 586 1698 ὑπομένον
616 1616 676 1679 ἀπὸ
698 1618 755 1678 τῶν
778 1615 925 1700 αἰσθητῶν
955 1615 985 1677 ἐν
1007 1617 1077 1699 ήμῖν
1102 1613 1191 1677 τὸπον
1214 1618 1357 1699 καλοῦμεν
1381 1614 1502 1700 μεταφέ-
1516 1632 1544 1674 as

257 1741 353 1802 ροντες
375 1716 511 1802 τοῦνομα.
545 1719 645 1783 ἕπεται
667 1720 719 1801 μὲν
742 1717 791 1781 οὖν
814 1719 1010 1803 τήφαντασία
1033 1718 1249 1800 συγκατάθεσις,
1272 1717 1306 1780 οὐ
1330 1719 1386 1802 μὴν
1409 1720 1502 1802 πάση,

237 1810 357 1905 ’ὥσπερ
379 1820 429 1885 οὖν
452 1823 500 1884 καὶ
527 1825 566 1904 τῇ
589 1821 798 1905 συγκαταθέσει
825 1821 917 1905 ὁρμή,
944 1820 1012 1884 οὐδὲ
1034 1821 1123 1903 ταὸτη
1151 1822 1184 1883 δὲ
1211 1822 1303 1904 πάση.
1346 1819 1406 1884 ἀλλ’
1434 1821 1503 1885 οὐδὲ

218 1927 300 2008 λεπτή
325 1925 403 2008 ὁρμή
430 1924 460 1994 ἐξ
488 1925 614 2008 ἀνάγκης
640 1924 748 2009 πρᾶξις.
793 1925 841 1987 καὶ
867 1922 944 1988 ἔστιν
972 1924 1075 2009 ἐφεξῆς
1101 1927 1191 1986 ταῦτα
1221 1924 1250 1986 ἐν
1278 1930 1321 2008 τῷ
1353 1920 1423 2009 ζῴιρ
1450 1924 1503 2007 τήν

168 2054 171 2059 ·
255 2027 333 2097 τάξιν
361 2024 481 2111 ἔχοντα·
516 2026 650 2111 αἴσθησις
678 2027 821 2111 φαντασία
850 2028 1059 2109 συγκατάθεσις
1085 2027 1160 2110 ὁρμή
1190 2027 1298 2111 πρᾶξις.
1348 2026 1409 2089 ἀλλ’
1435 2024 1503 2090 οὔτε

256 2133 338 2212 πάση
361 2129 498 2214 αἰσθήσει
519 2131 601 2193 δοκεῖ
624 2130 768 2204 φαντασία
795 2129 932 2203 ἕπεσθαι,
960 2129 986 2191 εί
1008 2128 1108 2213 δοθείη
1135 2130 1167 2192 τὸ
1191 2130 1231 2213 μὴ
1255 2131 1347 2193 πάντα
1372 2129 1409 2193 τὰ
1438 2133 1502 2214 ζῷα

255 2233 412 2317 φαντασίας
439 2231 585 2317 μετέχειν,
615 2231 682 2295 οὔτε
710 2234 790 2316 πάσῃ
819 2231 962 2317 φαντασίᾳ
990 2232 1198 2321 συγκατάθεσις
1224 2232 1274 2314 (ch
1302 2232 1356 2317 γὰρ
1382 2236 1425 2317 τῷ
1452 2234 1501 2296 τὸν

254 2336 336 2418 ἥλιον
359 2336 489 2397 ποδιαῖον
511 2333 582 2399 εἶναι
605 2334 877 2419 συγκατατιθέμεθα
902 2335 994 2398 καίτοι
1017 2334 1121 2418 ταὸτην
1144 2335 1302 2419 φαντασίαν
1325 2335 1389 2418 περὶ
1411 2334 1501 2399 αὐτοῦ
1515 2351 1544 2393 σο

215 2437 463 2522 υολαμβάνοντες·
498 2437 606 2520 ὁμοίως
628 2434 689 2501 οὐδ’
717 2437 797 2522 ἄλλῳ
822 2439 872 2501 τινλ
900 2442 957 2500 τῶν
985 2435 1131 2521 ἀδήλων),
1161 2435 1228 2500 οὔτε
1254 2438 1335 2520 πάση
1364 2457 1502 2520 συγκατα·

256 2539 338 2603 θέσει
360 2540 451 2624 ὁρμή·
486 2539 520 2603 οὐ
542 2541 597 2625 γὰρ
620 2540 636 2604 ὁ
659 2539 908 2623 συγκαταθέμενὸς
935 2563 987 2603 τινι
1010 2543 1048 2609 ῶς
1071 2542 1169 2624 λευκῷ
1197 2540 1253 2624 ήδη
1276 2541 1324 2603 καὶ
1347 2540 1424 2625 ὁρμᾷ
1449 2540 1497 2604 ἐπ’

256 2642 342 2717 αὐτὸ,
369 2640 429 2705 ἀλλ’
456 2641 517 2706 οὐδ’
546 2643 594 2705 ἐπὶ
616 2647 676 2712 ταῖς
698 2648 755 2706 τῶν
784 2644 996 2727 μαθηματικῶν
1022 2642 1275 2725 συγκαταθέσεσιν.
1319 2643 1415 2728 ἡγάρ
1439 2665 1503 2728 συγ·

257 2746 412 2815 κατάθεσις
432 2750 477 2830 τῷ
500 2747 553 2829 τὴν
567 2746 719 2829 διάμετρον
742 2745 924 2830 ἀσύμμετρον
947 2746 1077 2829 εἶναιπῇ
1101 2748 1215 2831 πλευρᾷ·
1233 2744 1384 2811 οδκέστιν
1407 2748 1502 2831 ὁρμῆς

255 2850 396 2932 κινητική.
442 2850 460 2932 ή
484 2849 514 2911 αἱ
542 2849 594 2932 μὲν
621 2853 749 2912 τοιαῦται
775 2849 998 2931 συγκαταθέσεις
1025 2848 1078 2911 οὐκ
1105 2848 1153 2911 ἐπὶ
1174 2849 1354 2932 φαντασίαις·
1391 2848 1424 2912 οδ
1447 2848 1501 2934 γὰρ

214 2965 242 3011 25
255 2951 303 3014 καλ
325 2953 355 3014 αἱ
370 2950 527 3035 ἐπιστῆμαι
549 2952 711 3034 φαντασίαι,
733 2951 809 3041 ἀλλά
831 2957 873 3036 τῷ
890 2951 1031 3036 Σωκράτη
1054 2950 1126 3014 εἶναι
1151 2950 1154 3037 λ
1179 2953 1226 3015 τδν
1243 2951 1397 3034 προσιὸντα
1419 2973 1485 3036 συγ·
1504 2969 1557 3014 136,

256 3053 448 3136 καταθέμενοι
473 3052 507 3116 οδ
530 3055 625 3149 δήπου
651 3054 699 3116 καὶ
722 3053 858 3138 ὁρμῶμεν
881 3055 931 3117 ἐπί
955 3078 982 3117 τι
1003 3055 1125 3122 πάντως.
1170 3078 1189 3137 η
1210 3053 1264 3138 γάρ
1291 3054 1341 3117 ἐπί
1359 3075 1416 3118 τισι
1438 3076 1502 3140 συγ·

203 3277 219 3330 3
237 3277 426 3347 ἀποστραφῆναι
444 3274 518 3344 αὑτό]
536 3276 702 3329 abweiehend
721 3278 832 3343 meissen,
851 3277 910 3330 dass
929 3278 966 3330 sic
984 3293 1012 3330 so
1032 3279 1070 3330 sei
1089 3308 1096 3317 ·
1174 3277 1243 3330 4-5
1262 3277 1498 3351 κρίσεως-ἀργαί]
1517 3282 1558 3339 aie

202 3364 278 3417 beide
296 3364 354 3415 sind
374 3366 435 3416 zwei
453 3364 604 3431 Principien
623 3363 664 3416 hir
682 3364 724 3417 dia
743 3364 819 3417 Wahl
839 3364 999 3432 dochinge,
1018 3366 1112 3418 welche
1132 3367 1169 3419 sie
1188 3366 1382 3431 wahrnchmen,
1403 3368 1459 3419 und
1477 3366 1557 3421 deren

202 3450 367 3519 Entiernung
384 3452 439 3503 und
457 3451 504 3503 das
521 3450 630 3503 Fliehcn
648 3466 693 3503 νοτ
711 3451 791 3504 ihnan
897 3451 965 3504 5-7
983 3453 1032 3524 χρὴ
1052 3452 1209 3526 δὲ-σχῐγμα
1227 3452 1367 3522 γινόμενον]
1387 3455 1432 3506 wir
1450 3454 1557 3508 missen

202 3542 279 3590 unter
300 3553 419 3591 unserem
438 3538 575 3591 Ausdruck
598 3539 625 3590 in
645 3538 734 3606 Bezug
756 3539 802 3591 auf
823 3540 865 3592 dic
882 3539 1024 3607 Phantasie
1049 3540 1106 3603 „dic
1127 3539 1208 3607 Spur“
1235 3541 1557 3608 (p1voncierafhcirten

201 3624 354 3691 Phantasie)
377 3627 511 3678 verstchcn
535 3625 585 3678 den
610 3625 808 3694 aligcmcineren
831 3616 934 3695 Begriff.
974 3626 1049 3678 Dcnn
1072 3628 1113 3680 dic
1137 3627 1205 3695 Spur
1227 3629 1262 3680 im
1286 3629 1389 3681 wahren
1408 3629 1489 3682 Sinnc
1512 3646 1557 3698 ga·

202 3713 312 3765 hraucht
330 3713 366 3764 ist
383 3712 425 3765 die
443 3713 537 3780 Figuc,
560 3713 653 3766 welche
672 3715 786 3766 entsteht
804 3716 832 3766 in
850 3715 895 3767 der
914 3713 986 3766 Tieie
1008 3713 1070 3766 celer
1087 3714 1116 3765 in
1133 3713 1307 3768 Erhabenhcit
1329 3715 1409 3768 durch
1428 3716 1470 3769 die
1488 3716 1557 3784 θρα(

201 3802 230 3853 in
249 3801 307 3853 dem
326 3799 483 3868 Spurobjckt
591 3800 621 3851 λθ
639 3798 729 3869 chace]
749 3803 812 3854 Rcst
920 3802 950 3852 lt
972 3799 1052 3870 ταὸτη
1071 3815 1121 3852 om.
1230 3802 1261 3855 15
1284 3802 1414 3876 τήὸρμῇ]
1433 3819 1468 3856 an
1483 3804 1557 3873 jada

202 3888 346 3955 Anregung
446 3887 501 3955 καλ]
520 3888 634 3941 sondern
731 3886 765 3940 20
782 3887 864 3959 ἄλλῳ]
883 3889 968 3941 addit:
987 3888 1025 3940 ais
1044 3888 1086 3940 die
1105 3888 1192 3942 Scitne
1293 3890 1324 3941 θλ
1345 3890 1394 3960 ἤδη
1414 3890 1469 3959 καὶ]
1489 3893 1557 3945 ohne

203 3973 306 4026 Zweiiel
412 3974 515 4027 ti-ii
534 3973 586 4026 ἀλλ’
608 3973 831 4046 ολδ-κινητική]
850 3977 952 4028 Ehenso
971 3977 1084 4028 entsteht
1102 3976 1175 4029 nicht
1194 3992 1241 4029 aus
1260 3978 1304 4030 (λετ
1322 3978 1434 4031 Anaicht
1452 3981 1486 4031 im
1507 3980 1556 4032 Bc·

201 4062 271 4114 reich
292 4062 336 4114 der
354 4062 584 4115 mathematischcn
603 4063 840 4127 wissenschaften,
863 4063 923 4115 dass
942 4063 984 4114 die
1002 4048 1145 4131 Diagonaie
1168 4064 1241 4116 nicht
1260 4065 1497 4133 gemeinschaftlich
1517 4068 1555 4119 sei

202 4148 247 4200 dar
260 4147 339 4211 Seite,
356 4149 398 4200 ich
418 4149 502 4201 meina
520 4165 572 4201 von
591 4150 725 4202 derseihen
743 4150 909 4204 verschieden
923 4150 969 4212 sei,
988 4151 1047 4203 eine
1066 4151 1218 4220 benegende
1233 4152 1378 4221 Anregung
1449 4152 1483 4205 ‘24
1502 4152 1555 4223 ἡ-

203 4233 358 4303 φαντπσίαις]
377 4226 535 4305 τιυτμελιὸτῐ
553 4237 624 4290 dicse
642 4238 755 4291 Ansicht
772 4237 826 4289 und
844 4252 896 4289 was
915 4237 955 4289 ihr
973 4237 1076 4289 initiet
1095 4239 1139 4304 ist,
1157 4240 1230 4291 nicht
1248 4240 1294 4293 der
1311 4240 1452 4293 Phantasic
1470 4257 1504 4293 an

203 4438 330 4510 θῷὁεε
444 4441 508 4511 hin
526 4443 602 4495 htv
712 4442 897 4515 ὁκοινότερον
915 4447 941 4496 ct
959 4441 1060 4497 ἀκοίιειν
1079 4444 1111 4497 ci.
1131 4445 1188 4497 lnd.
1305 4444 1412 4516 θήτὸ
1431 4446 1497 4500 male
1514 4447 1555 4501 di-

204 4527 317 4597 stinguit
339 4527 510 4582 cohaerentia.
547 4545 606 4582 nam
630 4529 659 4582 τὸ
682 4531 708 4583 ἐν
732 4532 769 4601 τῷ
791 4532 941 4601 τυπουμίνιμ
967 4534 1054 4601 σχῆμα
1071 4530 1163 4600 γίνεται
1186 4532 1245 4585 κατ’
1267 4532 1369 4607 εἰσοχὴν
1392 4535 1436 4587 καὶ
1454 4533 1555 4608 ἐξοχήν.

203 4614 313 4668 iortasse
331 4613 379 4667 ὁπδ
398 4615 429 4668 cf.
448 4617 526 4668 etiam
543 4618 591 4669 int.
610 4619 681 4671 hebr.
788 4620 803 4671 7
822 4618 869 4689 ῶς]
889 4637 911 4670 ω
930 4620 959 4672 λιι
976 4619 1015 4671 iit.
1027 4620 1048 4669 V
1155 4619 1171 4671 9
1190 4622 1284 4690 γίνεται
1300 4623 1326 4675 ἐν
1344 4622 1404 4691 ἡμῖν
1423 4637 1439 4674 a

206 4701 235 4754 ll
255 4701 471 4772 ἑγκατάλημματι
584 4704 615 4757 13
635 4705 672 4772 (at
692 4707 735 4774 18)
753 4707 855 4776 πάσηα
962 4705 993 4758 19
1012 4706 1059 4775 τὴν
1078 4707 1249 4775 φαντασίανυ
1360 4710 1393 4761 ‘20
1411 4709 1479 4779 πίση
1499 4725 1555 4778 συγ-

203 4786 338 4841 καθίσειιι
455 4790 485 4841 θλ
515 4790 730 4859 συγκαταθέμινὸς
747 4813 794 4847 τινι
812 4811 838 4847 a:
863 4791 1048 4865 συγκαθίμενὸς
1066 4791 1131 4845 cti*
1249 4794 1282 4848 25
1310 4797 1430 4868 σωκράτη
1449 4798 1486 4849 V:
1505 4813 1555 4851 σω·

203 4877 319 4951 κράτηε
424 4877 457 4928 26
476 4877 521 4951 γὰρ
540 4877 580 4931 ἐπί
597 4897 654 4934 cia
