3540 5610
693 299 834 358 BIBMON
853 299 981 358 ΊῬΠῸΝ
1003 302 1104 355 12-13
1514 297 1572 362 107
1599 353 1604 362 .

250 465 252 469 ’
280 481 327 542 τού
351 479 440 561 μηδὲν
463 477 544 542 εἶναι.
589 482 652 546 πῶς
672 477 727 561 γὰρ
749 475 783 540 ἄν
805 499 847 546 τις
869 476 910 545 είς
936 476 968 538 τό
993 476 1082 560 μηδὲν
1105 475 1226 537 ἐκτεῖναι
1248 496 1284 546 τι,
1307 471 1325 554 ἢ
1349 475 1412 539 πῶς
1433 468 1468 531 ἂν
1491 468 1521 530 ἐν
1535 485 1563 528 ιο

282 587 319 665 τῷ
348 582 423 665 μηδὲ
448 581 525 650 όλιος
551 578 610 644 ὄντι
635 580 759 664 γένοιτο;
790 581 842 663 τὴν
871 579 966 663 ἀρχὴν
991 578 994 662 λ
1018 579 1071 661 γὰρ
1094 576 1155 641 οὐδ’
1184 576 1217 639 όν
1247 576 1339 659 ὁρμήν
1366 598 1392 636 τι
1413 575 1497 659 λάβοι
1519 581 1572 637 206

282 684 320 752 είς
341 684 374 746 τό
389 684 523 747 ἐκτείνειν
544 707 571 746 τι
592 687 649 747 τῶν
665 683 753 746 αὑτοῦ
776 686 871 768 μερῶν
894 683 925 745 ἐν
944 688 988 767 τῳ
1009 681 1120 765 μηδενί·
1144 679 1261 763 τοιαύτη
1283 678 1337 762 γὰρ
1361 680 1379 761 ἡ
1402 684 1452 742 τοῦ
1475 680 1516 763 μὴ

281 784 359 855 ύντος
380 787 474 871 φύσις.

248 1014 359 1086 οΧΙΙΙ.
405 1017 488 1102 Περὶ
510 1021 568 1081 τού
591 1014 642 1101 ἐφ’
670 1018 752 1100 ἡμῖν
774 1038 858 1080 τινα.

356 1186 436 1252 Ἐπεὶ
462 1190 495 1252 τό
522 1187 569 1273 ἐφ’
597 1189 667 1272 ἡμῖν
694 1188 755 1251 ἐστι
780 1188 811 1251 ἐν
837 1191 941 1276 λογικῇ
970 1186 1180 1271 συγκαταθέσει
1210 1185 1272 1268 (διὰ
1299 1189 1382 1248 τοῦτο
1411 1184 1465 1266 γὰρ
1491 1183 1520 1246 ἐν
1547 1198 1561 1240 5

278 1290 356 1375 μόνῳ
377 1295 420 1376 τῷ
446 1291 595 1375 ἀνθρώπῳ
618 1292 651 1354 τὸ
674 1290 721 1376 ἐφ’
748 1286 845 1374 ἡμῖν,
861 1288 905 1354 ότι
927 1278 974 1355 καὶ
997 1292 1083 1375 μόνος
1109 1294 1166 1352 τῶν
1194 1286 1278 1373 ζῴων
1300 1288 1455 1369 ἄνθρωπος
1477 1290 1521 1373 λο-

277 1393 353 1477 γικός
375 1394 406 1457 τέ
428 1395 489 1458 ἐστι
512 1396 560 1457 καὶ
574 1393 781 1478 βυυλευτικός),
803 1395 1039 1475 συγκατατίθεται
1063 1392 1182 1476 μὲνγὰρ
1205 1394 1253 1456 καὶ
1275 1391 1311 1453 τὰ
1333 1389 1424 1472 ἄλογα
1447 1394 1520 1461 ζῶα,

278 1497 349 1559 ἀλλὰ
372 1500 462 1559 ταῦτα
491 1498 542 1580 μὲν
563 1502 626 1566 ταῖς
648 1496 815 1582 φαντασίαις
842 1502 903 1565 ταῖς
928 1497 986 1559 άπὸ
1013 1500 1070 1558 τῶν
1093 1496 1241 1578 αἰσθητῶν
1269 1493 1316 1557 διὰ
1338 1498 1395 1556 τῶν
1418 1493 1520 1575 αἰσθή-
1534 1508 1561 1550 ιο

231 1618 262 1664 10
278 1618 350 1662 σειυν
377 1599 537 1683 γινομέναις
563 1600 593 1663 ἐν
623 1599 722 1669 αὐτοῖς
749 1598 876 1680 ἑπόμενα
905 1601 953 1664 καὶ
979 1604 1022 1685 τῷ
1050 1600 1108 1662 ἀπὸ
1135 1599 1243 1662 τούτων
1270 1596 1300 1659 ἐν
1327 1595 1424 1664 αὐτοῖς
1449 1618 1520 1677 γινο-

278 1701 355 1786 μένῳ
378 1702 467 1766 πάθει
490 1702 540 1771 τὰς
562 1702 787 1785 συγκαταθέσεις
813 1708 935 1766 ποιεῖται
958 1704 1085 1784 ἀγόμενα
1108 1702 1155 1764 ὑπ’
1184 1702 1294 1773 αὐτῶν,
1321 1693 1341 1782 γ’,
1367 1698 1401 1761 ἂν
1424 1698 1521 1762 ἐκεῖνα

276 1804 343 1887 ἄγη,
366 1806 382 1867 ό
405 1803 432 1868 δ’
453 1803 617 1888 ἅνθρωπος,
640 1804 708 1868 όταν
731 1809 772 1874 ῶς
792 1803 946 1889 ἄνθρωπος
968 1811 1086 1888 ποιῆται
1108 1805 1159 1873 τὰς
1175 1803 1407 1886 συγκαταθέσεις,
1430 1804 1519 1864 δεῖται
1534 1816 1560 1858 ιο

277 1908 347 1990 πρός
369 1912 431 1975 ταῖς
445 1909 614 1991 φαντασίαις
635 1909 684 1971 καλ
706 1909 805 1991 λόγου,
828 1908 859 1972 όν
883 1906 961 1994 ἔχων
983 1907 1061 1993 παρὰ
1083 1914 1135 1990 τῆς
1157 1908 1272 1990 φύσεως
1294 1907 1365 1990 πρὸς
1387 1906 1439 1986 τὴν
1462 1910 1519 1967 τῶν

274 2010 409 2073 τοιούτων
432 2010 521 2094 κρίσιν
544 2009 699 2095 ἅνθρωπός
720 2012 806 2087 ἐστιν,
834 2009 873 2073 δι’
901 2009 934 2073 ού
956 2011 1042 2092 λόγου
1065 2011 1152 2093 κρίνει
1174 2009 1209 2072 τὰ
1232 2010 1431 2093 φαντάσματα.
1475 2007 1519 2070 διό

235 2129 258 2178 15
273 2111 323 2175 κᾶν
357 2113 561 2198 βουλευομένῳ
592 2114 655 2196 περὶ
687 2119 740 2199 τῆς
770 2114 991 2199 προσπεσούσης
1022 2113 1178 2197 φαντασίας
1208 2112 1289 2196 αὐτῷ
1322 2112 1363 2193 μὴ
1391 2112 1518 2171 τοιοῦτον
1532 2124 1560 2167 ευ

275 2218 363 2301 δοκῇ,
391 2217 490 2279 ύποῖον
512 2217 564 2298 τήν
587 2217 684 2302 ἀρχὴν
710 2218 857 2302 ἐφαίνετο,
884 2218 917 2280 ού
941 2216 1179 2298 συγκατατίθεται
1202 2215 1292 2297 αὐτῇ,
1316 2212 1519 2294 συγκατατιθέ-

275 2342 359 2399 μενος
381 2317 415 2381 ἇν
437 2324 480 2403 τῳ
503 2317 569 2383 ὅσον
597 2320 644 2382 ἐπὶ
666 2326 709 2405 τῳ
738 2322 795 2384 ἀπὸ
822 2326 874 2403 τῆς
896 2319 1053 2403 φαντασίας
1074 2320 1176 2389 πάθει,
1204 2318 1251 2379 καὶ
1273 2314 1335 2379 ἔστι
1356 2316 1520 2400 προαίρεσις

274 2422 292 2504 ἡ
321 2422 437 2504 τοιαύτη
460 2422 670 2505 συγκατάθεσις
701 2421 793 2507 ὄρεξις
821 2422 893 2487 ούσα
921 2420 1102 2508 βουλευτική.
1147 2421 1179 2482 τό
1201 2419 1255 2502 γὰρ
1282 2419 1315 2482 ἐκ
1340 2423 1393 2501 τῆς
1415 2418 1560 2503 βουλῆςνο

273 2526 404 2608 περὶτοῦ
420 2525 517 2589 ἐκταῦ
534 2526 675 2610 αἰσθητοῦ
692 2526 750 2611 [τε]
776 2527 779 2601 Ι
804 2528 851 2590 καλ
874 2528 929 2610 πρὸ
945 2528 1033 2590 αὐτοῦ
1056 2525 1210 2610 προκριθὲν
1226 2527 1244 2607 ἡ
1261 2525 1432 2607 προαίρεσις.
1470 2525 1496 2585 εἰ
1518 2529 1570 2586 2οῑ

220 2637 251 2689 20
271 2628 323 2710 μὲν
346 2626 396 2691 ούν
419 2629 466 2691 καὶ
489 2628 709 2713 βουλευομένοις
731 2633 801 2713 ἡμῖν
824 2631 922 2693 εἵπετο
944 2655 980 2713 τη
1008 2629 1149 2713 φαντασίᾳ
1172 2627 1442 2710 συγκατατίθεσθαι,
1465 2623 1517 2688 οὐκ

270 2728 304 2793 ἂν
327 2729 364 2813 ἦν
392 2729 438 2815 ἐφ’
466 2733 535 2814 ἡμῖν
562 2730 624 2794 οὐδ’
651 2757 670 2816 η
701 2734 774 2816 μετὰ
800 2739 852 2818 τῆς
875 2735 981 2818 βουλῆς
1008 2732 1232 2815 συγκατάθεσις,
1259 2731 1322 2793 ἐπεὶ
1349 2730 1382 2792 δὲ
1408 2730 1519 2791 άλλοιο·

270 2832 354 2916 τέραν
376 2835 445 2917 ἡμῖν
461 2836 599 2904 πολλάκις
621 2836 654 2898 τό
670 2837 884 2921 βουλεύσασθαι
906 2839 957 2920 τὴν
982 2836 1192 2917 συγκατάθεσιν
1215 2834 1365 2917 ποιεῖτὴν
1388 2833 1435 2895 ἐπὶ
1450 2857 1518 2917 φαν-
1544 2850 1558 2891 ο

272 2937 357 3019 τασίᾳ
379 2941 430 3000 τού
453 2934 503 2999 ἀπ’
525 2937 615 3019 αὐτῆς
631 2938 753 3015 πάθους,
777 2936 870 3002 οὐκέτ’
893 2939 926 3002 όν
947 2939 1075 3022 εὐλόγως
1097 2943 1157 3007 ταῖς
1174 2939 1340 3020 φαντασίαις
1361 2937 1519 3021 λεγοίμεθα

270 3040 538 3121 συγκατατίθεσθαι.
576 3040 639 3102 ἐπεὶ
663 3043 738 3124 μηδὲ
765 3046 826 3111 ταῖς
853 3043 1021 3126 φαντασίαις
1049 3040 1328 3123 συγκατατιθέμεθα,
1355 3039 1391 3124 ἦν
1413 3041 1446 3103 δὲ
1467 3044 1519 3103 τού

206 3150 249 3205 25
268 3140 315 3226 ἐφ’
343 3143 414 3225 ἡμῖν
436 3142 612 3227 ἀναιρετικὸν
635 3147 734 3219 τοῦτο,
760 3144 823 3208 οὐδ’
853 3145 886 3208 όν
908 3146 941 3208 τὸ
965 3143 1012 3229 ἐφ’
1039 3146 1109 3227 ἡμῖν
1132 3143 1206 3206 εἷναί
1226 3166 1252 3205 τι
1275 3143 1427 3227 ἀναιροῖτο.
1472 3144 1519 3206 καὶ
1533 3160 1560 3201 ιο

269 3245 324 3328 γὰρ
347 3245 373 3306 εἰ
396 3245 447 3327 μὲν
470 3245 567 3307 εἵπετο
590 3246 705 3313 πάντως
731 3249 800 3330 ἡμῖν
824 3249 856 3310 τό
880 3248 1068 3331 βουλεύεσθαι
1091 3247 1139 3309 ἐπὶ
1162 3248 1242 3328 πάση
1266 3246 1421 3329 φαντασία,
1449 3244 1518 3315 ἴσως

272 3345 306 3409 ἂν
329 3346 424 3410 ἐδόκει
448 3348 494 3409 καὶ
517 3346 588 3410 αότθ
612 3346 664 3411 ούκ
686 3347 735 3432 ἐφ’
761 3352 830 3433 ημῖν
853 3350 934 3425 εἶναι,
959 3350 1033 3414 ἀλλὰ
1056 3351 1221 3432 σύμπτωμά
1242 3374 1268 3412 τι
1288 3353 1340 3432 τῆς
1362 3349 1518 3432 φαντασίας

268 3449 422 3533 γενόμενον
448 3447 497 3512 ὑπ’
525 3448 629 3531 αὐτῆς,
657 3449 691 3514 ού
719 3451 787 3536 παρ’
815 3453 926 3536 ἐκείνης
954 3453 986 3515 τὸ
1009 3452 1081 3515 εἶναι
1104 3450 1222 3537 ἔχοντος
1248 3449 1343 3521 ἔδοξεν
1373 3451 1406 3514 ἂν
1429 3453 1476 3515 καὶ
1499 3455 1558 3536 ἡιο

267 3551 314 3615 ἐπ’
335 3552 416 3638 αύτῷ
440 3552 648 3634 συγκατάθεσις
670 3552 733 3616 κατ’
754 3555 864 3639 ἐκείνην
887 3555 1026 3639 γίνεσθαι,
1050 3553 1119 3618 καθ’
1140 3557 1174 3639 ἣν
1198 3556 1244 3618 καλ
1267 3556 1299 3617 τὸ
1315 3556 1516 3638 βουλεύεσθαι,

201 3664 248 3720 30
266 3653 314 3739 ἐφ’
342 3653 367 3738 ᾤ
396 3657 415 3738 ἡ
443 3655 661 3737 συγκατάθεσις.
709 3657 737 3719 εἰ
763 3658 794 3719 δὲ
824 3659 864 3740 μὴ
892 3682 911 3740 η
935 3659 1077 3741 φαντασία
1104 3663 1153 3721 τοῦ
1181 3658 1370 3742 βουλεύεσθαι
1396 3659 1444 3721 τὸν
1472 3658 1517 3721 οἴν-

266 3759 386 3843 θριοπον
418 3759 515 3842 κυρία,
547 3757 607 3820 ἀλλ’
640 3757 717 3822 ἔστιν
748 3760 794 3822 ἐπ’
829 3760 911 3844 αὐτῷ
943 3763 992 3823 καὶ
1023 3762 1055 3823 τό
1087 3762 1299 3846 βουλεύσασθαι
1332 3762 1380 3824 καὶ
1411 3763 1442 3824 τὸ
1475 3765 1557 3847 μήεο

264 3861 399 3943 (πολλαῖς
427 3865 494 3940 γοῦν
522 3861 690 3943 φαντασίαις
719 3865 810 3947 χωρὶς
836 3869 885 3927 τού
920 3863 1132 3949 βουλεύσασθαι
1162 3864 1430 3946 συγκατατιθέμεθα
1457 3869 1516 3935 τοῖς

265 3961 380 4045 ἀλόγοις
403 3959 489 4045 ζῴοις
512 3964 750 4048 παραπλησίως),
778 3965 838 4029 οὐδ’
867 3966 901 4029 όν
925 3968 943 4050 ἡ
967 3967 1083 4049 τοιαύτη
1108 3967 1317 4048 συγκατάθεσις
1339 3971 1392 4050 τῆς
1413 3991 1516 4051 φαντα-

266 4066 327 4133 σίας
351 4063 434 4148 ἔργον
457 4064 503 4148 είη
528 4067 768 4152 ύπεναντιουμένη
792 4069 822 4131 ἐν
846 4072 963 4138 πολλοῖς
986 4094 1016 4131 τε
1038 4069 1114 4151 αὐτῇ
1139 4071 1186 4131 καὶ
1209 4074 1375 4155 πολλαχῶς.
1421 4074 1464 4135 ότι
1487 4071 1512 4136 δ’
1530 4089 1557 4130 κο

201 4180 246 4235 35
264 4171 350 4252 ἡμεῖς
372 4171 422 4230 τοῦ
447 4168 638 4252 βουλεύεσθαι
665 4172 730 4255 περὶ
753 4176 811 4233 τῶν
834 4178 999 4257 φαντασιῶν
1023 4172 1129 4255 κύριοι,
1158 4173 1244 4254 δῆλον
1267 4170 1300 4234 ἔκ
1324 4179 1427 4236 τετοῦ
1450 4200 1516 4260 προ-

263 4270 418 4355 ειρημένου
447 4274 498 4333 τοῦ
521 4273 600 4354 ἡμᾶς
622 4270 700 4357 ἔχειν
723 4275 774 4357 τὴν
797 4274 927 4343 ἐξουσίαν
954 4278 1004 4336 τοῦ
1028 4274 1241 4359 βουλεύσασθαί
1263 4279 1362 4339 τεκαὶ
1387 4280 1442 4361 μή,
1469 4281 1516 4343 καὶ

266 4375 307 4456 μὴ
330 4375 382 4456 πἠν
399 4372 564 4457 φανταῐσίαν
587 4374 658 4438 εἶναι
681 4376 782 4438 τούτου
806 4378 916 4460 κυρίαν.
954 4378 980 4439 εἰ
1002 4378 1055 4461 γὰρ
1080 4379 1119 4460 μὴ
1144 4380 1297 4463 φαντασία,
1320 4380 1349 4441 τί
1369 4379 1402 4442 ἂν
1419 4379 1489 4443 όλλο
1512 4391 1566 4447 208

214 4563 319 4633 Ἱμόνῳ
332 4566 390 4630 Sp.:
410 4569 455 4631 μὲν
474 4565 534 4617 libri
617 4564 692 4633 μόνος
704 4568 762 4633 Sp.:
782 4566 868 4632 μόνων
887 4567 944 4619 libri
964 4555 1060 4634 (μόνῶν
1074 4569 1110 4619 sic
1123 4568 1154 4632 V)
1241 4570 1270 4618 lii
1291 4568 1355 4641 αὕτη
1374 4573 1479 4639 scripsi:
1499 4574 1569 4643 αύτῷ

209 4649 269 4703 libri
345 4652 374 4702 17
395 4667 431 4718 pr.
445 4650 493 4721 τῷ]
507 4651 631 4719 τὸοὸμ.ε
651 4653 761 4704 fortasse
774 4654 910 4706 delendum
986 4657 1017 4706 19
1036 4674 1062 4706 τε
1077 4655 1125 4706 dei.
1140 4656 1267 4706 Schwartz
1340 4658 1369 4707 2²1
1392 4659 1567 4726 ἡθιλιινιιτίιε

212 4736 315 4806 ηνίίθτί
388 4739 421 4790 ἳθ
439 4738 575 4806 λεγοίμεθα
592 4743 648 4807 Sp.:
668 4739 868 4809 λεγόμεθαλίθτί
938 4746 970 4795 24
991 4745 1063 4813 μηδὲ]
1084 4746 1191 4796 fortasse
1211 4742 1283 4811 δὲμὴ
1358 4746 1389 4795 ’26
1410 4747 1453 4813 μὲν
1468 4751 1487 4798 F
1503 4750 1569 4801 vict.

213 4827 267 4892 Sp.:
285 4827 320 4896 μη
341 4829 382 4878 Va
464 4826 494 4878 τὸ
512 4831 569 4895 Sp.:
589 4832 634 4879 τοῦ
652 4828 714 4880 libri
798 4830 830 4880 34
850 4828 915 4901 αὕτη
933 4836 989 4898 Sp.:
1010 4833 1086 4902 αὐτῆς
1106 4834 1176 4885 libri:
1199 4832 1283 4889 witot<
1303 4834 1368 4883 vict.
1454 4834 1487 4886 37
1507 4854 1569 4906 φαν-

213 4914 280 4965 τασία
298 4918 353 4981 Sp.:
374 4913 511 4984 φαντασίαν
534 4915 594 4967 libri
683 4914 725 4966 37.
744 4934 767 4980 p.
786 4919 860 4980 108st
882 4918 943 4971 ἄλλο
962 4920 1046 4989 τεθείη
1069 4922 1146 4974 Vici:
1167 4919 1317 4991 οἱλλοιωθείη
1338 4921 1396 4972 libri
