3540 5610
624 354 627 360 ,
683 332 883 415 λιιικλινοιιι
905 332 950 387 515
976 313 1084 386 ιιιιιιλ
1172 338 1176 347 ·
1268 307 1272 314 ’
1518 314 1587 396 61'

256 501 407 589 αἰσθητῶν
428 509 481 568 τοῦ
504 509 556 590 μὲν
580 508 615 571 σ“υ
639 505 770 579 αἴσθοιο,
792 509 843 568 τοῦ
866 506 899 568 δὲ
920 504 995 586 ἐγώ,
1018 503 1164 630 γνωρίζειν
1187 503 1323 589 ἑκάτερον
1346 507 1432 589 ήμῶν
1454 504 1507 587 τὴν
1606 585 1608 590 .

256 608 453 692 διαφορὰν
420 632 455 672 ου
470 609 557 679 αὐτὸς
578 606 691 694 ήσθετο
713 606 833 692 πρδς
807 630 858 690 την
874 609 925 668 τοῦ
947 604 982 669 οῦ
997 604 1050 668 οὐκ
1065 604 1162 682 αὐτός,
1186 606 1245 670 ἀλλ’
1267 608 1364 692 ἕτερος
1380 605 1504 691 ήσθετο·

256 710 305 772 δεῖ
322 710 378 794 γὰρ
400 709 431 773 όν
454 736 517 776 τιε
502 711 575 776 εἰναι
601 714 674 776 τλιδ
656 711 784 794 λτίγον
768 709 834 773 τόδε
861 710 945 771 τοῦδε
972 707 1068 793 ἕτερον
1096 706 1178 770 εἰναι.
1223 712 1308 774 καίγ
1292 711 1345 794 γὰρ
1371 711 1430 795 τὴν
1450 715 1508 772 τῶν
1521 725 1548 768 σε

256 811 408 896 αἰσθητῶν
430 815 502 898 πρςδ
523 815 559 878 τὰ
581 814 671 898 νοητὰ
693 812 831 896 διάφορόν
855 812 888 874 τδ
910 815 1005 895 κρῖνον
1028 811 1073 874 ἕν·
1108 810 1200 895 όγδρ
1222 816 1303 880 νοῦς·
1338 814 1489 876 πάνταα
1452 813 1506 897 γὰρ

226 913 342 984 σοῦτυς
364 921 426 979 νοεῖ
450 918 499 980 καί
521 917 623 1001 κρίνει,
650 917 679 978 ἐν
702 916 755 978 τίνι
783 915 899 997 ἑκοίστῳ
926 909 1103 976 τῶνόντων
1131 914 1164 977 τδ
1186 912 1269 978 εἰναι.
1315 919 1356 985 ῶς
1379 911 1507 1000 μὲνγὰρ

257 1017 409 1102 αἰσθητῶν
432 1024 489 1082 τῶν
512 1006 664 1104 αἰσθητῶν
684 1018 736 1087 τὰς
746 1015 894 1100 διαφορὰς
916 1015 1083 1100 αἰσθήσεως
1104 1018 1281 1101 κρῖναι,’τήν
1304 1019 1337 1081 δὲ
1359 1018 1433 1082 κατὰ
1455 1019 1507 1102 τὴν

258 1119 358 1184 οὐσίαν
380 1121 478 1185 αὐτῶν
501 1122 642 1206 διαφορὰν
669 1121 741 1204 πρὸς
762 1118 876 1199 ἄλληλά
903 1141 935 1180 τε
957 1119 1004 1180 καί
1026 1118 1063 1181 τὰ
1085 1122 1122 1202 τῇ
1146 1120 1243 1183 αὑτῶν
1270 1120 1355 1206 φύσει
1377 1120 1468 1204 νοητὰ
1489 1120 1511 1193 ό,

256 1228 332 1287 νοῶν
354 1223 430 1287 αὐτὰ
452 1228 517 1294 νοῦς
540 1223 657 1308 κρίνει),
684 1219 752 1286 οὔτε
774 1218 823 1283 οῦν
846 1221 903 1282 ὑπὸ
925 1221 1151 1305 κεχωρισμένων
1173 1222 1222 1284 καί
1244 1223 1443 1313 διαφερουσῶν
1466 1222 1507 1285 αἰ·

258 1325 397 1409 σθήσεωυ
420 1326 480 1390 οἷόν
503 1350 535 1390 τε
557 1326 608 1396 τὰς
634 1331 692 1389 τῶν
714 1325 892 1406 ἀνομοειδῶν
915 1322 1064 1408 αἰσθητῶν
1087 1323 1234 1407 κρίνεσθαι
1256 1326 1405 1413 διαφοράς.
1441 1322 1501 1388 ἀλλ’

216 1442 243 1486 ιυ
258 1428 326 1492 οῦδὲ
348 1429 378 1491 ἐν
401 1430 565 1514 διαφέροντι
587 1428 686 1514 χρόνῳ
710 1425 771 1490 οἷόν
787 1449 819 1489 τε
833 1426 884 1495 τὰς
903 1425 1043 1510 διαφορὰς
1065 1425 1162 1490 αὐτῶν
1178 1428 1377 1513 γνωρίζεσθαι,
1401 1431 1441 1497 ὡς
1457 1432 1506 1490 νῦν

259 1532 312 1615 μὲν
327 1528 544 1615 γνωρίζειν’ότι
566 1531 664 1615 ἕτερον
687 1531 720 1593 τδ
743 1530 831 1612 γλυκῦ
853 1532 905 1593 τοῦ
926 1531 1043 1607 λευκοῦ,
1066 1528 1276 1614 αἰσθανόμενον
1299 1535 1347 1593 νῦν
1370 1536 1421 1596 τοῦ
1443 1534 1507 1613 γλυ·
1520 1547 1548 1589 ιο

259 1633 335 1710 κέος,
359 1634 433 1718 μετὰ
454 1639 545 1698 ταῦτα
566 1636 599 1698 δὲ
622 1633 665 1696 ότι
688 1634 721 1695 τδ
744 1633 848 1695 λευκόν
870 1635 921 1694 τοῦ
943 1631 1074 1714 γλυκέος,
1102 1634 1186 1695 πάλιν
1208 1632 1420 1718 αἰσθανόμενον
1441 1634 1507 1698 τότε

258 1740 309 1799 τοῦ
331 1740 447 1811 λευκοῦ,
470 1741 511 1806 ὡς
525 1736 598 1800 εἶναι
621 1737 652 1799 τδ
668 1734 740 1798 αὐτὸ
764 1735 816 1817 μὲν
831 1739 889 1797 τῶν
905 1720 1099 1819 διαφερόντων
1121 1735 1271 1819 αἰσθητῶν
1294 1736 1505 1822 ἀυτιληπτικόν,

258 1843 309 1902 τοῦ
330 1863 363 1903 τε
384 1840 507 1923 γλυκέος
533 1842 654 1904 καὶτοῦ
677 1841 799 1916 λευκοῦ,
828 1834 885 1919 οὐχ
908 1837 969 1919 ἅμα
992 1835 1034 1912 δέ,
1057 1837 1117 1900 ἀλλ’
1146 1838 1176 1901 ἐν
1200 1838 1290 1964 μέρει.
1336 1843 1376 1910 ῶς
1397 1840 1452 1925 γὰρ
1475 1840 1505 1904 ἕν

215 1957 244 2000 ιο
258 1965 285 2003 τι
306 1944 352 2005 δεῖ
372 1942 445 2006 εἰναι
468 1943 501 2005 τδ
523 1941 606 2024 λε’γον
629 1942 714 2025 ἕτερα
735 1939 807 2003 εἰναι
830 1940 863 2002 τδ
881 1939 974 2064 ,γλυκὺ
1001 1941 1049 2002 καὶ
1071 1941 1249 2015 λευκόν,”
1213 1965 1306 2012 ουτως
1328 1945 1376 2009 καί
1400 1942 1450 2008 ότε
1472 1944 1505 2006 τδ

172 2038 179 2049 '
258 2045 355 2146 ἕτερρν
377 2050 428 2108 τοῦ
451 2045 588 2129 ἑτέρου
574 2043 717 2129 οιαφέρειν
739 2042 832 2126 λέγοι,
858 2040 923 2105 τότε
946 2043 993 2105 καὶ
1017 2043 1049 2106 τὸ
1074 2044 1171 2128 ἕτερον
1193 2049 1244 2109 τοῦ
1268 2045 1378 2130 ἑτέρου,
1401 2047 1449 2109 καί
1472 2044 1506 2109 55

257 2147 379 2232 λέγειν
373 2147 460 2211 αόνον
483 2147 526 2210 ότι
549 2146 678 2231 διαφέρει
700 2149 790 2208 ταῦτα
812 2144 958 2229 ἀλλήλων,
986 2145 1061 2208 ἀλλὰ
1084 2146 1171 2209 καί”
1155 2169 1198 2210 οτι
1220 2152 1268 2210 νῦν
1291 2149 1433 2234 διαφέρει·
1457 2128 1506 2211 555

256 2250 322 2334 γὰρ
338 2249 428 2334 λέγει,
456 2251 499 2314 ότι
526 2253 575 2313 νῦν
599 2248 737 2333 διαφέρει.
782 2248 890 2332 τδγαλρ
913 2248 1005 2331 λέγειν
1032 2249 1108 2312 ἐστὶν
1136 2249 1280 2336 αἰτιρτδ
1304 2251 1504 2316 αἰσθάνεσθαι.
1520 2268 1548 2309 ο·

257 2351 320 2414 ἀλλ’
347 2354 373 2415 εἰ
395 2357 490 2428 τοῦτο,
513 2354 560 2416 καί
584 2352 646 2436 ἅμα
667 2351 764 2414 αἰτῶν
787 2350 960 2434 αἰσθήσεται
982 2352 1029 2414 καὶ
1052 2351 1082 2414 ἐν
1105 2357 1148 2437 τῷ
1172 2352 1253 2438 αὐτῷ
1278 2353 1386 2440 χρόνῳ.
1431 2355 1506 2419 ἀλλὰ

209 2471 241 2515 αα
257 2457 316 2538 μὴν
338 2454 478 2518 ἀδύνατον
501 2458 583 2519 δοκεῖ
607 2455 639 2518 τό
663 2453 744 2539 αὐτό
761 2477 787 2517 τι
815 2453 846 2516 όν
874 2450 937 2517 κατ’
966 2454 1090 2538 ἀριθμόν
1119 2457 1213 2541 ἐντῷ
1236 2455 1318 2541 αἰτῳ
1347 2458 1395 2520 καί
1418 2458 1507 2521 ἀδιαι-

256 2557 333 2643 ρέτῳ
356 2557 455 2643 χρόνῳ
471 2560 587 2628 πλείους
608 2581 640 2621 τε
661 2559 710 2621 καὶ
731 2555 933 2641 διαφερούσας,
956 2554 998 2620 ἔτι
1020 2581 1052 2620 τε
1072 2558 1201 2629 ἐναντίας
1224 2560 1349 2644 κινήσεις
1364 2560 1506 2625 κινεῖσθαι

255 2663 306 2724 καὶ
335 2661 398 2745 ἅμα
424 2662 550 2725 πλείοσιν
577 2660 759 2745 ὁμοιοῦσθαι.
804 2663 889 2722 τοῦτο
911 2657 937 2722 δ’
965 2658 1000 2722 55
1021 2660 1140 2743 γίνοιτο,
1168 2662 1194 2725 εἰ
1220 2662 1312 2732 οὕτως
1340 2663 1392 2747 μὲν
1419 2664 1438 2746 5
1465 2661 1507 2726 αἴ·
1604 2697 1609 2711 ·

257 2765 364 2846 σθησις
386 2767 427 2832 ῶς
446 2763 613 2848 προείρηται
635 2765 751 2846 γίνεται,
774 2765 803 2826 αἱ
825 2759 850 2826 δ’
871 2762 929 2826 ἀπὸ
953 2768 1011 2826 τῶν
1034 2763 1168 2827 ἐναντίων
1190 2765 1339 2849 αἰσθητῶν
1361 2767 1506 2850 φυόμεναι

257 2869 387 2951 κινήσεις
408 2867 546 2930 ἐναντίαι·
579 2867 685 2949 γίνεται
709 2887 740 2929 τε
762 2865 854 2934 οὕτως
879 2864 913 2928 οἰι
938 2863 1023 2949 μόνον
1046 2865 1154 2951 ἄπορον
1176 2870 1210 2931 τδ
1232 2874 1290 2932 τῶν
1313 2867 1506 2954 διαφερόντων

211 2986 242 3030 55
256 2967 322 3033 κατ’
343 2968 420 3037 εἰδος
441 2969 591 3053 αἰσθητῶν
607 2968 673 3051 μίαν
695 2967 768 3030 εἰναι
790 2969 917 3053 κριτικὴν
936 2967 1083 3052 αἴσθησιν,
1107 2971 1248 3035 ἀλλὰκαὶ
1271 2972 1345 3036 πολὺ
1369 2972 1506 3057 πρότερον
1520 2989 1548 3031 τι

256 3075 307 3137 ἐπὶ
328 3077 386 3135 τῶν
410 3076 463 3155 μιᾷ
490 3071 627 3155 αἰσθήσει
654 3070 866 3153 ὑποκειμένων,
894 3070 954 3134 οἰου
981 3071 1012 3133 ἐν
1034 3076 1203 3158 χρώμασιν,
1230 3075 1271 3138 ὧν
1297 3077 1317 3160 5
1341 3073 1406 3161 όψις
1433 3077 1506 3140 ἀντι-

255 3176 396 3261 ληπτική,
418 3179 481 3244 πῶς
502 3176 522 3258 5
540 3172 604 3259 ὄψις
619 3175 772 3259 δυνήσεται
793 3173 915 3261 τὰςιτοῦ
931 3176 1037 3238 λευκοῦ
1057 3178 1151 3240 τεκαὶ
1176 3175 1179 3261 1
1206 3177 1328 3259 μέλανος
1343 3181 1488 3266 γνωρίζειν
1507 3196 1558 3240 ιυτι
1623 3250 1626 3257 .

213 3279 219 3287 ’
255 3279 412 3363 διαφοράς,
440 3275 521 3359 εἴγε
543 3278 589 3339 δεῖ
610 3277 662 3359 μὲν
685 3276 775 3359 αὐτὴν
798 3276 859 3358 ἅμα
881 3276 977 3339 αὐτῶν
1000 3280 1145 3343 ποιεῖσθαι
1168 3282 1220 3364 τὴν
1242 3282 1404 3368 ἀντιληψιν,
1431 3287 1450 3369 5
1474 3286 1507 3348 δὲ

255 3380 408 3465 οἰντιληψις
431 3380 477 3443 διὰ
500 3384 552 3462 τῆς
574 3380 646 3463 πρὸς
668 3379 704 3442 τὰ
724 3379 850 3463 αἰσθητὰ
873 3381 1053 3462 όμοιῶσεως,
1076 3381 1216 3446 ἀδύνατον
1239 3385 1281 3447 δὲ·
1294 3385 1356 3467 ἅμα
1377 3387 1410 3450 τδ
1434 3387 1504 3451 αὐτὸ

212 3502 241 3544 κυ
254 3488 317 3554 τοῖς
339 3483 477 3551 ἐναντίοις
499 3484 688 3566 όμοιοῦσθαι;
713 3482 732 3565 5
755 3482 781 3545 εἰ
797 3483 964 3566 μὲνόῦτως
987 3487 1104 3559 κινοῖτο,
1129 3488 1169 3554 ὡς
1191 3487 1314 3572 πάσχειν
1337 3498 1373 3552 τε
1390 3491 1438 3552 καί
1461 3491 1504 3554 δέ·

254 3589 365 3674 χεσθαι
388 3586 421 3649 55
443 3586 545 3649 λευκδν
568 3588 615 3649 καὶ
638 3587 670 3648 τδ
694 3586 798 3669 μέλαν,
822 3586 884 3670 ἅμα
908 3585 941 3649 ἂν
964 3587 1162 3670 ἀναλαμβάνοι
1184 3588 1220 3651 τὰ
1240 3589 1365 3665 ἐναντία,
1388 3589 1505 3662 όέστιν
1571 3649 1576 3661 ,

204 3745 293 3752 .——-
297 3744 592 3751 ——-——--..-.-.-—

201 3826 273 3879 3-8
291 3828 336 3878 καὶ
353 3828 493 3898 γὰρ-ναῦς
511 3827 590 3905 κρίνει
607 3843 658 3880 om.
764 3827 865 3880 12-13
884 3826 1039 3895 πάλιν-τοῦ
1058 3825 1163 3897 λευκοῦ]
1182 3846 1256 3883 ννεοιι
1275 3849 1303 3883 ετ
1320 3833 1386 3885 auch
1406 3850 1451 3885 zur
1470 3834 1558 3888 selben
1639 3902 1642 3909 Ι

202 3915 261 3966 Μ
280 3914 326 3966 das
346 3915 448 3967 Weisso
466 3916 629 3968 wahrnimmt
739 3914 768 3966 13
792 3913 838 3983 ὡς]
858 3914 912 3967 und
1022 3915 1157 3985 155595]
1176 3917 1358 3971 unidentische
1377 3921 1559 3987 verschi555no

205 4000 307 4052 15-18
329 4001 518 4071 νῶν-διαφέρει
535 4017 586 4055 om.
694 3999 726 4052 55
745 4000 959 4071 τοῦτο-γίνοιτο]
979 4001 1034 4055 dies
1053 4004 1090 4055 sei
1109 4005 1258 4072 notwendig
1364 4007 1397 4060 55
1415 4006 1479 4060 5555
1499 4009 1559 4080 πρό·
1613 4031 1618 4041 ·

202 4106 274 4160 τερον
292 4087 421 4160 (όπορονη
440 4105 468 4141 σε
487 4089 548 4141 wird
568 4091 611 4142 ein
630 4089 764 4142 fihnlicher
781 4088 885 4141 Zweifel
904 4089 967 4141 viel
987 4089 1028 4143 die
1048 4091 1132 4160 Dinge
1150 4091 1241 4143 treffen
1324 4093 1354 4145 31
1375 4094 1558 4166 ἀναλαμβάνοι]

203 4175 288 4227 addit:
308 4177 351 4228 boi
370 4177 481 4230 meinem
500 4175 589 4229 Leben

109 4379 115 4393 ’
204 4379 345 4467 ἰίυτίεεερ
363 4380 483 4452 διαφορὰν
500 4385 567 4445 (τοῦ)
585 4380 614 4434 55
633 4381 707 4441 αῦτός
804 4385 866 4458 πρὸς
883 4386 929 4456 τὴν
946 4389 992 4438 τοῦ
1011 4384 1041 4438 οῦ
1059 4384 1234 4457 οἰνκ-ήσθιτο
1253 4403 1303 4441 om.
1322 4405 1338 4441 α
1435 4390 1537 4444 5-—6
1523 4411 1559 4450 ως

206 4469 247 4534 μίν
264 4469 349 4539 ‘555-
356 4475 439 4540 κρῖναι
457 4484 508 4522 om.
527 4486 543 4523 ιι
667 4473 701 4525 10
727 4473 775 4526 hoc
793 4473 870 4527 dicit:
893 4474 1034 4538 differentia
1054 4493 1099 4524 non
1118 4476 1153 4525 ιἰα
1171 4494 1284 4542 coquom
1299 4489 1391 4542 μοιεει,
1415 4490 1440 4529 κι
1456 4480 1558 4548 primum

205 4553 271 4605 5552
288 4558 320 4608 55
337 4556 395 4607 αἰδο
412 4557 529 4608 ιίἰυετευοι
549 4577 602 4610 esse
620 4578 750 4626 5595505555
773 4561 833 4624 (λου
848 4562 932 4628 priore
951 4573 1054 4626 tempore
1072 4561 1141 4612 dulce
1160 4562 1319 4614 tantummodo
1338 4566 1558 4630 animadvertens),

207 4651 249 4692 m·
267 4645 347 4695 αἰόιανι
365 4662 382 4694 α
400 4645 470 4697 dulci
487 4647 546 4710 (500
564 4647 641 4698 altero
659 4650 774 4718 temporis
791 4661 904 4701 momento
922 4650 1001 4700 album
1020 4627 1232 4714 animadveriem)
1315 4652 1330 4703 7
1350 4651 1434 4704 αἰετῶν
1454 4654 1559 4720 scripsi:

208 4726 286 4780 αἰτῶν
304 4731 344 4783 Va
450 4734 467 4786 8
494 4732 633 4803 αἰσθήσεων
651 4750 702 4788 om.
720 4752 736 4788 5
845 4738 873 4789 ll
899 4733 993 4790 ότιλίι
1012 4728 1113 4809 ἅραιιΙ
1203 4737 1234 4789 12
1261 4735 1453 4811 ότι1ἰ.ἀραα

190 4813 312 4964 15:575:
330 4818 438 4872 τοῦδεο
554 4822 585 4875 15
613 4821 684 4894 ἰτιρα
702 4822 808 4892 λίγυνα
928 4825 958 4877 16
986 4823 1084 4894 λίγεια
1205 4827 1274 4878 16-
1285 4827 1313 4878 17
1342 4826 1372 4878 οἰν
1390 4825 1488 4897 λίγεια

214 4903 223 4952 l
260 4907 346 4958 τιλε
365 4907 449 4979 όραα
