3540 5610
206 299 248 362 96
694 293 846 351 ΑἰίθΡίίίΝ
866 294 927 350 ΚΑΙ
946 293 1081 350 ΛΥΣΕΩΝ

258 466 394 534 ἐναντίων
422 472 556 552 δυνάμεις
586 467 656 555 ἔχον
684 469 741 554 ούχ
763 470 857 538 οὕτως
884 467 964 554 ἐχειν
991 467 1108 531 δύναται
1133 468 1237 543 αότάς,
1265 470 1306 536 ῶς
1332 466 1396 550 άμα
1418 465 1516 530 αὐτῶν

259 572 380 642 καὶτὰς
403 573 546 657 ἐνεργείας
568 572 718 657 δέχεσθαι.
762 573 918 654 ἀναγκαῖον
941 571 994 654 γάρ
1018 570 1092 633 κατὰ
1114 568 1165 639 τὰς
1187 568 1332 654 ἐνεργείας
1353 567 1426 632 αύτέ
1449 569 1559 631 διαυεε

261 675 389 755 ρεῖσθαι,
419 679 459 743 ὡς
481 676 511 739 ἐν
533 673 615 759 ἄλλιρ
640 675 692 756 μὲν
715 673 814 758 χρόνῳ
839 675 872 736 τὸ
896 674 994 757 ἕτερον
1017 672 1113 735 αὐτῶν
1136 672 1298 754 γίγνεσθαι,
1326 672 1356 735 ἐν
1379 669 1463 753 άλλφ
1486 668 1519 731 δέ

259 776 292 837 τὸ
315 777 422 862 ἕτερον,
445 779 463 860 ή
487 778 520 841 δέ
542 775 679 859 αἴσθησις
701 776 764 857 ἅμα
778 773 886 860 ἔκρινεν
909 773 1005 837 αύτῶν
1028 774 1079 842 τὰς
1094 775 1244 857 διαφοράς,
1268 775 1310 842 ῶς
1332 772 1394 854 άμοι
1416 770 1515 834 αὐτῶν

224 896 239 944 5
259 878 457 963 αἰσθανομένη
480 881 527 943 καὶ
550 878 586 941 τά
608 876 671 961 είδη
699 879 897 962 λαμβάνουσα,
922 875 926 961 Ι
950 877 981 940 εί
998 900 1031 959 γε
1053 877 1086 939 τό
1107 876 1300 940 αἰσθάνεσθαι
1323 875 1353 937 ἐν
1375 878 1414 957 τῇ
1437 878 1498 936 τῶν
1521 879 1570 936 183

259 982 344 1044 εἰδῶν
367 987 425 1045 τῶν
447 983 597 1065 αἰσθητῶν
624 982 721 1064 λήψει.
767 980 831 1043 ἐπεὶ
853 980 886 1043 δέ
907 981 955 1044 καὶ
978 978 1075 1062 νόησις
1102 980 1185 1041 δοκεῖ
1209 982 1247 1060 τῇ
1275 980 1326 1039 τού
1348 973 1445 1044 εἴδους
1465 977 1517 1037 τού

258 1084 415 1165 νοουμένου
436 1087 523 1169 λήψει
545 1083 688 1166 γίνεσθαι,
715 1084 761 1145 διὰ
782 1086 868 1145 τοῦτο
891 1081 969 1145 εἶπεν
991 1082 1025 1145 τὸ
1051 1081 1082 1143 εἰ
1105 1084 1243 1143 τοιοῦτο
1266 1078 1435 1162 αἴσθησις
1458 1077 1516 1140 καὶ

259 1185 278 1266 ἡ
302 1184 432 1267 νόησις.
467 1187 557 1249 εἰπὼν
580 1186 613 1248 δέ
627 1188 717 1247 ταῦτα
739 1184 787 1247 καὶ
802 1184 906 1259 δείξας,
929 1183 973 1247 ότι
997 1183 1075 1263 μένει
1098 1181 1141 1246 ἔτι
1163 1181 1384 1265 ήάπορηθεῐσα
1407 1178 1515 1263 ἀπορία
1545 1194 1560 1235 ὅ

259 1288 300 1354 ῶς
320 1285 389 1370 <μή>
411 1289 554 1371 δυναμένη
577 1286 708 1359 λύεσθαι,
731 1285 768 1372 ὄχ’
790 1286 831 1349 ῶν
854 1286 1022 1370 ἐπήνεγκεν,
1045 1284 1125 1366 ήῶς
1146 1288 1281 1369 προεῖπεν
1303 1281 1372 1346 ἀλλ’
1394 1283 1516 1364 ὥσπερ

209 1408 240 1455 10
258 1391 299 1473 ἣν
330 1391 479 1453 καλοῦσί
504 1413 594 1459 τινες
629 1390 778 1472 στιγμὴν
811 1390 831 1472 ή
861 1390 920 1472 μία
949 1389 968 1471 ἢ
996 1388 1070 1462 δύο,
1102 1388 1211 1469 ταύτη
1246 1386 1303 1449 καὶ
1337 1383 1514 1468 διαιρετή,

259 1493 308 1554 καί
330 1492 365 1554 τά
388 1491 464 1556 άλλα
490 1491 526 1554 τὰ
549 1493 596 1555 ἐπὶ
618 1492 742 1565 τούτοις,
773 1493 836 1576 ήτις
857 1492 932 1561 λέξις
959 1490 1073 1575 σφόδρα
1100 1490 1223 1573 ἀσαφῶς
1249 1511 1281 1552 τε
1308 1487 1355 1551 καί
1378 1485 1517 1571 βραχέως
1532 1503 1560 1544 ιυ

258 1593 397 1679 εἰρημένη
424 1599 537 1657 τοιοῦτο
568 1593 710 1676 σημαίνει.
761 1593 837 1663 ἀξιοῖ
860 1597 989 1656 τοιοῦτον
1020 1592 1092 1655 εἰναι
1119 1593 1152 1654 τὸ
1181 1588 1206 1674 ᾧ
1240 1592 1258 1673 ἡ
1286 1588 1425 1672 αἴσθησις
1455 1592 1517 1657 τοῖς

260 1693 349 1779 ζηίοις
370 1697 475 1778 γίνεται
498 1702 555 1758 τῶν
571 1696 732 1777 αἰσθητῶν,
755 1699 796 1765 ῶς
811 1697 951 1759 δύνασθαι
974 1696 1036 1777 ἅμα
1052 1695 1104 1778 μέν
1127 1693 1158 1755 ἐν
1178 1692 1261 1767 εἶναι,
1285 1694 1346 1775 ἅμα
1361 1692 1394 1756 δέ
1409 1692 1517 1764 πολλά,

258 1796 349 1867 οὕτως
372 1802 412 1867 ῶς
435 1799 483 1861 καί
505 1799 537 1860 τὸ
554 1802 688 1881 σημεῖον,
711 1797 779 1860 όταν
797 1801 838 1866 ῶς
853 1801 970 1860 πολλῶν
991 1802 1134 1881 γραμμῶν
1156 1795 1246 1880 πέρας
1260 1795 1374 1878 ληφθῇ.
1409 1795 1439 1856 αἱ
1461 1794 1517 1877 γὰρ
1533 1810 1561 1851 15

208 1918 238 1966 15
257 1899 315 1961 άπὸ
331 1905 388 1962 τῶν
412 1906 464 1983 τῆς
479 1901 661 1984 περιφερείας
683 1905 734 1963 τοῦ
755 1900 860 1964 κύκλου
883 1901 932 1963 ἐπὶ
952 1901 985 1963 τὸ
1001 1899 1116 1982 κέντρον
1138 1897 1278 1981 ἀγόμεναι
1293 1897 1407 1961 εὐθεῖαι
1423 1896 1516 1980 πέρας

258 1999 363 2086 έχουσι
391 2006 482 2065 πᾶσαι
508 2004 542 2064 τό
570 2001 685 2086 κέντρον
713 2006 764 2064 τού
791 2002 911 2076 κύκλου,
939 2002 970 2064 ἓν
997 2007 1132 2085 σημεῖον,
1160 2001 1176 2064 ὃ
1200 2003 1321 2084 σημεῖον
1348 1999 1379 2062 ἓν
1407 1998 1440 2062 όν
1467 1999 1518 2061 καί

258 2106 353 2167 πολλά
375 2107 439 2172 πῶς
454 2103 539 2177 ἐστιν,
563 2102 631 2166 ὅταν
647 2107 688 2172 ῶς
703 2105 829 2188 ἑκάστης
851 2109 908 2166 τῶν
928 2107 1069 2187 γραμμῶν
1093 2102 1140 2165 ἐπ’
1163 2102 1234 2166 αὐτὸ
1257 2103 1408 2187 ἀχθεισῶν
1425 2099 1518 2184 πέρας
1531 2117 1561 2159 εν

257 2206 447 2291 λαμβάνηται.
485 2206 512 2268 εἰ
532 2204 587 2289 γὰρ
609 2207 723 2268 τοιοῦτό
748 2206 815 2288 τιή
839 2204 975 2289 αἴσθησις
997 2204 1055 2288 εἴη,
1077 2205 1153 2268 καθὸ
1177 2205 1229 2285 μέν
1252 2204 1283 2267 έν
1306 2228 1332 2267 τι
1354 2205 1402 2267 καὶ
1426 2204 1517 2267 ἀδιαί-

258 2308 340 2391 ρετόν
363 2308 455 2385 ἐστιν,
483 2307 514 2370 ἓν
537 2306 618 2371 ἔσται
645 2308 679 2370 τὸ
706 2313 800 2390 κρῖνον
826 2307 918 2390 (ἀλλὰ
940 2309 987 2371 καὶ
1014 2309 1076 2390 ἅμα
1098 2309 1187 2390 κρίνει
1212 2307 1249 2370 τά
1271 2308 1301 2370 ἐν
1328 2311 1388 2375 τοῖς
1409 2305 1517 2390 πέρασι

204 2429 238 2474 20
257 2416 315 2472 τῶν
337 2416 479 2494 γραμμῶν
502 2415 544 2494 τῷ
567 2411 661 2472 πάντα
684 2409 719 2472 τά
742 2409 852 2494 πέρατα
880 2410 943 2494 άμα
964 2410 1038 2473 εἰναι
1061 2411 1108 2473 καί
1131 2411 1161 2473 έν
1184 2408 1240 2491 τι),
1269 2409 1397 2472 καθόσον
1420 2411 1453 2473 δέ
1475 2413 1560 2478 6)ςὸ

256 2514 346 2594 τῆσδε
368 2514 415 2575 καὶ
438 2513 527 2594 τῆσδε
554 2511 643 2595 πέρας
675 2513 853 2597 λαμβάνεται
878 2512 881 2596 l
906 2515 954 2577 καὶ
981 2517 1108 2575 τοσαῦτα
1134 2512 1327 2596 λαμβάνεται,
1356 2510 1423 2575 όσαι
1447 2513 1496 2574 καί
1520 2519 1572 2577 184

258 2613 379 2687 εὐθεῖαι,
403 2615 506 2677 πολλά.
548 2615 596 2676 καὶ
618 2615 692 2678 κατὰ
713 2620 798 2678 τοῦτο
819 2619 903 2679 πάλιν
927 2616 1055 2679 καθόσον
1079 2615 1131 2697 μέν
1156 2613 1207 2678 ούν
1229 2615 1323 2676 πολλὰ
1345 2614 1382 2677 τά
1404 2613 1518 2698 πέρατα

259 2716 306 2777 καὶ
329 2717 529 2799 διαφερουσῶν
544 2721 697 2800 γραμμῶν,
720 2717 815 2780 πολλὰ
837 2715 918 2802 ἔσται
941 2717 977 2780 τὰ
997 2716 1152 2802 κρινόμενα
1175 2718 1224 2781 καί
1239 2716 1444 2802 κεχωρισμένα
1466 2718 1517 2780 καί

256 2817 428 2902 διαφέροντα
443 2818 491 2881 καί
507 2819 612 2902 τρόπον
627 2818 728 2901 τινά-ί·
747 2818 830 2882 ούπω
846 2819 1075 2905 κεχωρισμένον,
1095 2818 1224 2883 καθόσον
1239 2820 1273 2881 τὸ
1289 2818 1404 2902 κέντρον
1420 2822 1518 2883 πολλά
1544 2837 1560 2879 υ

203 2939 235 2986 25
255 2943 318 2988 πως
339 2919 390 3003 ήν,
418 2920 459 2982 ῶν
481 2920 602 2984 ἕκαστον
630 2922 753 3005 κριτικὸν
783 2921 813 2984 ὃν
841 2926 893 2985 τού
920 2923 950 2985 ἐν
978 2927 1015 3006 τῇ
1045 2922 1102 3005 ἰδίη
1128 2925 1252 3005 γραμμή
1280 2921 1395 2989 πάθους
1422 2919 1515 2997 ὄντος,

257 3021 385 3085 καθόσον
408 3023 440 3084 δέ
462 3022 492 3084 ἓν
515 3022 549 3084 τὸ
571 3022 605 3085 ἐκ
624 3024 739 3085 πάντων
763 3024 839 3086 ἐστὶν
862 3025 1019 3108 ἀδιάφορον
1041 3025 1090 3087 καὶ
1112 3025 1208 3106 πάντη
1230 3024 1263 3086 τό
1286 3022 1367 3099 αύτύ,
1389 3022 1462 3088 αύτέ
1484 3025 1516 3088 ἐν

256 3147 288 3185 τε
315 3121 396 3187 ἐσται
431 3126 464 3186 τό
495 3129 588 3209 κρῖνον
622 3126 670 3187 καὶ
698 3126 760 3208 ἅμα
791 3132 896 3210 κρῖνον.
946 3127 994 3190 καί
1027 3126 1060 3188 τὸ
1088 3127 1140 3208 μὲν
1175 3125 1216 3194 εἰς
1245 3126 1326 3190 λύσιν
1359 3127 1514 3211 εἰρημένον
1531 3145 1559 3188 ιε

257 3229 315 3288 τῶν
347 3226 540 3311 ἠπορημένων
567 3231 705 3290 τοιοῦτον.
753 3229 783 3290 τί
806 3229 837 3290 δέ
865 3233 994 3291 τοιοῦτον
1023 3230 1179 3314 λαμβάνειν
1207 3226 1284 3291 ἔστιν
1312 3228 1360 3291 ἐπὶ
1389 3235 1443 3313 τῆς
1473 3231 1514 3294 αἰ·

258 3329 409 3412 σθήσεως,
442 3325 509 3412 (ὡς)
542 3328 604 3409 σ’ίμα
638 3329 667 3390 έν
702 3352 733 3391 τε
767 3330 840 3392 εἰναι
872 3332 921 3393 καί
956 3331 1064 3404 πολλά,
1099 3331 1208 3412 ὁμοίως
1241 3336 1284 3414 τῷ
1318 3336 1368 3393 τοῦ
1403 3332 1513 3396 κύκλου

203 3448 238 3496 30
256 3429 367 3514 κέντρῳ
400 3435 442 3513 τῷ
475 3433 516 3498 ῶς
545 3430 648 3513 πέρατι
678 3435 735 3492 τῶν
769 3434 884 3494 πολλῶν
918 3431 1041 3495 εύθειῶν
1075 3432 1230 3516 ληφθέντι,
1267 3432 1302 3495 ού
1336 3430 1434 3517 ῥᾴδιον
1468 3436 1514 3499 εύ-
1528 3454 1557 3494 τε

257 3537 325 3615 ρεῐν.
373 3532 462 3613 σῶμά
487 3554 518 3594 τε
547 3530 601 3614 γάρ
628 3533 660 3593 τὸ
687 3529 812 3616 ἔσχατον
842 3534 1041 3618 αἰσθητήριον,
1076 3533 1106 3596 ἐν
1135 3530 1160 3618 ᾦ
1191 3534 1296 3616 γίνεται
1321 3534 1358 3596 τὰ
1383 3540 1443 3598 τῶν
1470 3539 1512 3600 αἰ-

257 3634 376 3717 σθητῶν
403 3635 499 3716 πάθη,
532 3635 579 3695 καὶ
611 3632 668 3718 οὐχ
695 3632 755 3697 οἷόν
787 3658 819 3698 τε
845 3635 880 3697 τὰ
907 3637 966 3698 άπὸ
997 3642 1055 3698 τῶν
1083 3635 1168 3698 πέντε
1195 3636 1393 3720 αἰσθητηρίων
1427 3641 1511 3723 πάθη

256 3735 477 3816 διαπεμπόμενα
504 3733 550 3795 ἐπ’
579 3735 648 3798 αύτὸ
677 3739 718 3804 ὡς
744 3736 791 3799 διά
819 3743 961 3820 γραμμῶν
992 3743 1034 3822 τῷ
1063 3737 1144 3821 αὐτῷ
1176 3738 1269 3822 μορίῳ
1296 3743 1347 3801 τοῦ
1375 3742 1558 3823 σώματοςευ

257 3838 431 3922 ἐπιβάλλειν.
475 3835 585 3918 γένοιτο
607 3837 662 3921 γάρ
684 3837 719 3901 ἂν
743 3840 827 3901 πάλιν
850 3841 880 3902 ἐν
903 3845 945 3924 τῷ
970 3840 1051 3924 αὐτῷ
1078 3839 1114 3902 τά
1135 3839 1250 3902 ἐναντία
1270 3839 1407 3923 γινόμενα
1429 3845 1512 3928 πάθη

203 3959 236 4007 35
256 3942 304 4003 καί
330 3939 452 4001 ἐναντίαι
479 3941 618 4021 κινήσεις,
647 3939 678 4003 εί
699 3963 732 4022 γε
759 3942 806 4004 διά
832 3943 965 4026 τοιαύτης
992 3944 1135 4026 κινήσεως
1161 3944 1181 4025 ἡ
1207 3940 1271 4005 κατ’
1299 3942 1443 4027 ἐνέργειαν
1471 3946 1512 4008 αί-

256 4043 369 4125 σθησις.
412 4039 481 4103 οόδέ
503 4040 556 4125 γάρ
579 4041 615 4104 τὰ
637 4039 688 4126 ἀφ’
715 4044 779 4112 ἐνὸς
800 4044 992 4128 αἰσθητηρίου
1015 4043 1235 4130 διαπεμπόμενα
1257 4045 1304 4107 ἐπ’
1332 4045 1403 4109 αύτὸ
1425 4048 1510 4132 πάθη

256 4143 304 4207 οἰά
326 4167 357 4206 τε
380 4142 453 4205 κατὰ
476 4144 509 4205 τὸ
531 4141 602 4205 αύτό
630 4143 729 4228 μόριον
751 4146 841 4209 αὐτοῦ
863 4147 1002 4228 γίνεσθαι,
1030 4146 1143 4228 ήοίον,
1171 4146 1252 4229 εἴγε
1277 4153 1336 4211 τῶν
1360 4148 1412 4231 μέν
1432 4149 1512 4233 ,ἐναν-
1527 4167 1557 4211 u

204 4347 375 4420 1ίχειν8ρ.τ
393 4349 451 4418 ἔχον
471 4348 528 4399 libri
612 4348 757 4400 Ἱτοιούτυν
777 4348 848 4417 ήὸρ.
928 4348 1043 4417 θμένει]
1063 4350 1108 4417 μὲν
1126 4350 1163 4420 εἴη
1174 4353 1211 4404 Sa
1293 4352 1363 4423 θμὴ
1382 4352 1525 4407 εύιί.θ’ἰοέ.

202 4432 233 4486 δι’
247 4435 284 4487 ῶν
297 4441 420 4505 προεῖπεν,
434 4434 569 4503 ἐπήνεγκεν
583 4435 650 4486 coni.
665 4434 720 4501 θρα
734 4433 815 4486 λύων
829 4434 973 4504 ἐπήνεγκεν,
994 4436 1029 4494 ῶς
1040 4444 1185 4505 προεῖπον,
1200 4438 1329 4492 Schwartz
1344 4439 1411 4493 bene
1497 4441 1533 4495 10
1552 4442 1570 4512 ἡ

202 4520 247 4589 μία
258 4523 285 4590 (η
299 4539 343 4590 μια
354 4523 389 4584 V)
402 4520 428 4571 αἱ
442 4521 514 4573 libri:
533 4518 549 4590 ή
570 4520 614 4587 μία
633 4516 709 4591 καὶή
731 4522 798 4573 vict.
818 4521 939 4584 cf.94,21
1018 4523 1048 4574 12
1068 4525 1180 4592 σημαίνει
1200 4525 1285 4592 aSp.:
1305 4525 1468 4595 σημαίνεινλί
1544 4527 1569 4579 ιθ

201 4609 240 4660 sio
259 4612 283 4658 ν
386 4606 417 4658 ιτ
441 4606 502 4659 ωτι
525 4606 664 4679 ιχυπιω]
690 4606 751 4658 τιτι
775 4607 827 4679 ιχυ
852 4610 879 4661 in
902 4609 941 4661 lit.
961 4614 984 4658 ν
1076 4610 1109 4661 νο
1136 4608 1217 4663 πολι
1238 4610 1295 4677 sp.:
1319 4611 1410 4664 κειται
1432 4611 1493 4665 libri
1552 4597 1559 4607 '

202 4694 235 4746 24
262 4694 372 4746 fortasse
394 4691 477 4746 οὕτω
500 4711 556 4766 κεχ.
580 4694 624 4757 (τὸ
648 4697 764 4762 κρῖνον)
883 4697 1057 4765 κεχωρισμένα
1080 4697 1124 4764 Sp.
1245 4696 1278 4750 25
1306 4703 1352 4750 τοῦ
1369 4697 1422 4751 Βέ
1445 4698 1504 4767 Spa
1534 4705 1572 4776 τῇ

202 4782 302 4833 VB¹FS
408 4779 441 4832 26
465 4779 527 4831 αύτὸ
550 4780 576 4832 ἐν
596 4781 665 4831 vict.
688 4779 745 4848 sp.:
773 4780 843 4849 αύτῷ
863 4781 888 4832 έν
908 4781 967 4834 libri
1075 4783 1108 4835 29
1133 4784 1168 4841 ὡς
1188 4783 1277 4836 addidi
1387 4784 1420 4836 37
1449 4784 1502 4837 οἰσν
1524 4803 1571 4841 su·

200 4872 318 4935 spectum
338 4866 477 4936 spongelio
583 4866 693 4918 fortasse
712 4864 764 4933 ἅμα
783 4865 815 4919 εἰ.
829 4866 889 4930 97,2
