3540 5610
199 307 262 370 '206
643 304 871 362 ΑΛΕΞΑΝΔΡΟΥ
892 303 1118 361 ΑΦΡθΔΙΣΙΕΩΣ

254 478 371 561 ’ρύσεων
387 481 434 542 καὶ
458 479 620 561 ποιοτήτων
644 481 685 562 μὴ
709 479 922 562 ἀγνοουμένων,
945 481 993 542 καὶ
1016 477 1127 542 ἔπαινοι
1143 480 1191 542 καὶ
1214 477 1297 563 ψόγοι
1312 480 1361 542 καὶ
1375 480 1511 546 κολάσεις

254 581 302 641 καὶ
325 581 414 663 τιμαί.
459 586 549 645 ταῦτα
569 582 624 665 γάρ
658 582 750 650 ούτως
781 580 844 667 ἔχει
877 582 1052 649 ἀκολουθίας
1078 605 1110 644 τε
1133 583 1181 645 καὶ
1208 581 1341 650 τάΕεως’.
1387 580 1422 644 οῦ
1453 583 1511 663 μὴν

256 683 416 747 ἀκολουθεῖ
436 689 527 747 ταῦτα
549 681 590 746 ἔτι
613 688 713 747 τοῦτον
735 685 864 766 γίνεσθαι
887 687 936 747 τὸν
951 684 1057 767 τρύπον
1080 688 1141 752 τοῖς
1162 686 1215 767 τὴν
1237 685 1322 768 φύσιν
1346 708 1377 747 τε
1401 685 1451 746 καὶ
1473 683 1511 746 τὰ
1524 701 1552 742 σε

254 784 391 867 γινόμενα
412 788 585 870 κατὰφύσιν
609 788 649 856 εἰς
670 788 722 871 τὴν
745 787 922 871 εἱμαρμένην
945 810 977 849 τε
1000 787 1047 849 καὶ
1069 787 1121 870 τὴν
1137 787 1266 870 ἀνάγκην
1289 787 1510 870 μεταφέρουσιν.

219 889 327 955 οκατά
350 890 435 972 φύσιν
471 891 522 971 μὲν
545 890 598 972 γάρ
621 894 681 959 τοῖς
704 894 871 972 πρακτικοῖς
893 914 924 952 τε
947 890 995 952 καλ
1017 892 1141 970 λογικοῖς
1175 885 1263 972 ζῴοις
1291 889 1324 949 τὸ
1346 889 1395 952 καὶ
1419 890 1510 971 ἁμαρ·

254 992 347 1053 τάνειν
371 993 419 1053 καὶ
442 992 602 1075 κατορθοῦν
625 993 765 1055 δύνασθαι
789 997 831 1077 τῷ
857 992 1013 1075 μηδέτερον
1036 990 1134 1053 αὐτῶν
1156 994 1248 1054 ποιεῖν
1272 989 1510 1074 κατηναγκασμέ-

255 1116 321 1167 νως,
356 1094 402 1156 καὶ
437 1092 515 1156 τοῦτ’
543 1093 653 1177 ἀληθές
686 1094 747 1160 ἐστι
783 1096 830 1157 καὶ
853 1099 954 1157 τοῦτον
988 1091 1052 1177 ἔχει
1075 1095 1124 1155 τὸν
1146 1092 1263 1176 τρόπον.
1308 1091 1343 1154 ού
1367 1094 1425 1175 μὴν
1448 1096 1509 1158 τοῖς
1522 1109 1549 1151 ει

256 1197 348 1258 πάντα
372 1196 544 1277 ἀποιοῦμεν
567 1197 597 1265 ἐξ
620 1197 748 1280 ἀνάγκης
770 1198 849 1279 ἡμᾶς
871 1202 963 1259 ποιεῖν
983 1197 1114 1278 λέγουσιν
1130 1195 1229 1259 ἕπεται
1251 1195 1318 1263 τοὺς
1341 1195 1393 1276 μὲν
1409 1217 1510 1277 κατορ·

255 1297 325 1359 θοῦν
365 1303 423 1360 τῶν
471 1302 594 1380 λογικῶς
634 1299 840 1380 ἐνεργούντων,
887 1300 953 1367 τοὺς
995 1297 1021 1360 θ’
1068 1299 1252 1381 ἁμαρτάνειν.
1309 1297 1340 1366 ἐξ
1381 1298 1510 1379 ἀνάγκης

206 1421 235 1465 10
254 1400 286 1461 δὲ
324 1403 417 1462 πάντα
454 1405 591 1482 ποιοῦμεν
632 1399 701 1463 καθ’
741 1400 791 1469 οὓς
834 1401 973 1463 ἀδύνατον
1012 1401 1064 1482 μὲν
1100 1400 1194 1463 τῶνδέ
1231 1423 1314 1463 τινων
1352 1402 1507 1483 περιεστώ·
1521 1414 1550 1456 ε)

254 1526 311 1564 των
346 1504 387 1585 μὴ
422 1504 561 1586 πράσσειν
594 1504 686 1586 ἡμᾶς,
724 1503 759 1567 τά
793 1502 820 1565 δ’
849 1503 879 1571 ἐξ
912 1504 1039 1586 ἀνάγκης
1063 1504 1066 1587 γ
1091 1504 1171 1587 ημᾶς
1203 1504 1249 1566 ἀεὶ
1283 1503 1489 1586 περιστήσεται
1514 1508 1562 1563 108

256 1610 347 1667 ταῦτα
374 1603 410 1666 δι’
439 1605 457 1666 ἀ
484 1607 662 1688 πράσσομεν.
708 1604 742 1667 ού
765 1606 819 1688 γὰρ
847 1607 895 1668 τὸν
931 1607 1065 1669 ὁπωσοῦν
1099 1606 1200 1689 χαρίεν
1234 1610 1371 1668 ποιοῦντα
1406 1606 1510 1689 καθορ·

257 1709 328 1768 θοῦν
352 1731 393 1774 τις
415 1707 502 1788 λέγει,
536 1707 596 1769 ἀλλ’
624 1706 686 1769 οὐδ’
714 1708 888 1790 ἁμαρτάνειν
911 1709 959 1770 τὸν
982 1710 1118 1771 ὁπωσοῦν
1145 1707 1256 1791 φαῦλόν
1283 1731 1309 1769 τι
1337 1709 1509 1790 πράττοντα,

256 1808 314 1871 ἀλλ’
343 1810 368 1871 εἰ
392 1811 526 1872 ὁπωσοῦν
550 1811 580 1871 ἐν
602 1810 719 1894 ἐέουσίηι
751 1834 793 1879 τις
828 1812 868 1872 ὢν
891 1816 949 1874 τῶν
983 1810 1126 1895 χειρόνων
1159 1811 1283 1893 αἱρεῖται
1309 1810 1357 1872 καὶ
1387 1813 1509 1892 πράσσει
1536 1828 1550 1868 ε

205 1933 234 1980 15
255 1911 302 1996 [ἡ]
325 1914 360 1975 τὰ
383 1913 487 1996 βελτίω
510 1918 611 1975 τοῦτον
634 1912 756 1995 λέγομεν
779 1914 950 1997 κατορθοῦν.
996 1915 1044 1975 τὸν
1077 1916 1145 1995 γοῦν
1179 1913 1216 1975 τά
1242 1911 1317 1974 αύτὰ
1336 1915 1429 1974 ταῦτα
1452 1914 1511 1974 ἀπὸ

255 2017 348 2100 τύχης
371 2018 531 2098 ποιήσαντα
555 2015 650 2078 οὐκέτι
673 2015 794 2098 λέγομεν
828 2016 988 2099 κατορθοῦν
1023 2018 1063 2084 ὡς
1086 2019 1136 2077 τοῦ
1159 2015 1321 2097 κατορθοῦν
1343 2015 1397 2097 τὴν
1419 2015 1511 2097 κρίσιν

256 2118 308 2180 ούκ
330 2119 388 2180 ἀπὸ
413 2124 470 2180 τῖον
504 2118 708 2200 πραττομένων
735 2116 854 2202 ἔχοντος
884 2117 981 2200 μὸνον,
1016 2118 1091 2179 ἀλλὰ
1112 2116 1186 2179 πολύ
1214 2116 1353 2201 πρύτερον
1376 2116 1434 2177 ἀπὸ
1458 2121 1511 2199 τῆς

256 2221 344 2289 έξεώς
367 2245 398 2282 τε
421 2222 468 2282 καὶ
503 2221 654 2301 δυνάμεως
677 2218 727 2303 ἀφ’
755 2221 791 2303 ἧς
813 2223 981 2303 πράσσεται.
1025 2221 1074 2281 καὶ
1106 2220 1122 2281 ὁ
1156 2218 1243 2287 αὐτὸς
1269 2218 1353 2301 λύγος
1379 2219 1427 2282 ἐπὶ
1450 2224 1509 2281 τῶν
1526 2237 1554 2278 ιυ

256 2324 482 2407 ἁμαρτημάτων.
529 2323 569 2384 ὧν
593 2324 625 2385 δὲ
647 2324 665 2404 ἡ
690 2323 804 2391 ἐξουσία
827 2327 878 2385 τοῦ
901 2325 1035 2406 πράττειν
1058 2322 1132 2386 α’λλα
1155 2323 1218 2385 τινὰ
1241 2320 1307 2406 παρ’
1328 2322 1348 2384 ἂ
1369 2324 1510 2405 πράττου-

202 2448 236 2493 20
255 2448 299 2488 σιν
322 2427 378 2487 ύπὸ
401 2431 459 2488 τών
482 2429 683 2507 περιεστώτων
707 2424 866 2509 ἀφῄρηται,
901 2425 984 2489 οὐδὲν
1007 2425 1088 2488 αὐτοὶ
1112 2428 1295 2489 συντελοῦσιν
1321 2425 1363 2492 εἰς
1389 2425 1422 2487 τὸ
1446 2423 1510 2509 [τά]

256 2530 354 2597 αὐτοῖς
376 2530 558 2610 περιεστάναι
581 2527 616 2590 δι’
645 2528 866 2611 ἁπράττουσιν.
912 2534 976 2596 πῶς
1009 2527 1043 2590 ἀν
1067 2525 1109 2590 ἔτι
1131 2528 1252 2595 τούτους
1273 2550 1316 2595 τις
1337 2527 1356 2610 ἢ
1380 2527 1511 2610 ἁμαρτά·
1528 2546 1556 2586 ιο

256 2656 312 2694 νειν
336 2655 355 2713 η
378 2632 540 2713 κατορθοῦν
563 2630 655 2711 λέγοι;
689 2628 756 2692 οὔτε
788 2629 843 2713 γάρ
866 2635 918 2713 τῆς
939 2629 1073 2713 τοιαύτης
1095 2629 1193 2702 ἕξεως,
1222 2627 1273 2713 ἀφ’
1301 2631 1338 2713 ἧς
1358 2629 1451 2692 τῶνδέ
1475 2654 1512 2691 τι·

256 2758 312 2795 νων
335 2737 537 2817 περιεστώτων
571 2735 635 2816 περὶ
658 2734 691 2794 τὸ
714 2735 783 2796 τάδε
799 2733 884 2813 τινά,
903 2736 1034 2816 πράττειν
1057 2734 1134 2817 ὁρμὴ
1163 2734 1280 2814 γίνεται,
1313 2731 1401 2799 αύτύς
1433 2732 1512 2794 ἐστιν

258 2837 288 2897 ἐν
311 2836 427 2918 ἐξουσία
461 2835 528 2897 οὔτε
550 2840 601 2897 τοῦ
623 2835 658 2896 τά
692 2840 871 2918 περιεστῶτα
904 2839 1023 2898 τοιαῦτα
1056 2834 1137 2898 εἶναι.
1182 2834 1230 2897 διά
1257 2837 1341 2897 τοῦτο
1374 2834 1428 2918 γὰρ
1452 2839 1511 2897 τῶν

203 2959 235 3006 25
255 2937 368 3020 άλύγων
394 2935 480 3022 ζώων
503 2937 586 3000 οὐδὲν
609 2938 718 3000 τούτων
741 2943 951 3021 κατηγορεῖται.
996 2936 1138 3019 άγὸμενος
1172 2938 1209 3020 δὴ
1243 2935 1292 2998 ἐπὶ
1320 2936 1353 2998 τὸ
1376 2937 1512 3020 πράττειν
1527 2954 1559 2996 w

258 3041 313 3103 ύπύ
336 3065 368 3103 τε
390 3040 477 3109 ἕξεως
499 3041 547 3102 καὶ
570 3043 767 3122 περιστάσεών
789 3063 872 3102 τινων
896 3041 1020 3122 μηδενὸς
1042 3040 1138 3123 κύριος
1160 3039 1247 3107 αύτὸς
1268 3043 1320 3101 τοῦ
1344 3040 1385 3121 μὴ
1408 3042 1512 3101 τοῦτον

259 3142 338 3226 ἔχειν
370 3145 418 3204 τὸν
452 3142 568 3224 τρόπον.
602 3140 664 3204 οὐδ’
693 3141 727 3204 ἀν
751 3143 924 3226 ἁμαρτάνειν
958 3141 999 3204 ἔτι
1022 3143 1041 3225 ἢ
1064 3142 1227 3225 κατορθοῦν
1259 3142 1308 3204 ἐπὶ
1336 3145 1396 3210 τοῖς
1417 3141 1514 3208 οὕτως

260 3245 466 3328 πραττομένοις
488 3245 609 3326 λέγοιτο.
655 3245 717 3307 ἐπεὶ
751 3246 784 3307 δὲ
807 3245 887 3307 οἵτε
910 3242 1020 3306 ἔπαινοι
1055 3246 1102 3306 καί
1125 3243 1219 3327 ψύγοι,
1253 3245 1387 3311 κολάσεις
1408 3267 1440 3305 τε
1463 3247 1511 3305 καὶ

265 3351 344 3429 τιμαὶ
368 3348 414 3409 ἐπὶ
439 3352 497 3414 τοῖς
521 3349 724 3430 ἁμαρτήμασίν
747 3372 778 3411 τε
801 3350 849 3410 καὶ
871 3349 1106 3431 κατορθώμασιν,
1134 3350 1175 3414 ὡς
1196 3347 1245 3409 καὶ
1267 3345 1349 3409 αὐτοὶ
1370 3346 1514 3428 λέγουσιν,
1529 3363 1559 3405 s

205 3472 238 3519 30
258 3454 346 3534 δῆλον
380 3454 421 3517 ώς
455 3451 669 3533 ἀναιρουμένων
704 3451 813 3514 τούτων
847 3449 985 3533 ἀναιροῖτ’
1014 3449 1048 3512 ἀν
1071 3450 1213 3513 κάκείνων
1247 3448 1377 3512 ἕκαστον.
1423 3451 1456 3510 τὸ
1479 3450 1514 3510 δὲ

256 3553 417 3636 κατορθοῦν
441 3553 488 3614 ἐπὶ
512 3557 570 3614 τῶν
594 3554 672 3615 θεῶν
696 3553 730 3615 οῦ
753 3554 858 3636 κυρίως
880 3552 915 3615 ἀν
937 3552 1060 3635 λέγοιτο,
1083 3548 1143 3614 ἀλλ’
1162 3555 1202 3619 ὡς
1225 3550 1287 3614 ἴσον
1302 3556 1346 3638 τῷ
1360 3552 1397 3614 τὰ
1413 3551 1513 3634 ἀγαθά

206 3863 215 3913 l
237 3861 383 3931 ποιητήτων
401 3862 429 3913 21¹³
559 3861 654 3913 ἔπαινοι
673 3861 709 3911 ιυ1
729 3874 793 3911 corr.
812 3876 844 3912 ex
863 3860 1042 3926 ἐπαινουμενου
1062 3862 1085 3910 V
1213 3859 1234 3910 l.
1255 3857 1272 3910 θ
1299 3859 1369 3927 τιμαλ
1387 3859 1432 3911 καὶ
1451 3859 1571 3919 κολάσεις

203 3952 252 4001 ΗΟ
361 3950 469 4016 θερμαὶ
488 3950 512 4000 a'
621 3948 696 3999 θέτι
714 3952 794 3999 ταῦτα
813 3947 852 3999 a¹²
957 3948 1040 3999 4alt.
1059 3946 1106 4015 τὴν
1125 3961 1175 3998 om.
1194 3946 1223 3996 οἳ
1310 3948 1461 4016 ανάγκηνλί

203 4038 217 4088 ἵ
238 4038 287 4105 μὴν
306 4042 357 4092 τοῖς
378 4037 440 4088 Vu':
461 4036 545 4103 μέντοι
564 4054 590 4104 γε
608 4042 659 4092 τοῖς
677 4036 716 4086 ε’·’τ
736 4036 821 4102 μέντοι
839 4053 866 4103 γε
886 4038 942 4087 ES:
961 4037 1047 4103 μέντοι
1064 4051 1092 4101 γε
1110 4032 1149 4085 ὅτι
1167 4032 1283 4086 Lond.0
1380 4035 1397 4086 8
1415 4036 1510 4100 πάντα]
1530 4053 1569 4105 pr.

202 4143 217 4174 α
237 4128 264 4176 in
285 4126 322 4176 lit.
344 4128 375 4174 V:
395 4126 477 4175 πάντα
495 4128 584 4186 (ποιεῖν
602 4124 629 4185 ἁ)
648 4124 777 4175 Schwartz
884 4124 969 4176 ἕπεται
988 4122 1094 4189 scripsi:
1114 4121 1199 4172 ἔπειτα
1218 4120 1278 4173 libri
1388 4122 1427 4174 10.
1451 4124 1478 4175 ll
1501 4141 1569 4192 περι-

203 4230 349 4280 στώτωνιιί
443 4230 467 4279 ll
490 4227 533 4295 τὰ]
553 4228 753 4278 ίυτιποοεταὸτα
847 4228 876 4279 12
895 4233 973 4280 ταῦτα
986 4233 1136 4295 suspectum
1228 4224 1260 4276 13
1280 4215 1435 4295 άμαρτάνειῦ
1450 4231 1488 4281 sic
1510 4233 1533 4280 V

206 4336 234 4384 ιι
256 4335 277 4385 ει
296 4351 319 4385 v.
334 4350 355 4385 c.
370 4339 401 4385 v:
422 4349 471 4383 om.
491 4334 529 4383 ον
626 4333 655 4382 ιο
674 4332 705 4382 τι
726 4332 816 4401 ρατιω
832 4335 936 4384 κύειν
956 4331 1106 4400 mmmm
1125 4336 1159 4384 B:
1179 4318 1196 4400 ι,
1215 4329 1247 4380 τι
1266 4319 1371 4397 βατιωι·
1390 4334 1428 4384 sic
1448 4336 1480 4383 v:
1500 4331 1517 4402 τ,
1537 4333 1567 4383 τε

204 4438 293 4507 βελτίω
317 4439 356 4488 2¹¹²
484 4438 513 4487 16
541 4440 628 4487 τουθ
740 4436 770 4486 18
797 4454 849 4487 των
870 4440 893 4486 V
1004 4436 1033 4487 19
1061 4436 1097 4488 ὧν
1117 4441 1153 4488 H:
1176 4423 1252 4504 ημῶν
1271 4436 1309 4486 εἰσ
1330 4439 1360 4486 V:
1381 4436 1457 4504 ἡμῶν
1475 4436 1527 4486 ³¹²:
1546 4438 1567 4487 τί

203 4544 249 4612 γὰρ
272 4542 332 4604 (del.
356 4540 392 4601 δέ)
415 4542 461 4591 B‘¹:
491 4540 527 4596 οἷς
551 4541 632 4591 Lond.
657 4544 679 4591 0
785 4542 823 4592 19.
844 4539 878 4591 20
907 4541 1083 4610 θπράττομεν
1102 4539 1136 4591 Β2
1260 4539 1295 4591 20
1317 4538 1401 4602 αύταὶ]
1424 4528 1512 4592 αῦτσὶσ
1531 4543 1567 4593 sie

203 4634 234 4679 V:
254 4628 337 4686 αύτοῐς
351 4628 390 4680 11¹²
479 4629 511 4678 τὰ
530 4631 652 4679 σηκλλὸι
672 4633 750 4680 ταῦτα
770 4629 847 4691 (conl.
867 4645 890 4677 v.
908 4629 948 4690 λθ)
968 4629 1039 4680 Diels
1140 4627 1170 4678 θλ
1201 4635 1288 4680 αυτοῖσ
1308 4632 1331 4678 V
1433 4631 1565 4698 <πτριιστά·

202 4720 275 4783 μονα)
293 4717 446 4784 περιεστάναι
467 4717 500 4766 3¹¹
588 4714 685 4771 τούτοις
703 4716 730 4766 α’)
819 4715 852 4766 ’23
872 4715 888 4781 ἠ
908 4715 974 4783 ὁρμὴ
995 4719 1030 4765 K:
1049 4713 1131 4784 ὁρμὴν
1151 4716 1190 4765 8¹²
1236 4730 1239 4734 ’
1283 4714 1317 4765 24
1337 4715 1362 4765 ἐν
1383 4731 1433 4767 om.
1453 4719 1480 4766 α’

203 4803 236 4854 25
263 4802 289 4854 δὲ
307 4802 346 4854 8¹²
464 4801 498 4854 ⁶28
526 4803 551 4854 οἵ
571 4820 598 4852 τε
618 4819 640 4852 ν.
660 4818 681 4853 c.
701 4818 763 4853 corr.
783 4819 815 4853 εκ
838 4801 937 4854 οὸτεθ
1045 4802 1078 4853 29
1106 4802 1187 4868 τιμαὶ]
1210 4819 1233 4852 τι
1253 4816 1272 4852 s.
1293 4816 1316 4852 ν.
1336 4804 1360 4851 V
1469 4802 1505 4854 30
1533 4803 1565 4855 τὸ

203 4892 291 4959 ιάιθ
