3540 5610
548 1551 710 1620 ΒΙΒΛΙΟΝ
739 1552 959 1620 ΔΕΥΤΕΡΟΝ.
1006 1553 1217 1620 ΚΕΦΑΛΑΙΑ
1522 1563 1557 1619 84
1584 1629 1586 1633 ,

283 1869 310 1909 α.
348 1843 409 1911 Ὅτι
433 1848 532 1910 ἕπεται
554 1852 613 1916 τοῖς
634 1848 682 1910 καὶ
704 1847 736 1909 τὸ
761 1836 883 1929 μέγεθος
906 1850 952 1910 καὶ
976 1849 1022 1910 τὸν
1039 1845 1142 1931 χρόνον
1166 1846 1195 1916 ἐξ
1218 1846 1388 1931 ἀδιαιρέτων
1411 1865 1546 1911 σοντι-ιο

404 1950 481 2013 θεῖσι
509 1952 541 2014 τὸ
569 1952 662 2013 πάντα
689 1951 725 2013 τὰ
751 1952 903 2032 κινούμενα
930 1950 1003 2014 κατὰ
1029 1955 1079 2013 τοῦ
1102 1951 1228 2034 ἀμεροῦς
1255 1951 1400 2035 ἰσοταχῶς
1422 1958 1505 2015 κινεῖ·

405 2056 481 2117 σθαι.
923 2112 926 2120 ,

222 2175 236 2221 5
281 2156 307 2239 β.
349 2155 497 2240 Ἐξήγησις
519 2157 624 2226 λε’ίειυς
649 2157 678 2219 ἐν
701 2162 743 2242 τῷ
773 2159 792 2220 οί
818 2158 882 2240 περὶ
907 2162 1004 2241 ψυχῆς
1028 2156 1031 2239 1
1057 2156 1155 2225 τέλους
1181 2156 1336 2240 εἰρημένης
1363 2158 1403 2226 εἰς
1426 2159 1504 2220 ἀναί-
1541 2165 1557 2221 4

405 2281 481 2342 ρεσιν
503 2264 554 2322 τοῦ
577 2261 628 2343 τὴν
651 2262 749 2345 ψυχὴν
773 2259 956 2344 αὐτοκίνητον
979 2259 1060 2322 εἶναι.

284 2386 310 2444 γ.
356 2360 405 2431 Τίς
428 2364 446 2445 ἡ
470 2363 527 2426 ἀπὸ
551 2369 602 2447 τῆς
625 2364 765 2446 κινήσεως
792 2367 842 2426 τοῦ
865 2363 946 2425 θείου
969 2367 1104 2443 σώματος
1131 2362 1296 2447 ἐγγινομένη
1319 2362 1438 2444 δύναμις
1459 2367 1504 2448 τῷ

400 2471 555 2547 γειτνιῶντι
579 2466 659 2549 αὐτῷ
683 2467 782 2551 θνητῷ
804 2489 835 2529 τε
858 2467 905 2528 καὶ
928 2467 957 2528 ἐν
980 2466 1090 2547 γενέσει
1114 2469 1235 2546 σώματι.
1533 2484 1547 2526 α

285 2568 310 2629 δ.
348 2565 409 2632 Ὁτι
431 2568 457 2629 εί
480 2572 529 2630 τοῦ
553 2566 599 2652 ἐφ’
626 2570 695 2650 ἡμῖν
721 2570 753 2631 τὸ
782 2569 974 2650 ἀντικείμενον
1001 2570 1042 2651 μὴ
1069 2567 1116 2652 ἐφ’
1144 2570 1228 2652 ἡμῖν,
1259 2567 1327 2632 οῦδὲ
1350 2568 1410 2651 [τὸ]
1433 2570 1506 2633 αὐτὸ

206 2688 236 2735 10
404 2668 449 2755 ἐφ’
477 2674 556 2755 ἡμῖν,
580 2669 703 2733 οὐδὲτὸ
726 2669 772 2755 ἐφ’
793 2673 861 2754 ἡμῖν
884 2669 929 2755 ἐφ’
958 2673 1027 2754 ἡμῖν
1050 2671 1121 2734 ἐστι.

283 2794 307 2834 ε.
353 2771 424 2856 Περὶ
447 2777 497 2835 τοῦ
520 2772 563 2834 ὅτι
585 2774 633 2835 καὶ
656 2775 688 2836 τὸ
711 2774 758 2858 ἐφ’
786 2776 855 2856 ἡμῖν
878 2772 946 2836 καθ’
974 2774 1159 2858 εἱμαρμένην.

282 2897 308 2943 ς.
356 2874 423 2943 ssas<
446 2877 491 2937 καὶ
509 2875 642 2959 ἀκίνητον
664 2876 710 2959 εἴη
734 2875 768 2938 ἂν
791 2878 823 2939 τὸ
847 2880 962 2960 πρῶτον
984 2881 1089 2947 κινοῦν,
1112 2876 1142 2939 εί
1153 2901 1186 2957 γε
1210 2878 1250 2945 ὥς
1272 2898 1358 2961 φησιν
1381 2877 1504 2942 ἕκαστόν
1520 2897 1548 2938 1ο

404 2979 478 3040 ἐστιν
502 2979 542 3040 ὧν
563 2979 638 3041 ἐστιν
660 2977 743 3062 ’ἔργον
767 2979 851 3042 ἕνεκα
875 2983 924 3041 τοῦ
941 2977 1035 3062 ἔργου,
1058 2981 1128 3042 θεοῦ
1152 2979 1177 3042 δ’
1199 2980 1325 3063 ἐνέργεια
1348 2981 1505 3056 ἀθανασία,

403 3085 486 3142 τοῦτο
509 3079 535 3143 δ’
563 3079 638 3156 ἔστι,
669 3083 730 3164 ζωὴ
755 3083 860 3156 ἀίδιος,
888 3079 957 3145 ὥστ’
985 3083 1094 3164 ἀνάγκη
1122 3087 1164 3166 τιρ
1193 3084 1256 3166 θεῷ
1281 3083 1390 3167 κίνησιν
1414 3085 1506 3148 ἀίδιον

204 3200 234 3247 15
405 3184 553 3267 ὑπάρχειν.
1519 3202 1546 3245 ιι

286 3290 310 3356 ί.
355 3285 405 3354 Τίς
427 3283 507 3349 ἔσται
530 3289 549 3370 η
574 3287 642 3369 ὕλη,
670 3287 695 3348 εἰ
718 3287 794 3370 παρὰ
822 3288 873 3368 μὲν
898 3293 949 3370 τῆς
972 3287 1136 3371 στερήσεως
1163 3285 1226 3371 ἔχει
1253 3289 1285 3350 τὸ
1307 3287 1408 3356 ἄποιος
1430 3287 1506 3351 εἶναι

402 3390 449 3451 καὶ
472 3391 704 3474 ἀσχημάτιστος,
732 3388 809 3473 παρὰ
831 3391 864 3453 δὲ
886 3395 936 3452 τοῦ
960 3388 1055 3457 εἴδους
1081 3391 1113 3452 τὸ
1136 3392 1320 3454 πεποιῶσθοιι
1342 3391 1390 3454 καὶ
1413 3392 1504 3476 ἐσχη-

404 3492 550 3574 ματίσθαι.

278 3616 307 3674 η.
353 3593 422 3663 Πῶς
445 3594 498 3657 οὐκ
520 3595 591 3658 αὐτὸ
614 3594 650 3658 δι’
676 3597 763 3658 αὑτοῦ
787 3596 911 3677 ὡρίσατο
934 3595 985 3677 τὴν
1009 3597 1106 3679 ψυχὴν
1129 3597 1299 3679 ὁρισάμενος
1321 3595 1546 3681 ἐντελέχειαναα

204 3715 238 3760 ‘20
407 3700 541 3780 σώματος
563 3703 685 3781 φυσικοῦ
708 3699 858 3782 ὀργανικοῦ
882 3700 1000 3781 δυνάμει
1024 3700 1100 3780 ζωὴν
1124 3695 1251 3782 ἔχοντος.

278 3801 305 3863 θ.
351 3800 419 3868 Πῶς
442 3800 475 3862 οὐ
499 3800 569 3884 πρός
592 3825 618 3863 τι
639 3804 658 3884 ιἠ·
682 3804 774 3886 ψυχή,
798 3802 822 3862 εἰ
845 3800 1008 3885 ἐντελέχεια
1031 3803 1166 3882 σώματος
1188 3801 1326 3864 τοιούτου.

289 3926 306 3963 ι.
345 3900 406 3967 Ὁτι
430 3904 470 3985 μὴ
493 3903 678 3988 αῦτυκίνητος
700 3930 719 3987 η
742 3905 836 3989 ψυχή.
1516 3925 1543 3967 ευ

269 4027 307 4065 ια.
353 4005 407 4067 Διὰ
429 4007 456 4067 τί
482 4007 514 4067 τὸ
537 4005 682 4087 γινόμενον
711 4006 744 4068 ἐκ
771 4012 823 4088 τῆς
851 4008 1016 4090 στερήσεως
1043 4010 1082 4074 ὡς
1110 4007 1288 4090 μεταβάλλον
1315 4007 1376 4090 ἅμα
1398 4010 1446 4071 καὶ
1470 4012 1503 4074 ἐκ

401 4112 451 4170 τοῦ
479 4109 605 4170 ἐναντίου
633 4107 713 4193 αὐτῷ
740 4112 742 4189 Ι
768 4109 955 4193 μεταβάλλει,
984 4107 1042 4190 είγε
1071 4109 1111 4191 μὴ
1135 4108 1238 4172 ταύτὸν
1267 4111 1340 4193 ἤτε
1366 4112 1501 4196 στέρησις
1537 4124 1553 4180 5

202 4230 234 4276 ‘25
402 4213 448 4274 καὶ
471 4212 503 4273 τὸ
527 4211 660 4274 ἐναντίον.

200 4517 215 4569 2
235 4528 294 4570 ante
313 4518 341 4570 τὸ
361 4519 409 4570 litt.
429 4534 501 4570 erasa
522 4522 543 4567 V
651 4520 667 4570 ι’)
689 4521 773 4590 ψυχῆς
789 4516 970 4589 Ἀριστοτέλους
988 4522 1027 4572 tit.
1047 4523 1090 4586 Sp.
1198 4520 1213 4571 θ
1233 4519 1289 4587 τοῦ]
1308 4524 1382 4571 τοῦτο
1401 4523 1441 4574 tit.
1462 4524 1507 4592 Sp.

202 4623 238 4673 pr.
257 4604 298 4674 τὸ]
322 4605 351 4657 οῦ
375 4606 402 4658 τὸ
421 4607 473 4657 tit.:
501 4604 528 4656 ὃν
547 4605 576 4657 τὸ
595 4607 662 4658 vict.
753 4606 830 4659 9a1t.
850 4607 878 4659 τὸ
897 4623 946 4659 om.
966 4610 1017 4660 tit:
1039 4608 1087 4659 del.
1107 4607 1150 4674 Sp.
1239 4606 1295 4658 οῦδὲ
1315 4607 1343 4658 τὸ
1362 4604 1404 4678 ἐφ’
1424 4610 1486 4678 ἡμῖν
1504 4611 1554 4665 del.

200 4694 269 4744 vict.
369 4693 399 4744 λθ
418 4693 461 4744 καὶ
479 4707 528 4744 om.
546 4695 586 4744 tit.
693 4693 722 4745 ἂν
741 4696 807 4746 κατὰ
822 4690 975 4765 Ἀριστοτέλη
996 4697 1035 4746 tit.
1141 4694 1216 4750 αῦτὸτ
1239 4710 1313 4763 φησιν
1336 4696 1388 4747 tit:
1417 4714 1492 4766 φησιν
1512 4698 1555 4751 αθ·

200 4779 242 4836 τὸς
261 4781 327 4832 vict.
348 4781 390 4847 Sp.
483 4779 512 4830 16
532 4778 556 4830 τί
573 4781 623 4831 ἐστι
642 4782 681 4832 tit.
771 4781 803 4849 τί]
823 4782 838 4851 ἢ
859 4784 898 4833 tit.
999 4785 1029 4833 12¹
1049 4782 1061 4834 θ
1080 4783 1125 4852 τὴν
1145 4784 1185 4832 tit.
1277 4782 1310 4833 20
1328 4781 1463 4853 ὀργανικοῦ
1482 4790 1507 4837 V

201 4867 234 4920 ’33
263 4867 297 4925 ὡς
317 4884 366 4919 om.
386 4870 425 4919 tit.
533 4870 573 4918 καὶ
592 4884 640 4919 om.
661 4870 700 4920 tit.
809 4871 840 4921 :¹4
860 4870 936 4922 αὐτοῦ
956 4870 997 4922 tit.
