<?xml version="1.0" encoding="UTF-8"?>
<!DOCTYPE html PUBLIC "-//W3C//DTD XHTML 1.0 Transitional//EN"
    "http://www.w3.org/TR/xhtml1/DTD/xhtml1-transitional.dtd">
<html xmlns="http://www.w3.org/1999/xhtml" xml:lang="en" lang="en">
 <head>
  <title>
</title>
<meta http-equiv="Content-Type" content="text/html;charset=utf-8" />
  <meta name='ocr-system' content='tesseract 3.04.00' />
  <meta name='ocr-capabilities' content='ocr_page ocr_carea ocr_par ocr_line ocrx_word'/>
</head>
<body>
  <div class='ocr_page' id='page_1' title='image "./supplementumari02arisgoog/supplementumari02arisgoog_0375.png"; bbox 0 0 3540 5610; ppageno 0'>
   <div class='ocr_carea' id='block_1_1' title="bbox 207 318 1078 386">
    <p class='ocr_par' dir='ltr' id='par_1_1' title="bbox 207 318 1078 386">
     <span class='ocr_line' id='line_1_1' title="bbox 207 318 1078 386; baseline 0.003 -12"><span class='ocrx_word' id='word_1_1' title='bbox 207 325 248 386; x_wconf 79' lang='lat' dir='ltr'>ssss</span> <span class='ocrx_word' id='word_1_2' title='bbox 695 320 846 377; x_wconf 78' lang='grc' dir='ltr'>ΑΗΟΡΙΩΝ</span> <span class='ocrx_word' id='word_1_3' title='bbox 866 318 927 375; x_wconf 84' lang='grc' dir='ltr'>ΚΑΙ</span> <span class='ocrx_word' id='word_1_4' title='bbox 947 320 1078 377; x_wconf 82' lang='grc' dir='ltr'>ΛΥΣΕΩΝ</span> 
     </span>
    </p>
   </div>
   <div class='ocr_carea' id='block_1_2' title="bbox 260 489 1513 580">
    <p class='ocr_par' dir='ltr' id='par_1_2' title="bbox 260 489 1513 580">
     <span class='ocr_line' id='line_1_2' title="bbox 260 489 1513 580; baseline -0.006 -22"><span class='ocrx_word' id='word_1_5' title='bbox 260 494 395 579; x_wconf 90' lang='grc' dir='ltr'>πρόνοιαν</span> <span class='ocrx_word' id='word_1_6' title='bbox 422 496 482 560; x_wconf 84' lang='grc' dir='ltr'>οἷόν</span> <span class='ocrx_word' id='word_1_7' title='bbox 511 521 541 560; x_wconf 88' lang='grc' dir='ltr'>τε</span> <span class='ocrx_word' id='word_1_8' title='bbox 568 497 659 578; x_wconf 88' lang='grc' dir='ltr'>λέγειν</span> <span class='ocrx_word' id='word_1_9' title='bbox 687 496 821 578; x_wconf 90' lang='grc' dir='ltr'>πρόνοιαν</span> <span class='ocrx_word' id='word_1_10' title='bbox 848 501 890 580; x_wconf 85' lang='grc' dir='ltr'>τῷ</span> <span class='ocrx_word' id='word_1_11' title='bbox 921 497 953 557; x_wconf 87' lang='grc' dir='ltr'>τδ</span> <span class='ocrx_word' id='word_1_12' title='bbox 982 494 1055 557; x_wconf 82' lang='grc' dir='ltr'>κατὰ</span> <span class='ocrx_word' id='word_1_13' title='bbox 1083 493 1267 577; x_wconf 79' lang='grc' dir='ltr'>συμβεβηκὸς</span> <span class='ocrx_word' id='word_1_14' title='bbox 1299 491 1329 554; x_wconf 88' lang='grc' dir='ltr'>ἐν</span> <span class='ocrx_word' id='word_1_15' title='bbox 1356 495 1444 554; x_wconf 84' lang='grc' dir='ltr'>πᾶσιν</span> <span class='ocrx_word' id='word_1_16' title='bbox 1468 489 1513 552; x_wconf 83' lang='grc' dir='ltr'>ἐπὶ</span> 
     </span>
    </p>
   </div>
   <div class='ocr_carea' id='block_1_3' title="bbox 225 596 1555 992">
    <p class='ocr_par' dir='ltr' id='par_1_3' title="bbox 225 596 1555 992">
     <span class='ocr_line' id='line_1_3' title="bbox 261 596 958 684; baseline -0.001 -23"><span class='ocrx_word' id='word_1_17' title='bbox 261 600 407 684; x_wconf 76' lang='grc' dir='ltr'>ἀναιρέσει</span> <span class='ocrx_word' id='word_1_18' title='bbox 429 605 480 663; x_wconf 86' lang='grc' dir='ltr'>τοῦ</span> <span class='ocrx_word' id='word_1_19' title='bbox 503 596 528 683; x_wconf 80' lang='grc' dir='ltr'><strong><em>ᾧ</em></strong></span> <span class='ocrx_word' id='word_1_20' title='bbox 554 600 715 663; x_wconf 71' lang='grc' dir='ltr'>συντίθεται</span> <span class='ocrx_word' id='word_1_21' title='bbox 738 598 958 683; x_wconf 67' lang='grc' dir='ltr'>προστίθεσθαι.</span> 
     </span>
     <span class='ocr_line' id='line_1_4' title="bbox 347 692 1555 788; baseline -0.01 -21"><span class='ocrx_word' id='word_1_22' title='bbox 347 701 405 767; x_wconf 82' lang='grc' dir='ltr'>Καὶ</span> <span class='ocrx_word' id='word_1_23' title='bbox 429 706 487 786; x_wconf 84' lang='grc' dir='ltr'>ἐγώ</span> <span class='ocrx_word' id='word_1_24' title='bbox 510 705 580 788; x_wconf 84' lang='grc' dir='ltr'>πρὸς</span> <span class='ocrx_word' id='word_1_25' title='bbox 603 701 704 765; x_wconf 88' lang='grc' dir='ltr'>αὑτόν·</span> <span class='ocrx_word' id='word_1_26' title='bbox 734 702 761 764; x_wconf 93' lang='grc' dir='ltr'>τί</span> <span class='ocrx_word' id='word_1_27' title='bbox 780 702 826 779; x_wconf 87' lang='grc' dir='ltr'>δέ;</span> <span class='ocrx_word' id='word_1_28' title='bbox 855 703 1008 784; x_wconf 79' lang='grc' dir='ltr'>ἀναγκαῖον</span> <span class='ocrx_word' id='word_1_29' title='bbox 1032 699 1106 763; x_wconf 88' lang='grc' dir='ltr'>εἶναί</span> <span class='ocrx_word' id='word_1_30' title='bbox 1128 720 1173 762; x_wconf 92' lang='grc' dir='ltr'>σοι</span> <span class='ocrx_word' id='word_1_31' title='bbox 1200 700 1281 761; x_wconf 83' lang='grc' dir='ltr'>δοκεῖ</span> <span class='ocrx_word' id='word_1_32' title='bbox 1301 697 1353 779; x_wconf 79' lang='grc' dir='ltr'>τὴν</span> <span class='ocrx_word' id='word_1_33' title='bbox 1376 692 1512 778; x_wconf 88' lang='grc' dir='ltr'>πρόνοιαν</span> <span class='ocrx_word' id='word_1_34' title='bbox 1529 708 1555 750; x_wconf 69' lang='grc' dir='ltr'>ιδ</span> 
     </span>
     <span class='ocr_line' id='line_1_5' title="bbox 262 798 1514 890; baseline -0.005 -25"><span class='ocrx_word' id='word_1_35' title='bbox 262 806 377 890; x_wconf 83' lang='grc' dir='ltr'>θατέρῳ</span> <span class='ocrx_word' id='word_1_36' title='bbox 401 808 509 869; x_wconf 84' lang='grc' dir='ltr'>τούτων</span> <span class='ocrx_word' id='word_1_37' title='bbox 533 805 756 889; x_wconf 81' lang='grc' dir='ltr'>προσγενέσθαι,</span> <span class='ocrx_word' id='word_1_38' title='bbox 784 807 832 868; x_wconf 84' lang='grc' dir='ltr'>καὶ</span> <span class='ocrx_word' id='word_1_39' title='bbox 855 807 913 867; x_wconf 84' lang='grc' dir='ltr'>δεῖν</span> <span class='ocrx_word' id='word_1_40' title='bbox 937 805 984 866; x_wconf 89' lang='grc' dir='ltr'>τόν</span> <span class='ocrx_word' id='word_1_41' title='bbox 1008 801 1234 886; x_wconf 71' lang='grc' dir='ltr'>ἀποκρινόμενον</span> <span class='ocrx_word' id='word_1_42' title='bbox 1256 801 1326 883; x_wconf 85' lang='grc' dir='ltr'>πρὸς</span> <span class='ocrx_word' id='word_1_43' title='bbox 1348 800 1397 862; x_wconf 83' lang='grc' dir='ltr'>τὺν</span> <span class='ocrx_word' id='word_1_44' title='bbox 1420 798 1514 866; x_wconf 85' lang='grc' dir='ltr'>οὑτως</span> 
     </span>
     <span class='ocr_line' id='line_1_6' title="bbox 225 900 1513 992; baseline -0.005 -25"><span class='ocrx_word' id='word_1_45' title='bbox 225 907 413 990; x_wconf 78' lang='grc' dir='ltr'>οέρωτῶντα</span> <span class='ocrx_word' id='word_1_46' title='bbox 440 910 459 992; x_wconf 79' lang='grc' dir='ltr'>ἢ</span> <span class='ocrx_word' id='word_1_47' title='bbox 487 909 711 992; x_wconf 85' lang='grc' dir='ltr'>προηγουμένως</span> <span class='ocrx_word' id='word_1_48' title='bbox 740 910 786 971; x_wconf 84' lang='grc' dir='ltr'>καὶ</span> <span class='ocrx_word' id='word_1_49' title='bbox 810 904 877 970; x_wconf 85' lang='grc' dir='ltr'>καθ’</span> <span class='ocrx_word' id='word_1_50' title='bbox 906 908 977 969; x_wconf 85' lang='grc' dir='ltr'>αὑτό</span> <span class='ocrx_word' id='word_1_51' title='bbox 1004 904 1133 988; x_wconf 87' lang='grc' dir='ltr'>γίνεσθαι</span> <span class='ocrx_word' id='word_1_52' title='bbox 1160 904 1251 986; x_wconf 87' lang='grc' dir='ltr'>λέγειν</span> <span class='ocrx_word' id='word_1_53' title='bbox 1279 902 1370 986; x_wconf 79' lang='grc' dir='ltr'>αὐτὴν</span> <span class='ocrx_word' id='word_1_54' title='bbox 1396 901 1416 984; x_wconf 73' lang='grc' dir='ltr'>ἢ</span> <span class='ocrx_word' id='word_1_55' title='bbox 1439 900 1513 962; x_wconf 77' lang='grc' dir='ltr'>κατὰ</span> 
     </span>
    </p>
   </div>
   <div class='ocr_carea' id='block_1_4' title="bbox 202 1011 1570 4979">
    <p class='ocr_par' dir='ltr' id='par_1_4' title="bbox 202 1011 1570 4979">
     <span class='ocr_line' id='line_1_7' title="bbox 260 1011 459 1096; baseline 0 -23"><span class='ocrx_word' id='word_1_56' title='bbox 260 1011 459 1096; x_wconf 84' lang='grc' dir='ltr'>συμβεβηκύς;</span> 
     </span>
     <span class='ocr_line' id='line_1_8' title="bbox 344 1107 1555 1198; baseline -0.01 -21"><span class='ocrx_word' id='word_1_57' title='bbox 344 1111 401 1177; x_wconf 83' lang='grc' dir='ltr'>Καὶ</span> <span class='ocrx_word' id='word_1_58' title='bbox 424 1114 470 1183; x_wconf 84' lang='grc' dir='ltr'>ός·</span> <span class='ocrx_word' id='word_1_59' title='bbox 498 1116 525 1177; x_wconf 89' lang='grc' dir='ltr'>τί</span> <span class='ocrx_word' id='word_1_60' title='bbox 552 1114 606 1198; x_wconf 82' lang='grc' dir='ltr'>γὰρ</span> <span class='ocrx_word' id='word_1_61' title='bbox 630 1114 665 1177; x_wconf 86' lang='grc' dir='ltr'>άν</span> <span class='ocrx_word' id='word_1_62' title='bbox 689 1138 730 1183; x_wconf 84' lang='grc' dir='ltr'>τις</span> <span class='ocrx_word' id='word_1_63' title='bbox 756 1113 848 1196; x_wconf 87' lang='grc' dir='ltr'>λέγων</span> <span class='ocrx_word' id='word_1_64' title='bbox 871 1112 943 1176; x_wconf 80' lang='grc' dir='ltr'>ἄλλο</span> <span class='ocrx_word' id='word_1_65' title='bbox 972 1111 1051 1196; x_wconf 79' lang='grc' dir='ltr'>παρὰ</span> <span class='ocrx_word' id='word_1_66' title='bbox 1078 1116 1168 1174; x_wconf 87' lang='grc' dir='ltr'>ταῦτα</span> <span class='ocrx_word' id='word_1_67' title='bbox 1195 1109 1301 1179; x_wconf 82' lang='grc' dir='ltr'>δόξειεν</span> <span class='ocrx_word' id='word_1_68' title='bbox 1329 1107 1403 1171; x_wconf 77' lang='grc' dir='ltr'>κατὰ</span> <span class='ocrx_word' id='word_1_69' title='bbox 1425 1107 1555 1187; x_wconf 78' lang='grc' dir='ltr'>λόγονεο</span> 
     </span>
     <span class='ocr_line' id='line_1_9' title="bbox 258 1217 669 1302; baseline 0.002 -24"><span class='ocrx_word' id='word_1_70' title='bbox 258 1218 405 1280; x_wconf 90' lang='grc' dir='ltr'>ποιεῖσθαι</span> <span class='ocrx_word' id='word_1_71' title='bbox 428 1220 479 1301; x_wconf 80' lang='grc' dir='ltr'>τἠν</span> <span class='ocrx_word' id='word_1_72' title='bbox 503 1217 669 1302; x_wconf 85' lang='grc' dir='ltr'>ἀπόκρισιν;</span> 
     </span>
     <span class='ocr_line' id='line_1_10' title="bbox 344 1314 1513 1404; baseline -0.005 -22"><span class='ocrx_word' id='word_1_73' title='bbox 344 1321 453 1404; x_wconf 76' lang='grc' dir='ltr'>Δῆλον,</span> <span class='ocrx_word' id='word_1_74' title='bbox 477 1320 572 1389; x_wconf 85' lang='grc' dir='ltr'>εἶπον,</span> <span class='ocrx_word' id='word_1_75' title='bbox 602 1326 642 1390; x_wconf 87' lang='grc' dir='ltr'>ῶς</span> <span class='ocrx_word' id='word_1_76' title='bbox 664 1322 691 1383; x_wconf 77' lang='grc' dir='ltr'>εἰ</span> <span class='ocrx_word' id='word_1_77' title='bbox 714 1321 765 1402; x_wconf 80' lang='grc' dir='ltr'>μέν</span> <span class='ocrx_word' id='word_1_78' title='bbox 790 1320 878 1402; x_wconf 80' lang='grc' dir='ltr'>μηδὲν</span> <span class='ocrx_word' id='word_1_79' title='bbox 902 1319 1032 1401; x_wconf 87' lang='grc' dir='ltr'>φαίνοιτο</span> <span class='ocrx_word' id='word_1_80' title='bbox 1054 1320 1213 1400; x_wconf 77' lang='grc' dir='ltr'>δυνάμενον</span> <span class='ocrx_word' id='word_1_81' title='bbox 1236 1315 1309 1378; x_wconf 84' lang='grc' dir='ltr'>εἶναι</span> <span class='ocrx_word' id='word_1_82' title='bbox 1331 1314 1437 1397; x_wconf 74' lang='grc' dir='ltr'>μεταξύ</span> <span class='ocrx_word' id='word_1_83' title='bbox 1460 1318 1513 1376; x_wconf 86' lang='grc' dir='ltr'>τοῦ</span> 
     </span>
     <span class='ocr_line' id='line_1_11' title="bbox 211 1418 1513 1508; baseline -0.006 -21"><span class='ocrx_word' id='word_1_84' title='bbox 211 1442 240 1487; x_wconf 87' lang='grc'>10</span> <span class='ocrx_word' id='word_1_85' title='bbox 260 1421 327 1484; x_wconf 76' lang='grc' dir='ltr'>καθ’</span> <span class='ocrx_word' id='word_1_86' title='bbox 348 1423 418 1484; x_wconf 89' lang='grc' dir='ltr'>αὑτό</span> <span class='ocrx_word' id='word_1_87' title='bbox 441 1425 554 1487; x_wconf 84' lang='grc' dir='ltr'>καὶτοῦ</span> <span class='ocrx_word' id='word_1_88' title='bbox 578 1421 861 1508; x_wconf 75' lang='grc' dir='ltr'>κατὰσυμβεβηκός,</span> <span class='ocrx_word' id='word_1_89' title='bbox 884 1423 995 1504; x_wconf 79' lang='grc' dir='ltr'>ἀνάγκη</span> <span class='ocrx_word' id='word_1_90' title='bbox 1019 1423 1066 1483; x_wconf 79' lang='grc' dir='ltr'>τὸν</span> <span class='ocrx_word' id='word_1_91' title='bbox 1090 1419 1314 1502; x_wconf 77' lang='grc' dir='ltr'>ἀποκρινόμενον</span> <span class='ocrx_word' id='word_1_92' title='bbox 1336 1419 1425 1500; x_wconf 94' lang='grc' dir='ltr'>ὑγιῶς</span> <span class='ocrx_word' id='word_1_93' title='bbox 1440 1418 1513 1501; x_wconf 88' lang='grc' dir='ltr'>πρός</span> 
     </span>
     <span class='ocr_line' id='line_1_12' title="bbox 258 1522 1555 1610; baseline -0.004 -25"><span class='ocrx_word' id='word_1_94' title='bbox 258 1526 310 1607; x_wconf 80' lang='grc' dir='ltr'>τὴν</span> <span class='ocrx_word' id='word_1_95' title='bbox 334 1525 475 1608; x_wconf 78' lang='grc' dir='ltr'>ἐρώτησιν</span> <span class='ocrx_word' id='word_1_96' title='bbox 499 1528 528 1589; x_wconf 87' lang='grc' dir='ltr'>ἐν</span> <span class='ocrx_word' id='word_1_97' title='bbox 552 1527 668 1610; x_wconf 80' lang='grc' dir='ltr'>θατέρῳ</span> <span class='ocrx_word' id='word_1_98' title='bbox 696 1527 748 1608; x_wconf 80' lang='grc' dir='ltr'>τὴν</span> <span class='ocrx_word' id='word_1_99' title='bbox 772 1525 907 1608; x_wconf 89' lang='grc' dir='ltr'>πρόνοιαν</span> <span class='ocrx_word' id='word_1_100' title='bbox 935 1524 1084 1591; x_wconf 83' lang='grc' dir='ltr'>τίθεσθαι,</span> <span class='ocrx_word' id='word_1_101' title='bbox 1112 1524 1138 1586; x_wconf 82' lang='grc' dir='ltr'>εἰ</span> <span class='ocrx_word' id='word_1_102' title='bbox 1165 1522 1191 1587; x_wconf 84' lang='grc' dir='ltr'>δ’</span> <span class='ocrx_word' id='word_1_103' title='bbox 1219 1523 1281 1585; x_wconf 89' lang='grc' dir='ltr'>έστί</span> <span class='ocrx_word' id='word_1_104' title='bbox 1306 1545 1331 1584; x_wconf 84' lang='grc' dir='ltr'>τι</span> <span class='ocrx_word' id='word_1_105' title='bbox 1354 1524 1555 1603; x_wconf 70' lang='grc' dir='ltr'>δυνάμενοννν</span> 
     </span>
     <span class='ocr_line' id='line_1_13' title="bbox 257 1624 1511 1713; baseline -0.002 -25"><span class='ocrx_word' id='word_1_106' title='bbox 257 1627 328 1689; x_wconf 78' lang='grc' dir='ltr'>εἶναι</span> <span class='ocrx_word' id='word_1_107' title='bbox 352 1629 461 1691; x_wconf 88' lang='grc' dir='ltr'>τούτιυν</span> <span class='ocrx_word' id='word_1_108' title='bbox 486 1628 604 1711; x_wconf 76' lang='grc' dir='ltr'>μεταξύ,</span> <span class='ocrx_word' id='word_1_109' title='bbox 633 1630 756 1713; x_wconf 80' lang='grc' dir='ltr'>φανερὸν</span> <span class='ocrx_word' id='word_1_110' title='bbox 780 1631 820 1696; x_wconf 89' lang='grc' dir='ltr'>ὠς</span> <span class='ocrx_word' id='word_1_111' title='bbox 843 1628 858 1690; x_wconf 89' lang='grc' dir='ltr'>ύ</span> <span class='ocrx_word' id='word_1_112' title='bbox 881 1631 966 1689; x_wconf 88' lang='grc' dir='ltr'>τοῦτο</span> <span class='ocrx_word' id='word_1_113' title='bbox 990 1627 1081 1695; x_wconf 72' lang='grc' dir='ltr'>δείξας</span> <span class='ocrx_word' id='word_1_114' title='bbox 1105 1625 1150 1710; x_wconf 81' lang='grc' dir='ltr'>εἴη</span> <span class='ocrx_word' id='word_1_115' title='bbox 1173 1625 1208 1688; x_wconf 75' lang='grc' dir='ltr'>ἂν</span> <span class='ocrx_word' id='word_1_116' title='bbox 1231 1624 1342 1692; x_wconf 82' lang='grc' dir='ltr'>δεικνύς</span> <span class='ocrx_word' id='word_1_117' title='bbox 1364 1624 1416 1706; x_wconf 77' lang='grc' dir='ltr'>τὴν</span> <span class='ocrx_word' id='word_1_118' title='bbox 1439 1625 1511 1705; x_wconf 83' lang='grc' dir='ltr'>ἐρώ-</span> 
     </span>
     <span class='ocr_line' id='line_1_14' title="bbox 256 1727 1566 1815; baseline -0.002 -23"><span class='ocrx_word' id='word_1_119' title='bbox 256 1751 336 1812; x_wconf 90' lang='grc' dir='ltr'>τησιν</span> <span class='ocrx_word' id='word_1_120' title='bbox 360 1731 412 1793; x_wconf 87' lang='grc' dir='ltr'>οὐκ</span> <span class='ocrx_word' id='word_1_121' title='bbox 435 1733 589 1812; x_wconf 77' lang='grc' dir='ltr'>ἀναγκαίαν</span> <span class='ocrx_word' id='word_1_122' title='bbox 617 1738 659 1815; x_wconf 78' lang='grc' dir='ltr'>τῷ</span> <span class='ocrx_word' id='word_1_123' title='bbox 689 1733 729 1814; x_wconf 75' lang='grc' dir='ltr'>μ”η</span> <span class='ocrx_word' id='word_1_124' title='bbox 753 1733 862 1798; x_wconf 86' lang='grc' dir='ltr'>πάντας</span> <span class='ocrx_word' id='word_1_125' title='bbox 886 1730 889 1815; x_wconf 79' lang='grc' dir='ltr'>Ι</span> <span class='ocrx_word' id='word_1_126' title='bbox 916 1731 982 1798; x_wconf 84' lang='grc' dir='ltr'>τοῦς</span> <span class='ocrx_word' id='word_1_127' title='bbox 1009 1730 1185 1813; x_wconf 77' lang='grc' dir='ltr'>δυναμένους</span> <span class='ocrx_word' id='word_1_128' title='bbox 1206 1727 1342 1810; x_wconf 87' lang='grc' dir='ltr'>λέγεσθαι</span> <span class='ocrx_word' id='word_1_129' title='bbox 1370 1729 1495 1810; x_wconf 81' lang='grc' dir='ltr'>τρόπους</span> <span class='ocrx_word' id='word_1_130' title='bbox 1519 1734 1566 1790; x_wconf 77' lang='grc'>124</span> 
     </span>
     <span class='ocr_line' id='line_1_15' title="bbox 256 1835 710 1919; baseline 0.007 -26"><span class='ocrx_word' id='word_1_131' title='bbox 256 1838 308 1916; x_wconf 78' lang='grc' dir='ltr'>τῆς</span> <span class='ocrx_word' id='word_1_132' title='bbox 330 1836 463 1916; x_wconf 80' lang='grc' dir='ltr'>προνοίας</span> <span class='ocrx_word' id='word_1_133' title='bbox 487 1835 710 1919; x_wconf 76' lang='grc' dir='ltr'>περιειληφέναι.</span> 
     </span>
     <span class='ocr_line' id='line_1_16' title="bbox 207 1934 1511 2022; baseline -0.007 -19"><span class='ocrx_word' id='word_1_134' title='bbox 207 1957 234 2003; x_wconf 77' lang='grc' dir='ltr'>ιῡ</span> <span class='ocrx_word' id='word_1_135' title='bbox 340 1935 397 2000; x_wconf 78' lang='grc' dir='ltr'>Καὶ</span> <span class='ocrx_word' id='word_1_136' title='bbox 419 1940 446 2000; x_wconf 89' lang='grc' dir='ltr'>τί</span> <span class='ocrx_word' id='word_1_137' title='bbox 469 1938 512 2012; x_wconf 87' lang='grc' dir='ltr'>άν,</span> <span class='ocrx_word' id='word_1_138' title='bbox 536 1938 625 2013; x_wconf 85' lang='grc' dir='ltr'>εἶπεν,</span> <span class='ocrx_word' id='word_1_139' title='bbox 648 1937 694 2021; x_wconf 81' lang='grc' dir='ltr'>εἴη</span> <span class='ocrx_word' id='word_1_140' title='bbox 719 1943 859 2012; x_wconf 87' lang='grc' dir='ltr'>τοιοῦτον,</span> <span class='ocrx_word' id='word_1_141' title='bbox 885 1939 900 2001; x_wconf 88' lang='grc' dir='ltr'>δ</span> <span class='ocrx_word' id='word_1_142' title='bbox 924 1943 967 2022; x_wconf 78' lang='grc' dir='ltr'>τῷ</span> <span class='ocrx_word' id='word_1_143' title='bbox 984 1935 1215 2020; x_wconf 83' lang='grc' dir='ltr'>παραλελεῖφθαι</span> <span class='ocrx_word' id='word_1_144' title='bbox 1238 1934 1379 2018; x_wconf 83' lang='grc' dir='ltr'>παραλύει</span> <span class='ocrx_word' id='word_1_145' title='bbox 1402 1935 1434 1995; x_wconf 83' lang='grc' dir='ltr'>τὸ</span> <span class='ocrx_word' id='word_1_146' title='bbox 1456 1938 1511 2016; x_wconf 78' lang='grc' dir='ltr'>τῆς</span> 
     </span>
     <span class='ocr_line' id='line_1_17' title="bbox 256 2041 626 2123; baseline 0 -21"><span class='ocrx_word' id='word_1_147' title='bbox 256 2041 436 2123; x_wconf 80' lang='grc' dir='ltr'>ἀποκρίσεως</span> <span class='ocrx_word' id='word_1_148' title='bbox 459 2041 626 2123; x_wconf 70' lang='grc' dir='ltr'>ἀναγκαῖονς</span> 
     </span>
     <span class='ocr_line' id='line_1_18' title="bbox 343 2140 1554 2228; baseline -0.007 -21"><span class='ocrx_word' id='word_1_149' title='bbox 343 2141 448 2226; x_wconf 77' lang='grc' dir='ltr'>Κάγώ·</span> <span class='ocrx_word' id='word_1_150' title='bbox 482 2147 560 2207; x_wconf 89' lang='grc' dir='ltr'>δοκῶ</span> <span class='ocrx_word' id='word_1_151' title='bbox 584 2168 632 2226; x_wconf 93' lang='grc' dir='ltr'>μοι</span> <span class='ocrx_word' id='word_1_152' title='bbox 656 2149 740 2207; x_wconf 84' lang='grc' dir='ltr'>τοῦτο</span> <span class='ocrx_word' id='word_1_153' title='bbox 762 2147 905 2228; x_wconf 75' lang='grc' dir='ltr'>γνώριμον</span> <span class='ocrx_word' id='word_1_154' title='bbox 929 2143 1064 2218; x_wconf 83' lang='grc' dir='ltr'>ἔσεσθαι,</span> <span class='ocrx_word' id='word_1_155' title='bbox 1088 2142 1145 2206; x_wconf 78' lang='grc' dir='ltr'>εἴτε</span> <span class='ocrx_word' id='word_1_156' title='bbox 1166 2146 1266 2204; x_wconf 87' lang='grc' dir='ltr'>τοῦτον</span> <span class='ocrx_word' id='word_1_157' title='bbox 1290 2140 1354 2226; x_wconf 87' lang='grc' dir='ltr'>ἔχει</span> <span class='ocrx_word' id='word_1_158' title='bbox 1377 2142 1425 2203; x_wconf 89' lang='grc' dir='ltr'>τόν</span> <span class='ocrx_word' id='word_1_159' title='bbox 1448 2143 1510 2223; x_wconf 84' lang='grc' dir='ltr'>τρύ·</span> <span class='ocrx_word' id='word_1_160' title='bbox 1539 2156 1554 2198; x_wconf 77' lang='grc' dir='ltr'>ο</span> 
     </span>
     <span class='ocr_line' id='line_1_19' title="bbox 255 2244 1509 2332; baseline 0 -26"><span class='ocrx_word' id='word_1_161' title='bbox 255 2269 307 2307; x_wconf 92' lang='grc' dir='ltr'>πον</span> <span class='ocrx_word' id='word_1_162' title='bbox 331 2245 388 2308; x_wconf 78' lang='grc' dir='ltr'>εἴτε</span> <span class='ocrx_word' id='word_1_163' title='bbox 404 2248 452 2309; x_wconf 85' lang='grc' dir='ltr'>καὶ</span> <span class='ocrx_word' id='word_1_164' title='bbox 476 2250 527 2330; x_wconf 84' lang='grc' dir='ltr'>μη,</span> <span class='ocrx_word' id='word_1_165' title='bbox 550 2248 577 2309; x_wconf 81' lang='grc' dir='ltr'>εἰ</span> <span class='ocrx_word' id='word_1_166' title='bbox 595 2252 709 2329; x_wconf 90' lang='grc' dir='ltr'>πρῶτον</span> <span class='ocrx_word' id='word_1_167' title='bbox 732 2249 952 2332; x_wconf 74' lang='grc' dir='ltr'>ὑπομνήσωμεν</span> <span class='ocrx_word' id='word_1_168' title='bbox 969 2247 1098 2322; x_wconf 82' lang='grc' dir='ltr'>ἑαυτούς,</span> <span class='ocrx_word' id='word_1_169' title='bbox 1122 2247 1195 2313; x_wconf 81' lang='grc' dir='ltr'>τίνος</span> <span class='ocrx_word' id='word_1_170' title='bbox 1218 2246 1288 2307; x_wconf 83' lang='grc' dir='ltr'>ποτὲ</span> <span class='ocrx_word' id='word_1_171' title='bbox 1303 2244 1420 2307; x_wconf 81' lang='grc' dir='ltr'>ἐκείνων</span> <span class='ocrx_word' id='word_1_172' title='bbox 1443 2244 1509 2306; x_wconf 80' lang='grc' dir='ltr'>ἑκά·</span> 
     </span>
     <span class='ocr_line' id='line_1_20' title="bbox 256 2346 1511 2434; baseline -0.002 -24"><span class='ocrx_word' id='word_1_173' title='bbox 256 2373 336 2434; x_wconf 86' lang='grc' dir='ltr'>τερον</span> <span class='ocrx_word' id='word_1_174' title='bbox 352 2348 374 2430; x_wconf 68' lang='grc' dir='ltr'>γι</span> <span class='ocrx_word' id='word_1_175' title='bbox 390 2349 462 2412; x_wconf 84' lang='grc' dir='ltr'>εἶναι</span> <span class='ocrx_word' id='word_1_176' title='bbox 479 2350 642 2434; x_wconf 88' lang='grc' dir='ltr'>μηνυτικόν,</span> <span class='ocrx_word' id='word_1_177' title='bbox 666 2350 741 2432; x_wconf 83' lang='grc' dir='ltr'>λέγω</span> <span class='ocrx_word' id='word_1_178' title='bbox 759 2352 791 2414; x_wconf 83' lang='grc' dir='ltr'>δὲ</span> <span class='ocrx_word' id='word_1_179' title='bbox 806 2350 839 2413; x_wconf 89' lang='grc' dir='ltr'>τό</span> <span class='ocrx_word' id='word_1_180' title='bbox 855 2373 885 2413; x_wconf 90' lang='grc' dir='ltr'>τε</span> <span class='ocrx_word' id='word_1_181' title='bbox 901 2349 971 2413; x_wconf 79' lang='grc' dir='ltr'>καθ’</span> <span class='ocrx_word' id='word_1_182' title='bbox 992 2351 1063 2413; x_wconf 81' lang='grc' dir='ltr'>αὑτὸ</span> <span class='ocrx_word' id='word_1_183' title='bbox 1080 2349 1216 2413; x_wconf 78' lang='grc' dir='ltr'>καὶκατὰ</span> <span class='ocrx_word' id='word_1_184' title='bbox 1233 2346 1425 2433; x_wconf 82' lang='grc' dir='ltr'>συμβεβηκός.</span> <span class='ocrx_word' id='word_1_185' title='bbox 1460 2352 1511 2409; x_wconf 84' lang='grc' dir='ltr'>τοῦ</span> 
     </span>
     <span class='ocr_line' id='line_1_21' title="bbox 203 2449 1555 2537; baseline -0.004 -20"><span class='ocrx_word' id='word_1_186' title='bbox 203 2473 237 2517; x_wconf 76' lang='lat'>¹20</span> <span class='ocrx_word' id='word_1_187' title='bbox 256 2451 281 2513; x_wconf 81' lang='grc' dir='ltr'>δ’</span> <span class='ocrx_word' id='word_1_188' title='bbox 310 2454 407 2536; x_wconf 90' lang='grc' dir='ltr'>ὀρθῶς</span> <span class='ocrx_word' id='word_1_189' title='bbox 434 2477 470 2536; x_wconf 95' lang='grc' dir='ltr'>με</span> <span class='ocrx_word' id='word_1_190' title='bbox 497 2455 643 2537; x_wconf 78' lang='grc' dir='ltr'>φήσαντος</span> <span class='ocrx_word' id='word_1_191' title='bbox 670 2453 763 2536; x_wconf 87' lang='grc' dir='ltr'>λέγειν</span> <span class='ocrx_word' id='word_1_192' title='bbox 791 2454 959 2537; x_wconf 84' lang='grc' dir='ltr'>ἐπειρώμην</span> <span class='ocrx_word' id='word_1_193' title='bbox 987 2455 1019 2516; x_wconf 87' lang='grc' dir='ltr'>τὸ</span> <span class='ocrx_word' id='word_1_194' title='bbox 1048 2451 1259 2536; x_wconf 83' lang='grc' dir='ltr'>σημαινόμενον</span> <span class='ocrx_word' id='word_1_195' title='bbox 1290 2449 1339 2534; x_wconf 85' lang='grc' dir='ltr'>ὑφ’</span> <span class='ocrx_word' id='word_1_196' title='bbox 1367 2449 1508 2534; x_wconf 81' lang='grc' dir='ltr'>ἑκατέρου</span> <span class='ocrx_word' id='word_1_197' title='bbox 1528 2466 1555 2507; x_wconf 81' lang='lat'>¹⁰</span> 
     </span>
     <span class='ocr_line' id='line_1_22' title="bbox 256 2554 1510 2640; baseline -0.001 -24"><span class='ocrx_word' id='word_1_198' title='bbox 256 2562 313 2617; x_wconf 87' lang='grc' dir='ltr'>τῶν</span> <span class='ocrx_word' id='word_1_199' title='bbox 336 2556 366 2617; x_wconf 88' lang='grc' dir='ltr'>ἐν</span> <span class='ocrx_word' id='word_1_200' title='bbox 390 2561 426 2638; x_wconf 76' lang='grc' dir='ltr'>τη</span> <span class='ocrx_word' id='word_1_201' title='bbox 450 2556 591 2640; x_wconf 79' lang='grc' dir='ltr'>ἐρωτήσει</span> <span class='ocrx_word' id='word_1_202' title='bbox 619 2557 759 2640; x_wconf 79' lang='grc' dir='ltr'>κειμένων</span> <span class='ocrx_word' id='word_1_203' title='bbox 782 2557 966 2627; x_wconf 82' lang='grc' dir='ltr'>ἐκτίθεσθαι,</span> <span class='ocrx_word' id='word_1_204' title='bbox 993 2556 1085 2638; x_wconf 87' lang='grc' dir='ltr'>λέγων</span> <span class='ocrx_word' id='word_1_205' title='bbox 1112 2554 1179 2618; x_wconf 83' lang='grc' dir='ltr'>καθ’</span> <span class='ocrx_word' id='word_1_206' title='bbox 1207 2556 1279 2617; x_wconf 87' lang='grc' dir='ltr'>αὑτὸ</span> <span class='ocrx_word' id='word_1_207' title='bbox 1303 2555 1355 2637; x_wconf 82' lang='grc' dir='ltr'>μὲν</span> <span class='ocrx_word' id='word_1_208' title='bbox 1378 2559 1510 2636; x_wconf 87' lang='grc' dir='ltr'>προνοεῖν</span> 
     </span>
     <span class='ocr_line' id='line_1_23' title="bbox 256 2657 1509 2743; baseline -0.001 -23"><span class='ocrx_word' id='word_1_209' title='bbox 256 2682 329 2726; x_wconf 84' lang='grc' dir='ltr'>τινος</span> <span class='ocrx_word' id='word_1_210' title='bbox 352 2660 489 2742; x_wconf 85' lang='grc' dir='ltr'>λέγεσθαι</span> <span class='ocrx_word' id='word_1_211' title='bbox 505 2664 616 2733; x_wconf 88' lang='grc' dir='ltr'>τοῦτον,</span> <span class='ocrx_word' id='word_1_212' title='bbox 640 2660 672 2729; x_wconf 83' lang='grc' dir='ltr'>ὃς</span> <span class='ocrx_word' id='word_1_213' title='bbox 688 2663 884 2742; x_wconf 83' lang='grc' dir='ltr'>ποιησάμενος</span> <span class='ocrx_word' id='word_1_214' title='bbox 907 2661 1013 2722; x_wconf 81' lang='grc' dir='ltr'>σκοπὸν</span> <span class='ocrx_word' id='word_1_215' title='bbox 1037 2661 1088 2742; x_wconf 78' lang='grc' dir='ltr'>τὴν</span> <span class='ocrx_word' id='word_1_216' title='bbox 1105 2659 1231 2743; x_wconf 85' lang='grc' dir='ltr'>ὠφελίαν</span> <span class='ocrx_word' id='word_1_217' title='bbox 1251 2662 1302 2721; x_wconf 89' lang='grc' dir='ltr'>τοῦ</span> <span class='ocrx_word' id='word_1_218' title='bbox 1319 2657 1509 2742; x_wconf 86' lang='grc' dir='ltr'>προκειμένου</span> 
     </span>
     <span class='ocr_line' id='line_1_24' title="bbox 255 2760 1558 2848; baseline -0.002 -26"><span class='ocrx_word' id='word_1_219' title='bbox 255 2762 366 2843; x_wconf 86' lang='grc' dir='ltr'>ἐνεργεῖ</span> <span class='ocrx_word' id='word_1_220' title='bbox 390 2785 420 2824; x_wconf 91' lang='grc' dir='ltr'>τε</span> <span class='ocrx_word' id='word_1_221' title='bbox 448 2764 495 2824; x_wconf 85' lang='grc' dir='ltr'>καὶ</span> <span class='ocrx_word' id='word_1_222' title='bbox 526 2765 643 2847; x_wconf 88' lang='grc' dir='ltr'>πράττει</span> <span class='ocrx_word' id='word_1_223' title='bbox 670 2763 777 2846; x_wconf 83' lang='grc' dir='ltr'>ταύτης</span> <span class='ocrx_word' id='word_1_224' title='bbox 806 2765 892 2848; x_wconf 89' lang='grc' dir='ltr'>χάριν</span> <span class='ocrx_word' id='word_1_225' title='bbox 922 2763 958 2825; x_wconf 82' lang='grc' dir='ltr'>τὰ</span> <span class='ocrx_word' id='word_1_226' title='bbox 985 2760 1021 2825; x_wconf 83' lang='grc' dir='ltr'>δι’</span> <span class='ocrx_word' id='word_1_227' title='bbox 1050 2764 1090 2824; x_wconf 90' lang='grc' dir='ltr'>ὠν</span> <span class='ocrx_word' id='word_1_228' title='bbox 1119 2762 1209 2825; x_wconf 82' lang='grc' dir='ltr'>οἴεται</span> <span class='ocrx_word' id='word_1_229' title='bbox 1238 2767 1289 2826; x_wconf 90' lang='grc' dir='ltr'>τοῦ</span> <span class='ocrx_word' id='word_1_230' title='bbox 1321 2761 1513 2846; x_wconf 84' lang='grc' dir='ltr'>προκειμένου</span> <span class='ocrx_word' id='word_1_231' title='bbox 1530 2778 1558 2820; x_wconf 78' lang='grc' dir='ltr'>ιε</span> 
     </span>
     <span class='ocr_line' id='line_1_25' title="bbox 256 2865 1512 2950; baseline 0.002 -24"><span class='ocrx_word' id='word_1_232' title='bbox 256 2865 406 2932; x_wconf 76' lang='grc' dir='ltr'>τεύξεσθαι</span> <span class='ocrx_word' id='word_1_233' title='bbox 430 2869 555 2938; x_wconf 86' lang='grc' dir='ltr'>σκοποῦ,</span> <span class='ocrx_word' id='word_1_234' title='bbox 585 2865 666 2933; x_wconf 83' lang='grc' dir='ltr'>τέλος</span> <span class='ocrx_word' id='word_1_235' title='bbox 690 2866 860 2948; x_wconf 87' lang='grc' dir='ltr'>ποιούμενος</span> <span class='ocrx_word' id='word_1_236' title='bbox 882 2871 941 2928; x_wconf 90' lang='grc' dir='ltr'>τῶν</span> <span class='ocrx_word' id='word_1_237' title='bbox 964 2866 1114 2949; x_wconf 83' lang='grc' dir='ltr'>ἐνεργειῶν</span> <span class='ocrx_word' id='word_1_238' title='bbox 1143 2867 1196 2950; x_wconf 78' lang='grc' dir='ltr'>τὴν</span> <span class='ocrx_word' id='word_1_239' title='bbox 1220 2867 1346 2949; x_wconf 85' lang='grc' dir='ltr'>ὠφελίαν</span> <span class='ocrx_word' id='word_1_240' title='bbox 1369 2870 1420 2928; x_wconf 90' lang='grc' dir='ltr'>τοῦ</span> <span class='ocrx_word' id='word_1_241' title='bbox 1443 2888 1512 2949; x_wconf 90' lang='grc' dir='ltr'>προ·</span> 
     </span>
     <span class='ocr_line' id='line_1_26' title="bbox 204 2967 1511 3053; baseline 0 -22"><span class='ocrx_word' id='word_1_242' title='bbox 204 2987 236 3033; x_wconf 75' lang='grc' dir='ltr'>νυ</span> <span class='ocrx_word' id='word_1_243' title='bbox 256 2967 427 3048; x_wconf 83' lang='grc' dir='ltr'>νοουμένου·</span> <span class='ocrx_word' id='word_1_244' title='bbox 452 2967 727 3051; x_wconf 80' lang='grc' dir='ltr'>κατὰσυμβεβηκός</span> <span class='ocrx_word' id='word_1_245' title='bbox 750 2969 783 3030; x_wconf 83' lang='grc' dir='ltr'>δὲ</span> <span class='ocrx_word' id='word_1_246' title='bbox 804 2974 935 3051; x_wconf 84' lang='grc' dir='ltr'>προνοεῖν</span> <span class='ocrx_word' id='word_1_247' title='bbox 958 2968 1073 3051; x_wconf 88' lang='grc' dir='ltr'>λέγεταί</span> <span class='ocrx_word' id='word_1_248' title='bbox 1095 2970 1123 3032; x_wconf 92' lang='grc' dir='ltr'>τί</span> <span class='ocrx_word' id='word_1_249' title='bbox 1135 2992 1219 3044; x_wconf 86' lang='grc' dir='ltr'>τινος,</span> <span class='ocrx_word' id='word_1_250' title='bbox 1241 2969 1320 3043; x_wconf 84' lang='grc' dir='ltr'>όταν,</span> <span class='ocrx_word' id='word_1_251' title='bbox 1345 2971 1434 3053; x_wconf 86' lang='grc' dir='ltr'>μηδὲν</span> <span class='ocrx_word' id='word_1_252' title='bbox 1458 2973 1511 3031; x_wconf 91' lang='grc' dir='ltr'>τοῦ</span> 
     </span>
     <span class='ocr_line' id='line_1_27' title="bbox 258 3070 1558 3157; baseline 0 -26"><span class='ocrx_word' id='word_1_253' title='bbox 258 3075 389 3153; x_wconf 89' lang='grc' dir='ltr'>προνοεῖν</span> <span class='ocrx_word' id='word_1_254' title='bbox 413 3071 506 3138; x_wconf 88' lang='grc' dir='ltr'>οὑτως</span> <span class='ocrx_word' id='word_1_255' title='bbox 528 3070 684 3151; x_wconf 84' lang='grc' dir='ltr'>λεγομένου</span> <span class='ocrx_word' id='word_1_256' title='bbox 707 3073 882 3153; x_wconf 87' lang='grc' dir='ltr'>πράττοντος</span> <span class='ocrx_word' id='word_1_257' title='bbox 905 3073 976 3156; x_wconf 83' lang='grc' dir='ltr'>ὑπὲρ</span> <span class='ocrx_word' id='word_1_258' title='bbox 1000 3074 1129 3156; x_wconf 78' lang='grc' dir='ltr'>ὠφελίας</span> <span class='ocrx_word' id='word_1_259' title='bbox 1150 3077 1201 3136; x_wconf 90' lang='grc' dir='ltr'>τοῦ</span> <span class='ocrx_word' id='word_1_260' title='bbox 1224 3072 1453 3157; x_wconf 87' lang='grc' dir='ltr'>προνοουμένου,</span> <span class='ocrx_word' id='word_1_261' title='bbox 1477 3070 1512 3136; x_wconf 86' lang='grc' dir='ltr'>ἔκ</span> <span class='ocrx_word' id='word_1_262' title='bbox 1527 3090 1558 3131; x_wconf 68' lang='lat' dir='ltr'><strong><em>m</em></strong></span> 
     </span>
     <span class='ocr_line' id='line_1_28' title="bbox 258 3172 1512 3260; baseline 0.003 -26"><span class='ocrx_word' id='word_1_263' title='bbox 258 3196 341 3236; x_wconf 86' lang='grc' dir='ltr'>τινων</span> <span class='ocrx_word' id='word_1_264' title='bbox 370 3172 418 3235; x_wconf 76' lang='grc' dir='ltr'>ὑπ’</span> <span class='ocrx_word' id='word_1_265' title='bbox 447 3172 559 3237; x_wconf 83' lang='grc' dir='ltr'>ἐκείνου</span> <span class='ocrx_word' id='word_1_266' title='bbox 590 3173 747 3256; x_wconf 90' lang='grc' dir='ltr'>γινομένων</span> <span class='ocrx_word' id='word_1_267' title='bbox 776 3176 960 3258; x_wconf 86' lang='grc' dir='ltr'>ὠφελεῖσθαί</span> <span class='ocrx_word' id='word_1_268' title='bbox 985 3199 1010 3237; x_wconf 91' lang='grc' dir='ltr'>τι</span> <span class='ocrx_word' id='word_1_269' title='bbox 1038 3177 1199 3259; x_wconf 81' lang='grc' dir='ltr'>συμβαίνη,</span> <span class='ocrx_word' id='word_1_270' title='bbox 1233 3177 1308 3260; x_wconf 83' lang='grc' dir='ltr'>μηδὲ</span> <span class='ocrx_word' id='word_1_271' title='bbox 1335 3178 1387 3260; x_wconf 80' lang='grc' dir='ltr'>την</span> <span class='ocrx_word' id='word_1_272' title='bbox 1414 3177 1512 3260; x_wconf 77' lang='grc' dir='ltr'>ἀρχὴν</span> 
     </span>
     <span class='ocr_line' id='line_1_29' title="bbox 256 3277 1513 3364; baseline 0.004 -27"><span class='ocrx_word' id='word_1_273' title='bbox 256 3277 441 3359; x_wconf 74' lang='grc' dir='ltr'>γνωρίζοντος</span> <span class='ocrx_word' id='word_1_274' title='bbox 469 3278 502 3339; x_wconf 89' lang='grc' dir='ltr'>τδ</span> <span class='ocrx_word' id='word_1_275' title='bbox 526 3278 685 3360; x_wconf 86' lang='grc' dir='ltr'>συμβαῖνον</span> <span class='ocrx_word' id='word_1_276' title='bbox 714 3281 764 3339; x_wconf 89' lang='grc' dir='ltr'>τοῦ</span> <span class='ocrx_word' id='word_1_277' title='bbox 791 3283 891 3340; x_wconf 88' lang='grc' dir='ltr'>τοῦτον</span> <span class='ocrx_word' id='word_1_278' title='bbox 915 3284 1104 3362; x_wconf 82' lang='grc' dir='ltr'>προνοοῦντος</span> <span class='ocrx_word' id='word_1_279' title='bbox 1132 3281 1181 3342; x_wconf 88' lang='grc' dir='ltr'>τόν</span> <span class='ocrx_word' id='word_1_280' title='bbox 1203 3281 1318 3362; x_wconf 90' lang='grc' dir='ltr'>τρόπον.</span> <span class='ocrx_word' id='word_1_281' title='bbox 1363 3278 1513 3364; x_wconf 87' lang='grc' dir='ltr'>θησαυρόν</span> 
     </span>
     <span class='ocr_line' id='line_1_30' title="bbox 256 3380 1558 3468; baseline 0.001 -27"><span class='ocrx_word' id='word_1_282' title='bbox 256 3405 287 3442; x_wconf 84' lang='grc' dir='ltr'>τε</span> <span class='ocrx_word' id='word_1_283' title='bbox 309 3380 364 3464; x_wconf 85' lang='grc' dir='ltr'>γὰρ</span> <span class='ocrx_word' id='word_1_284' title='bbox 388 3381 541 3464; x_wconf 83' lang='grc' dir='ltr'>εὑρηκέναι</span> <span class='ocrx_word' id='word_1_285' title='bbox 563 3384 644 3444; x_wconf 88' lang='grc' dir='ltr'>δοκεῖ</span> <span class='ocrx_word' id='word_1_286' title='bbox 666 3382 738 3443; x_wconf 82' lang='grc' dir='ltr'>κατὰ</span> <span class='ocrx_word' id='word_1_287' title='bbox 766 3382 951 3467; x_wconf 82' lang='grc' dir='ltr'>συμβεβηκὸς</span> <span class='ocrx_word' id='word_1_288' title='bbox 978 3384 994 3444; x_wconf 90' lang='grc' dir='ltr'>ύ</span> <span class='ocrx_word' id='word_1_289' title='bbox 1017 3386 1140 3466; x_wconf 87' lang='grc' dir='ltr'>πρώτως</span> <span class='ocrx_word' id='word_1_290' title='bbox 1162 3382 1252 3446; x_wconf 84' lang='grc' dir='ltr'>άλλου</span> <span class='ocrx_word' id='word_1_291' title='bbox 1281 3384 1356 3453; x_wconf 88' lang='grc' dir='ltr'>τινδς</span> <span class='ocrx_word' id='word_1_292' title='bbox 1379 3384 1513 3468; x_wconf 77' lang='grc' dir='ltr'>ὀρύσσων</span> <span class='ocrx_word' id='word_1_293' title='bbox 1528 3401 1558 3442; x_wconf 84' lang='grc' dir='ltr'>εο</span> 
     </span>
     <span class='ocr_line' id='line_1_31' title="bbox 205 3484 1512 3570; baseline 0.004 -25"><span class='ocrx_word' id='word_1_294' title='bbox 205 3498 237 3547; x_wconf 88' lang='lat'>30</span> <span class='ocrx_word' id='word_1_295' title='bbox 257 3485 350 3567; x_wconf 81' lang='grc' dir='ltr'>χάριν,</span> <span class='ocrx_word' id='word_1_296' title='bbox 375 3484 449 3565; x_wconf 81' lang='grc' dir='ltr'>μηδὲ</span> <span class='ocrx_word' id='word_1_297' title='bbox 476 3485 608 3568; x_wconf 79' lang='grc' dir='ltr'>εὑρήσειν</span> <span class='ocrx_word' id='word_1_298' title='bbox 632 3487 815 3567; x_wconf 86' lang='grc' dir='ltr'>προσδοκῶν·</span> <span class='ocrx_word' id='word_1_299' title='bbox 848 3488 895 3547; x_wconf 89' lang='grc' dir='ltr'>καὶ</span> <span class='ocrx_word' id='word_1_300' title='bbox 919 3486 976 3547; x_wconf 86' lang='grc' dir='ltr'>ὑπὸ</span> <span class='ocrx_word' id='word_1_301' title='bbox 1005 3491 1145 3570; x_wconf 82' lang='grc' dir='ltr'>κεραυνοῦ</span> <span class='ocrx_word' id='word_1_302' title='bbox 1173 3510 1248 3556; x_wconf 90' lang='grc' dir='ltr'>τινος</span> <span class='ocrx_word' id='word_1_303' title='bbox 1276 3486 1411 3550; x_wconf 81' lang='grc' dir='ltr'>ἀπόλωλε</span> <span class='ocrx_word' id='word_1_304' title='bbox 1434 3489 1512 3551; x_wconf 85' lang='grc' dir='ltr'>κατὰ</span> 
     </span>
     <span class='ocr_line' id='line_1_32' title="bbox 258 3587 1569 3674; baseline 0.005 -26"><span class='ocrx_word' id='word_1_305' title='bbox 258 3587 440 3670; x_wconf 77' lang='grc' dir='ltr'>συμβεβηκὸς</span> <span class='ocrx_word' id='word_1_306' title='bbox 469 3591 512 3671; x_wconf 73' lang='grc' dir='ltr'>τῷ</span> <span class='ocrx_word' id='word_1_307' title='bbox 537 3590 584 3650; x_wconf 81' lang='grc' dir='ltr'>τὸν</span> <span class='ocrx_word' id='word_1_308' title='bbox 608 3589 746 3671; x_wconf 89' lang='grc' dir='ltr'>κεραυνόν</span> <span class='ocrx_word' id='word_1_309' title='bbox 775 3591 848 3671; x_wconf 76' lang='grc' dir='ltr'>μήτε</span> <span class='ocrx_word' id='word_1_310' title='bbox 873 3589 876 3671; x_wconf 65' lang='grc' dir='ltr'>ί</span> <span class='ocrx_word' id='word_1_311' title='bbox 903 3590 1004 3652; x_wconf 85' lang='grc' dir='ltr'>τούτου</span> <span class='ocrx_word' id='word_1_312' title='bbox 1027 3591 1113 3674; x_wconf 85' lang='grc' dir='ltr'>χάριν</span> <span class='ocrx_word' id='word_1_313' title='bbox 1142 3589 1312 3674; x_wconf 76' lang='grc' dir='ltr'>ἐνεχθῆναι,</span> <span class='ocrx_word' id='word_1_314' title='bbox 1341 3591 1415 3673; x_wconf 79' lang='grc' dir='ltr'>μήτε</span> <span class='ocrx_word' id='word_1_315' title='bbox 1442 3595 1494 3653; x_wconf 92' lang='grc' dir='ltr'>τοῦ</span> <span class='ocrx_word' id='word_1_316' title='bbox 1519 3599 1569 3655; x_wconf 77' lang='lat'>125</span> 
     </span>
     <span class='ocr_line' id='line_1_33' title="bbox 256 3688 1514 3778; baseline 0.005 -28"><span class='ocrx_word' id='word_1_317' title='bbox 256 3694 339 3750; x_wconf 78' lang='grc' dir='ltr'>τοῦτο</span> <span class='ocrx_word' id='word_1_318' title='bbox 363 3688 482 3752; x_wconf 83' lang='grc' dir='ltr'>ἔσεσθαι</span> <span class='ocrx_word' id='word_1_319' title='bbox 506 3688 615 3752; x_wconf 81' lang='grc' dir='ltr'>ἔννοιάν</span> <span class='ocrx_word' id='word_1_320' title='bbox 639 3715 699 3753; x_wconf 90' lang='grc' dir='ltr'>τινα</span> <span class='ocrx_word' id='word_1_321' title='bbox 716 3691 861 3773; x_wconf 83' lang='grc' dir='ltr'>γεγονέναι</span> <span class='ocrx_word' id='word_1_322' title='bbox 885 3697 927 3774; x_wconf 80' lang='grc' dir='ltr'>τῷ</span> <span class='ocrx_word' id='word_1_323' title='bbox 952 3696 1003 3754; x_wconf 92' lang='grc' dir='ltr'>τοῦ</span> <span class='ocrx_word' id='word_1_324' title='bbox 1018 3696 1158 3775; x_wconf 82' lang='grc' dir='ltr'>κεραυνοῦ</span> <span class='ocrx_word' id='word_1_325' title='bbox 1179 3696 1288 3776; x_wconf 76' lang='grc' dir='ltr'>ποιητῇ</span> <span class='ocrx_word' id='word_1_326' title='bbox 1312 3689 1370 3755; x_wconf 82' lang='grc' dir='ltr'>εἴτε</span> <span class='ocrx_word' id='word_1_327' title='bbox 1392 3694 1439 3755; x_wconf 84' lang='grc' dir='ltr'>καί</span> <span class='ocrx_word' id='word_1_328' title='bbox 1463 3695 1514 3778; x_wconf 89' lang='grc' dir='ltr'>δη-</span> 
     </span>
     <span class='ocr_line' id='line_1_34' title="bbox 256 3792 1513 3881; baseline 0.005 -28"><span class='ocrx_word' id='word_1_329' title='bbox 256 3797 396 3875; x_wconf 78' lang='grc' dir='ltr'>μιουργῷ.</span> <span class='ocrx_word' id='word_1_330' title='bbox 438 3817 456 3874; x_wconf 86' lang='grc' dir='ltr'>η</span> <span class='ocrx_word' id='word_1_331' title='bbox 480 3792 533 3875; x_wconf 79' lang='grc' dir='ltr'>γὰρ</span> <span class='ocrx_word' id='word_1_332' title='bbox 556 3795 661 3875; x_wconf 88' lang='grc' dir='ltr'>γνῶσίς</span> <span class='ocrx_word' id='word_1_333' title='bbox 683 3818 757 3861; x_wconf 87' lang='grc' dir='ltr'>τινος</span> <span class='ocrx_word' id='word_1_334' title='bbox 786 3800 843 3855; x_wconf 87' lang='grc' dir='ltr'>τῶν</span> <span class='ocrx_word' id='word_1_335' title='bbox 866 3794 1016 3874; x_wconf 77' lang='grc' dir='ltr'>ἑπομένων</span> <span class='ocrx_word' id='word_1_336' title='bbox 1043 3800 1103 3863; x_wconf 88' lang='grc' dir='ltr'>τοῖς</span> <span class='ocrx_word' id='word_1_337' title='bbox 1131 3795 1290 3877; x_wconf 85' lang='grc' dir='ltr'>γινομένοις</span> <span class='ocrx_word' id='word_1_338' title='bbox 1312 3795 1401 3859; x_wconf 83' lang='grc' dir='ltr'>ἄλλου</span> <span class='ocrx_word' id='word_1_339' title='bbox 1425 3798 1513 3881; x_wconf 86' lang='grc' dir='ltr'>χάριν</span> 
     </span>
     <span class='ocr_line' id='line_1_35' title="bbox 256 3896 1556 3984; baseline 0.003 -30"><span class='ocrx_word' id='word_1_340' title='bbox 256 3896 395 3978; x_wconf 90' lang='grc' dir='ltr'>παραλύει</span> <span class='ocrx_word' id='word_1_341' title='bbox 419 3897 596 3976; x_wconf 85' lang='grc' dir='ltr'>τόγίνεσθαι</span> <span class='ocrx_word' id='word_1_342' title='bbox 614 3896 889 3980; x_wconf 77' lang='grc' dir='ltr'>κατὰσυμβεβηκός</span> <span class='ocrx_word' id='word_1_343' title='bbox 912 3897 985 3959; x_wconf 84' lang='grc' dir='ltr'>αὑτὰ</span> <span class='ocrx_word' id='word_1_344' title='bbox 1008 3904 1050 3984; x_wconf 80' lang='grc' dir='ltr'>τῷ</span> <span class='ocrx_word' id='word_1_345' title='bbox 1072 3899 1145 3961; x_wconf 82' lang='grc' dir='ltr'>κατὰ</span> <span class='ocrx_word' id='word_1_346' title='bbox 1161 3899 1346 3984; x_wconf 84' lang='grc' dir='ltr'>συμβεβηκὸς</span> <span class='ocrx_word' id='word_1_347' title='bbox 1368 3899 1420 3981; x_wconf 77' lang='grc' dir='ltr'>μὲν</span> <span class='ocrx_word' id='word_1_348' title='bbox 1437 3899 1512 3964; x_wconf 79' lang='grc' dir='ltr'>εἶναι</span> <span class='ocrx_word' id='word_1_349' title='bbox 1541 3917 1556 3958; x_wconf 78' lang='grc' dir='ltr'>ο</span> 
     </span>
     <span class='ocr_line' id='line_1_36' title="bbox 203 3997 1514 4085; baseline 0.006 -26"><span class='ocrx_word' id='word_1_350' title='bbox 203 4017 235 4065; x_wconf 81' lang='lat'>35</span> <span class='ocrx_word' id='word_1_351' title='bbox 256 4001 287 4060; x_wconf 82' lang='grc' dir='ltr'>τὸ</span> <span class='ocrx_word' id='word_1_352' title='bbox 311 3997 388 4080; x_wconf 79' lang='grc' dir='ltr'>παρὰ</span> <span class='ocrx_word' id='word_1_353' title='bbox 412 3998 495 4080; x_wconf 89' lang='grc' dir='ltr'>λόγον</span> <span class='ocrx_word' id='word_1_354' title='bbox 523 4000 652 4080; x_wconf 87' lang='grc' dir='ltr'>γίνεσθαι</span> <span class='ocrx_word' id='word_1_355' title='bbox 681 4001 798 4076; x_wconf 86' lang='grc' dir='ltr'>δοκοῦν,</span> <span class='ocrx_word' id='word_1_356' title='bbox 827 4000 878 4082; x_wconf 78' lang='grc' dir='ltr'>τὴν</span> <span class='ocrx_word' id='word_1_357' title='bbox 902 4001 933 4062; x_wconf 86' lang='grc' dir='ltr'>δέ</span> <span class='ocrx_word' id='word_1_358' title='bbox 962 3999 1122 4085; x_wconf 89' lang='grc' dir='ltr'>πρόγνωσιν</span> <span class='ocrx_word' id='word_1_359' title='bbox 1150 4007 1207 4064; x_wconf 90' lang='grc' dir='ltr'>τῶν</span> <span class='ocrx_word' id='word_1_360' title='bbox 1235 4002 1415 4084; x_wconf 83' lang='grc' dir='ltr'>κατὰλόγον</span> <span class='ocrx_word' id='word_1_361' title='bbox 1439 4026 1514 4084; x_wconf 85' lang='grc' dir='ltr'>γινο·</span> 
     </span>
     <span class='ocr_line' id='line_1_37' title="bbox 204 4228 1570 4301; baseline 0.007 -22"><span class='ocrx_word' id='word_1_362' title='bbox 204 4229 218 4279; x_wconf 77' lang='grc'><em>2</em></span> <span class='ocrx_word' id='word_1_363' title='bbox 241 4234 285 4281; x_wconf 86' lang='grc' dir='ltr'>τοῦ</span> <span class='ocrx_word' id='word_1_364' title='bbox 310 4228 392 4280; x_wconf 72' lang='lat' dir='ltr'><strong>B²S²a</strong></span> <span class='ocrx_word' id='word_1_365' title='bbox 416 4229 472 4295; x_wconf 55' lang='grc' dir='ltr'>θρα</span> <span class='ocrx_word' id='word_1_366' title='bbox 501 4233 538 4297; x_wconf 68' lang='lat' dir='ltr'>tq}</span> <span class='ocrx_word' id='word_1_367' title='bbox 563 4231 651 4283; x_wconf 78' lang='lat' dir='ltr'>VFS¹2</span> <span class='ocrx_word' id='word_1_368' title='bbox 680 4230 708 4282; x_wconf 83' lang='grc' dir='ltr'>τὸ</span> <span class='ocrx_word' id='word_1_369' title='bbox 730 4233 762 4282; x_wconf 89' lang='grc' dir='ltr'>Β1</span> <span class='ocrx_word' id='word_1_370' title='bbox 887 4232 902 4282; x_wconf 84' lang='grc'><strong>7</strong></span> <span class='ocrx_word' id='word_1_371' title='bbox 926 4230 951 4283; x_wconf 84' lang='grc' dir='ltr'>τί</span> <span class='ocrx_word' id='word_1_372' title='bbox 969 4235 993 4286; x_wconf 78' lang='lat' dir='ltr'>G</span> <span class='ocrx_word' id='word_1_373' title='bbox 1011 4232 1070 4300; x_wconf 86' lang='lat' dir='ltr'><strong>Sp.:</strong></span> <span class='ocrx_word' id='word_1_374' title='bbox 1100 4233 1135 4290; x_wconf 86' lang='grc' dir='ltr'>τίς</span> <span class='ocrx_word' id='word_1_375' title='bbox 1155 4237 1195 4284; x_wconf 81' lang='lat' dir='ltr'>Va</span> <span class='ocrx_word' id='word_1_376' title='bbox 1320 4239 1378 4301; x_wconf 79' lang='lat' dir='ltr'><strong>post</strong></span> <span class='ocrx_word' id='word_1_377' title='bbox 1400 4233 1462 4286; x_wconf 79' lang='grc' dir='ltr'>ἄλλο</span> <span class='ocrx_word' id='word_1_378' title='bbox 1488 4235 1570 4289; x_wconf 72' lang='lat' dir='ltr'>litura</span> 
     </span>
     <span class='ocr_line' id='line_1_38' title="bbox 205 4317 1570 4391; baseline 0.007 -24"><span class='ocrx_word' id='word_1_379' title='bbox 205 4317 213 4367; x_wconf 94' lang='lat' dir='ltr'>l</span> <span class='ocrx_word' id='word_1_380' title='bbox 239 4318 287 4368; x_wconf 83' lang='lat' dir='ltr'><strong>litt.</strong></span> <span class='ocrx_word' id='word_1_381' title='bbox 309 4321 329 4366; x_wconf 94' lang='lat' dir='ltr'>V</span> <span class='ocrx_word' id='word_1_382' title='bbox 448 4317 476 4368; x_wconf 79' lang='lat'>15</span> <span class='ocrx_word' id='word_1_383' title='bbox 504 4319 527 4369; x_wconf 85' lang='grc' dir='ltr'>τί</span> <span class='ocrx_word' id='word_1_384' title='bbox 551 4318 581 4369; x_wconf 82' lang='grc' dir='ltr'>όν</span> <span class='ocrx_word' id='word_1_385' title='bbox 599 4323 655 4383; x_wconf 84' lang='lat' dir='ltr'>Sp.:</span> <span class='ocrx_word' id='word_1_386' title='bbox 684 4325 732 4369; x_wconf 80' lang='grc' dir='ltr'>πᾶν</span> <span class='ocrx_word' id='word_1_387' title='bbox 751 4320 906 4373; x_wconf 85' lang='lat' dir='ltr'>VGFS&#39;B¹:</span> <span class='ocrx_word' id='word_1_388' title='bbox 934 4327 1051 4372; x_wconf 83' lang='grc' dir='ltr'>παντοῖον</span> <span class='ocrx_word' id='word_1_389' title='bbox 1073 4319 1165 4373; x_wconf 76' lang='lat' dir='ltr'><strong>B²s²a</strong></span> <span class='ocrx_word' id='word_1_390' title='bbox 1184 4320 1228 4387; x_wconf 84' lang='lat' dir='ltr'>Sp.</span> <span class='ocrx_word' id='word_1_391' title='bbox 1347 4321 1377 4373; x_wconf 88' lang='lat'>18</span> <span class='ocrx_word' id='word_1_392' title='bbox 1404 4320 1523 4391; x_wconf 79' lang='grc' dir='ltr'>ἐκείνων]</span> <span class='ocrx_word' id='word_1_393' title='bbox 1547 4341 1570 4376; x_wconf 82' lang='grc' dir='ltr'>ει</span> 
     </span>
     <span class='ocr_line' id='line_1_39' title="bbox 203 4405 1569 4479; baseline 0.006 -23"><span class='ocrx_word' id='word_1_394' title='bbox 203 4406 229 4456; x_wconf 89' lang='lat' dir='ltr'>in</span> <span class='ocrx_word' id='word_1_395' title='bbox 250 4422 298 4456; x_wconf 80' lang='lat' dir='ltr'>ras.</span> <span class='ocrx_word' id='word_1_396' title='bbox 319 4408 341 4454; x_wconf 87' lang='lat' dir='ltr'>V</span> <span class='ocrx_word' id='word_1_397' title='bbox 452 4406 481 4455; x_wconf 78' lang='lat'>19</span> <span class='ocrx_word' id='word_1_398' title='bbox 502 4405 575 4473; x_wconf 82' lang='grc' dir='ltr'>εἶναι]</span> <span class='ocrx_word' id='word_1_399' title='bbox 595 4406 704 4458; x_wconf 69' lang='lat' dir='ltr'>fortasse</span> <span class='ocrx_word' id='word_1_400' title='bbox 723 4408 773 4458; x_wconf 82' lang='grc' dir='ltr'>ἐστὶ</span> <span class='ocrx_word' id='word_1_401' title='bbox 872 4408 906 4459; x_wconf 71' lang='lat'>‘20</span> <span class='ocrx_word' id='word_1_402' title='bbox 925 4426 955 4474; x_wconf 86' lang='grc' dir='ltr'>με</span> <span class='ocrx_word' id='word_1_403' title='bbox 975 4408 1032 4475; x_wconf 85' lang='lat' dir='ltr'>Sp.:</span> <span class='ocrx_word' id='word_1_404' title='bbox 1052 4410 1096 4475; x_wconf 87' lang='grc' dir='ltr'>μὲν</span> <span class='ocrx_word' id='word_1_405' title='bbox 1115 4409 1175 4460; x_wconf 85' lang='lat' dir='ltr'>libri</span> <span class='ocrx_word' id='word_1_406' title='bbox 1282 4407 1315 4459; x_wconf 72' lang='lat'>22</span> <span class='ocrx_word' id='word_1_407' title='bbox 1343 4407 1467 4478; x_wconf 72' lang='grc' dir='ltr'>ὠφέλειαν</span> <span class='ocrx_word' id='word_1_408' title='bbox 1487 4426 1504 4461; x_wconf 89' lang='grc' dir='ltr'>ιι</span> <span class='ocrx_word' id='word_1_409' title='bbox 1521 4413 1569 4479; x_wconf 87' lang='lat' dir='ltr'>Sp.</span> 
     </span>
     <span class='ocr_line' id='line_1_40' title="bbox 203 4492 1569 4569; baseline 0.006 -27"><span class='ocrx_word' id='word_1_410' title='bbox 203 4508 302 4559; x_wconf 80' lang='lat' dir='ltr'><strong>semper</strong></span> <span class='ocrx_word' id='word_1_411' title='bbox 400 4492 578 4559; x_wconf 82' lang='grc' dir='ltr'>προκειμένου]</span> <span class='ocrx_word' id='word_1_412' title='bbox 598 4495 783 4563; x_wconf 83' lang='grc' dir='ltr'>προνοουμένου</span> <span class='ocrx_word' id='word_1_413' title='bbox 803 4495 872 4546; x_wconf 78' lang='lat' dir='ltr'>Diels</span> <span class='ocrx_word' id='word_1_414' title='bbox 892 4503 959 4547; x_wconf 77' lang='lat' dir='ltr'>recte</span> <span class='ocrx_word' id='word_1_415' title='bbox 1059 4496 1092 4547; x_wconf 72' lang='lat'>23</span> <span class='ocrx_word' id='word_1_416' title='bbox 1111 4494 1195 4569; x_wconf 85' lang='grc' dir='ltr'>χάριν]</span> <span class='ocrx_word' id='word_1_417' title='bbox 1214 4513 1227 4566; x_wconf 91' lang='grc' dir='ltr'>ρ</span> <span class='ocrx_word' id='word_1_418' title='bbox 1245 4496 1273 4547; x_wconf 88' lang='lat' dir='ltr'>in</span> <span class='ocrx_word' id='word_1_419' title='bbox 1292 4495 1373 4547; x_wconf 87' lang='lat' dir='ltr'>lit.V</span> <span class='ocrx_word' id='word_1_420' title='bbox 1474 4496 1509 4550; x_wconf 80' lang='lat'>25</span> <span class='ocrx_word' id='word_1_421' title='bbox 1528 4497 1569 4550; x_wconf 69' lang='grc' dir='ltr'>λέ-</span> 
     </span>
     <span class='ocr_line' id='line_1_41' title="bbox 202 4578 1435 4653; baseline 0.004 -22"><span class='ocrx_word' id='word_1_422' title='bbox 202 4578 287 4646; x_wconf 77' lang='grc' dir='ltr'>γεσθαι</span> <span class='ocrx_word' id='word_1_423' title='bbox 310 4581 378 4631; x_wconf 77' lang='lat' dir='ltr'>coni.</span> <span class='ocrx_word' id='word_1_424' title='bbox 398 4579 440 4645; x_wconf 79' lang='lat' dir='ltr'>Sp.</span> <span class='ocrx_word' id='word_1_425' title='bbox 567 4580 597 4630; x_wconf 75' lang='lat'>‘27</span> <span class='ocrx_word' id='word_1_426' title='bbox 627 4581 750 4650; x_wconf 80' lang='grc' dir='ltr'>συμβαίνη</span> <span class='ocrx_word' id='word_1_427' title='bbox 775 4582 827 4633; x_wconf 73' lang='lat' dir='ltr'>8²¹a</span> <span class='ocrx_word' id='word_1_428' title='bbox 848 4582 905 4649; x_wconf 52' lang='lat' dir='ltr'>Spa</span> <span class='ocrx_word' id='word_1_429' title='bbox 941 4583 1069 4652; x_wconf 78' lang='grc' dir='ltr'>συμβαίνει</span> <span class='ocrx_word' id='word_1_430' title='bbox 1093 4584 1139 4636; x_wconf 81' lang='lat'>13²:</span> <span class='ocrx_word' id='word_1_431' title='bbox 1170 4583 1294 4653; x_wconf 80' lang='grc' dir='ltr'>συμβῆναι</span> <span class='ocrx_word' id='word_1_432' title='bbox 1320 4583 1435 4636; x_wconf 79' lang='lat' dir='ltr'>VFB¹S¹</span> 
     </span>
     <span class='ocr_line' id='line_1_42' title="bbox 204 4665 1569 4740; baseline 0.007 -24"><span class='ocrx_word' id='word_1_433' title='bbox 204 4666 236 4716; x_wconf 63' lang='lat'>*29</span> <span class='ocrx_word' id='word_1_434' title='bbox 256 4665 367 4736; x_wconf 82' lang='grc' dir='ltr'>ὀρύσσων</span> <span class='ocrx_word' id='word_1_435' title='bbox 387 4665 447 4732; x_wconf 50' lang='lat' dir='ltr'>Sps</span> <span class='ocrx_word' id='word_1_436' title='bbox 472 4665 583 4735; x_wconf 82' lang='grc' dir='ltr'>ὀρύσσειν</span> <span class='ocrx_word' id='word_1_437' title='bbox 603 4669 661 4719; x_wconf 82' lang='lat' dir='ltr'>libri</span> <span class='ocrx_word' id='word_1_438' title='bbox 768 4670 802 4721; x_wconf 79' lang='lat'>30</span> <span class='ocrx_word' id='word_1_439' title='bbox 821 4669 896 4737; x_wconf 79' lang='grc' dir='ltr'>τινος]</span> <span class='ocrx_word' id='word_1_440' title='bbox 917 4671 1024 4722; x_wconf 73' lang='lat' dir='ltr'>fortasse</span> <span class='ocrx_word' id='word_1_441' title='bbox 1043 4690 1080 4728; x_wconf 86' lang='grc' dir='ltr'>τις</span> <span class='ocrx_word' id='word_1_442' title='bbox 1186 4670 1228 4723; x_wconf 87' lang='lat'>31.</span> <span class='ocrx_word' id='word_1_443' title='bbox 1247 4670 1281 4722; x_wconf 74' lang='lat'>32</span> <span class='ocrx_word' id='word_1_444' title='bbox 1300 4675 1345 4723; x_wconf 80' lang='grc' dir='ltr'>τοῦ</span> <span class='ocrx_word' id='word_1_445' title='bbox 1364 4675 1438 4723; x_wconf 84' lang='grc' dir='ltr'>τοῦτο</span> <span class='ocrx_word' id='word_1_446' title='bbox 1456 4674 1569 4740; x_wconf 81' lang='lat' dir='ltr'>scripsi:</span> 
     </span>
     <span class='ocr_line' id='line_1_43' title="bbox 202 4754 1569 4828; baseline 0.007 -24"><span class='ocrx_word' id='word_1_447' title='bbox 202 4754 293 4805; x_wconf 81' lang='grc' dir='ltr'>τούτου</span> <span class='ocrx_word' id='word_1_448' title='bbox 306 4755 333 4804; x_wconf 80' lang='grc' dir='ltr'>τὸ</span> <span class='ocrx_word' id='word_1_449' title='bbox 349 4756 444 4805; x_wconf 77' lang='lat' dir='ltr'>VBSa:</span> <span class='ocrx_word' id='word_1_450' title='bbox 464 4754 552 4806; x_wconf 74' lang='grc' dir='ltr'>τούτου</span> <span class='ocrx_word' id='word_1_451' title='bbox 566 4757 588 4806; x_wconf 78' lang='grc' dir='ltr'>τί</span> <span class='ocrx_word' id='word_1_452' title='bbox 601 4756 630 4806; x_wconf 87' lang='grc' dir='ltr'>τό</span> <span class='ocrx_word' id='word_1_453' title='bbox 645 4756 662 4804; x_wconf 88' lang='lat' dir='ltr'>V</span> <span class='ocrx_word' id='word_1_454' title='bbox 668 4758 722 4808; x_wconf 85' lang='lat' dir='ltr'><strong>ict.:</strong></span> <span class='ocrx_word' id='word_1_455' title='bbox 742 4763 817 4808; x_wconf 80' lang='grc' dir='ltr'>τοῦτο</span> <span class='ocrx_word' id='word_1_456' title='bbox 832 4761 897 4809; x_wconf 78' lang='lat' dir='ltr'>coni.</span> <span class='ocrx_word' id='word_1_457' title='bbox 912 4758 956 4826; x_wconf 77' lang='lat' dir='ltr'>Sp.</span> <span class='ocrx_word' id='word_1_458' title='bbox 1047 4758 1080 4809; x_wconf 73' lang='lat'>34</span> <span class='ocrx_word' id='word_1_459' title='bbox 1099 4758 1163 4809; x_wconf 76' lang='grc' dir='ltr'>αὑτὰ</span> <span class='ocrx_word' id='word_1_460' title='bbox 1176 4762 1212 4828; x_wconf 76' lang='grc' dir='ltr'>τῷ</span> <span class='ocrx_word' id='word_1_461' title='bbox 1226 4760 1330 4826; x_wconf 69' lang='lat' dir='ltr'><strong>scripsi:</strong></span> <span class='ocrx_word' id='word_1_462' title='bbox 1350 4759 1421 4828; x_wconf 73' lang='grc' dir='ltr'>αὐτῷ</span> <span class='ocrx_word' id='word_1_463' title='bbox 1437 4762 1569 4813; x_wconf 79' lang='lat' dir='ltr'>VB¹S¹F2</span> 
     </span>
     <span class='ocr_line' id='line_1_44' title="bbox 202 4839 1532 4916; baseline 0.008 -26"><span class='ocrx_word' id='word_1_464' title='bbox 202 4839 273 4909; x_wconf 80' lang='grc' dir='ltr'>αύτιγῖ</span> <span class='ocrx_word' id='word_1_465' title='bbox 292 4844 330 4909; x_wconf 66' lang='lat' dir='ltr'>tq}</span> <span class='ocrx_word' id='word_1_466' title='bbox 349 4844 456 4893; x_wconf 71' lang='lat' dir='ltr'>B²s²Ga</span> <span class='ocrx_word' id='word_1_467' title='bbox 468 4842 512 4909; x_wconf 84' lang='lat' dir='ltr'>Sp.</span> <span class='ocrx_word' id='word_1_468' title='bbox 613 4844 646 4896; x_wconf 74' lang='lat'>35</span> <span class='ocrx_word' id='word_1_469' title='bbox 665 4844 731 4914; x_wconf 81' lang='grc' dir='ltr'>παρὰ</span> <span class='ocrx_word' id='word_1_470' title='bbox 750 4845 823 4913; x_wconf 83' lang='grc' dir='ltr'>λόγον</span> <span class='ocrx_word' id='word_1_471' title='bbox 842 4865 858 4897; x_wconf 86' lang='grc' dir='ltr'>ιι</span> <span class='ocrx_word' id='word_1_472' title='bbox 871 4850 926 4912; x_wconf 83' lang='lat' dir='ltr'>Sp.:</span> <span class='ocrx_word' id='word_1_473' title='bbox 946 4845 1087 4916; x_wconf 85' lang='grc' dir='ltr'>παράλογον</span> <span class='ocrx_word' id='word_1_474' title='bbox 1108 4846 1181 4898; x_wconf 81' lang='lat' dir='ltr'>codd.</span> <span class='ocrx_word' id='word_1_475' title='bbox 1279 4863 1357 4915; x_wconf 76' lang='lat' dir='ltr'>supra</span> <span class='ocrx_word' id='word_1_476' title='bbox 1376 4846 1422 4914; x_wconf 74' lang='grc' dir='ltr'>τὴν</span> <span class='ocrx_word' id='word_1_477' title='bbox 1441 4847 1491 4899; x_wconf 72' lang='grc' dir='ltr'>Βί</span> <span class='ocrx_word' id='word_1_478' title='bbox 1511 4849 1532 4900; x_wconf 83' lang='grc' dir='ltr'>ιί</span> 
     </span>
     <span class='ocr_line' id='line_1_45' title="bbox 202 4933 379 4979; baseline 0.006 -1"><span class='ocrx_word' id='word_1_479' title='bbox 202 4934 255 4978; x_wconf 87' lang='grc' dir='ltr'>τῶν</span> <span class='ocrx_word' id='word_1_480' title='bbox 274 4946 293 4979; x_wconf 75' lang='lat' dir='ltr'>s.</span> <span class='ocrx_word' id='word_1_481' title='bbox 314 4946 336 4979; x_wconf 86' lang='grc' dir='ltr'>ι.</span> <span class='ocrx_word' id='word_1_482' title='bbox 359 4933 379 4979; x_wconf 86' lang='lat' dir='ltr'>V</span> 
     </span>
    </p>
   </div>
   <div class='ocr_carea' id='block_1_5' title="bbox 0 0 1774 5610">
    <p class='ocr_par' dir='ltr' id='par_1_5' title="bbox 0 0 1774 5610">
     <span class='ocr_line' id='line_1_46' title="bbox 0 0 1774 5610; baseline 0 2"><span class='ocrx_word' id='word_1_483' title='bbox 0 0 1774 5610; x_wconf 95' lang='lat' dir='ltr'> </span> 
     </span>
    </p>
   </div>
  </div>
 </body>
</html>
