3540 5610
201 316 263 382 144
520 317 724 374 ALEXANDRI
747 319 791 374 DF}
813 319 923 375 ANfflA
946 319 1038 375 LIBRI
1058 319 1230 376 MANTISSA

252 489 288 553 τό
315 491 393 556 ἀίδια
419 497 484 565 τοῦ,
497 495 628 577 δυνάμει.
671 496 792 578 δυνάμει
817 493 850 558 δέ
879 493 940 558 ἐστι
962 495 1097 579 διαφανὲς
1122 495 1155 558 τό
1182 493 1213 557 ἐν
1239 498 1299 564 τοῖς
1326 494 1355 557 ἐν
1377 493 1497 577 γενέσει.

252 595 337 657 τοῦτο
358 596 426 681 γάρ,
455 597 554 682 ὥσπερ
575 595 625 660 οῦν
648 597 695 660 καὶ
717 595 753 659 τά
775 595 850 661 ἄλλα
870 596 907 660 τὰ
925 597 958 660 ἐν
981 596 1104 679 γενέσει,
1131 597 1165 661 ἐκ
1186 601 1238 660 τοῦ
1261 597 1380 681 δυνάμει
1400 597 1442 666 εἰς
1463 596 1497 659 τό

253 694 380 782 ἐνεργείᾳ
401 697 542 783 πρόεισιν,
568 699 616 763 καί
639 696 714 762 ἔστιν
742 699 758 760 ὁ
784 698 841 784 άὴρ
869 700 917 762 καὶ
944 699 999 763 όσα
1025 698 1093 783 παρ’
1120 700 1190 782 ἡμῖν
1217 701 1340 784 διαφανῆ
1368 700 1423 783 πρδ
1445 703 1499 781 τῆς

253 800 411 883 παρουσίας
432 805 482 864 τοῦ
504 802 636 886 φωτίζειν
659 798 820 884 πεφυκότος
850 802 905 885 ῦλη
928 806 978 865 τοῦ
1001 800 1064 866 κατ’
1091 801 1234 886 ἐνέργειαν
1260 804 1415 886 διαφανοῦς
1436 824 1497 864 του

225 899 344 965 στέστιν
365 906 417 966 τοῦ
439 902 550 987 φωτός,
576 906 596 989 ἡ
619 907 652 970 δὲ
677 910 729 969 τοῦ
749 905 923 991 φωτίζοντος
945 900 1091 989 1ιταρουσία
1117 904 1253 988 διαφανές
1277 927 1309 968 τε
1330 903 1401 968 αῦτδ
1423 898 1503 966 ποιεῖ

253 1005 301 1067 καὶ
323 1007 485 1090 χρώννυσιν
504 1008 609 1091 τρόπον
631 1009 703 1072 τινά.
736 1008 769 1071 τό
791 1008 844 1093 γὰρ
867 1012 931 1092 φῶς
951 1008 1010 1071 οἷον
1032 1010 1140 1092 χρῶμα
1161 1010 1213 1070 τοῦ
1235 1009 1389 1092 διαφανοῦς
1412 1006 1498 1070 ἐστιν.

252 1103 313 1169 ἔστι
335 1107 368 1170 δὲ
389 1110 525 1193 διαφανὲς
551 1109 617 1174 οὔτε
647 1111 662 1173 ό
689 1111 747 1195 ἀὴρ
768 1109 845 1174 καθὸ
872 1110 929 1194 άὴρ
956 1107 1023 1172 οὔτε
1044 1109 1077 1172 τό
1104 1109 1181 1193 ῦῦωρ
1207 1109 1283 1172 καθὸ
1306 1109 1393 1194 ῦδωρ.
1437 1106 1542 1172 ἕσπεο

252 1208 307 1293 γὰρ
333 1209 423 1273 πλείω
450 1214 573 1296 σώματα
599 1213 770 1298 διαφέροντα
791 1210 856 1275 κατ’
882 1210 958 1281 εἶδος
984 1213 1119 1296 ἀλλήλων
1145 1209 1239 1275 κοινόν
1260 1235 1287 1275 τι
1309 1212 1341 1274 τδ
1362 1218 1416 1296 τῆς
1441 1215 1499 1276 δια-

176 1380 183 1395 ,
253 1312 372 1396 φανείας
393 1314 488 1384 πάθος
509 1312 624 1401 ἔχοντα.
667 1317 716 1380 καὶ
736 1315 790 1400 γὰρ
812 1315 845 1378 τδ
867 1313 956 1377 ἀίδιον
979 1319 1066 1396 σῶμα
1087 1314 1135 1377 καὶ
1158 1312 1173 1375 ό
1196 1313 1253 1398 άὴρ
1280 1315 1328 1377 καὶ
1354 1314 1387 1377 τό
1410 1314 1499 1400 ὕδωρ,

121 1421 124 1428 “
213 1429 240 1473 10
253 1415 302 1477 καὶ
324 1416 354 1478 αί
377 1416 456 1480 ῦελοι
483 1417 516 1480 δὲ
541 1420 590 1482 καὶ
612 1419 689 1482 λίθοι
715 1418 789 1487 τινὲς
814 1416 921 1500 ταύτης
947 1418 1187 1502 κεκοινωνήκασιν
1213 1421 1266 1499 τῆς
1295 1415 1421 1500 φύσεως.
1466 1418 1499 1480 τδ

255 1517 306 1600 μὲν
328 1515 378 1581 οῦν
400 1518 490 1583 ἀίδιον
513 1525 599 1604 σῶμα
622 1520 667 1584 ἀεὶ
689 1516 751 1583 κατ’
780 1519 922 1603 ἐνέργειάν
945 1520 1005 1584 ἐστι
1027 1518 1177 1602 διαφανές,
1200 1520 1299 1603 ὥσπερ
1320 1518 1441 1602 εἴρηται,
1465 1519 1501 1582 τὰ

254 1616 280 1682 δ’
307 1618 382 1684 ἄλλα
404 1621 475 1684 ποτὲ
497 1623 549 1706 μὲν
572 1625 702 1707 δυνάμει,
730 1622 800 1685 ποτὲ
826 1622 859 1685 δὲ
880 1622 1060 1707 ἐντελεχείᾳ,
1087 1622 1136 1685 καὶ
1158 1623 1178 1705 ἡ
1201 1621 1253 1705 μὲν
1275 1620 1392 1706 τοιαύτη
1415 1621 1501 1705 φύσις

254 1723 370 1807 δεκτικὴ
393 1723 499 1808 φωτός.
545 1724 600 1789 όσα
622 1726 654 1789 δὲ
677 1725 718 1808 μὴ
740 1728 947 1808 κεκοινώνηκεν
970 1728 1022 1808 τῆς
1043 1725 1159 1787 τοιοῖσδε
1180 1723 1305 1808 φύσεως,
1327 1723 1499 1787 άνεπιθεκτα

196 1892 199 1897 ,
255 1824 368 1889 τούτου.
413 1826 460 1891 διὰ
481 1832 567 1891 τοῦτο
588 1825 656 1891 οῦτε
679 1826 726 1891 διὰ
748 1827 849 1912 τοίχου
873 1827 905 1890 τδ
927 1831 992 1911 φῶς
1012 1823 1078 1889 οῦτε
1101 1827 1149 1890 διά
1170 1849 1244 1895 τινος
1265 1825 1355 1890 άλλου
1376 1831 1435 1890 τῶν
1458 1827 1499 1911 μὴ
1514 1843 1542 1886 οε

215 1944 241 1988 ιο
255 1931 401 2013 διαφανῶν
424 1936 526 2015 χωρεῖ,
553 1930 596 1994 ότι
619 1930 693 2015 μόνη
715 1933 735 2014 ἡ
758 1934 809 1994 τοῦ
833 1932 987 2015 διαφανοῦς
1009 1928 1093 2013 φύσις
1115 1927 1241 2013 πέφυκεν
1263 1929 1343 1992 ταυτὶ
1365 1932 1520 2016 πάσχειν,,

254 2031 360 2117 τρόπον
374 2034 447 2106 τινά,
466 2033 599 2116 καθάπερ
615 2032 780 2116 εἰρήκαμεν,
803 2034 845 2100 ὡς
865 2032 969 2095 οἰκεῖον
986 2037 1094 2116 χρῶμα
1109 2031 1141 2093 τὸ
1157 2037 1221 2116 φῶς
1235 2031 1390 2116 δεχομένη.
1424 2055 1502 2118 χρω-

256 2135 402 2218 ματίζεται
424 2135 457 2197 δὲ
478 2138 569 2198 ταῦτα
590 2135 638 2198 καὶ
658 2136 814 2219 φωτίζεται
836 2134 871 2197 οδ
894 2133 1030 2215 σώματός
1052 2156 1127 2202 τινος
1148 2138 1314 2218 χωροῦντος
1336 2132 1372 2197 δι’
1392 2134 1500 2211 αὐτῶν,

144 2309 146 2313 Α
255 2235 315 2301 ἀλλ’
335 2237 396 2319 οὐδ’
416 2237 492 2301 αὐτὰ
512 2237 587 2301 κατὰ
608 2237 660 2321 τἠν
676 2237 706 2301 ἐν
728 2236 827 2307 αὐτοῖς
848 2237 1010 2321 μεταβολὴν
1033 2235 1231 2299 άλλοιωθέντα
1246 2236 1362 2322 δέχεται
1378 2238 1411 2301 τὸ
1426 2241 1500 2322 φῶς,

254 2340 398 2426 παρουσία
423 2341 455 2404 δὲ
482 2340 572 2424 πυρός
598 2339 617 2424 ἢ
645 2338 775 2404 τοιούτου
801 2340 876 2409 τινός
903 2338 932 2401 έν
959 2340 1094 2422 διαφανεῖ
1118 2340 1138 2421 ίη
1166 2339 1242 2402 αἰτία
1267 2363 1300 2422 γε
1321 2339 1420 2404 αὐτοῦ.
1465 2340 1500 2404 οὐ

214 2459 242 2504 ευ
255 2444 309 2528 γὰρ
331 2444 424 2528 πυρδς
438 2443 581 2527 παρουσία
604 2441 690 2526 μόνον
706 2443 822 2527 φωτίζει
844 2443 878 2505 τὸ
900 2441 1046 2525 διαφανές,
1069 2439 1128 2504 ἀλλ’
1149 2438 1226 2505 ἔστιν
1249 2444 1296 2506 καὶ
1317 2442 1351 2506 τό
1372 2442 1501 2528 αἰθέριον

256 2552 343 2631 σῶμα
364 2550 492 2610 τοιοῦτον
515 2546 563 2608 καὶ
582 2544 656 2608 ἄλλα
677 2545 739 2607 τινὰ
762 2543 848 2629 μόρια
869 2541 955 2629 ζῴων
978 2543 1140 2607 θαλαττίων
1162 2566 1193 2606 τε
1215 2546 1263 2609 καὶ
1285 2546 1430 2631 χερσαίων
1453 2546 1502 2609 καὶ
1515 2562 1543 2606 ιο

255 2653 371 2734 πτηνῶν
397 2647 446 2710 καὶ
467 2648 558 2712 λίθων
585 2652 669 2711 τινῶν
691 2647 774 2730 γένη,
801 2648 948 2726 ἃπάντα,
979 2644 1000 2728 ᾖ
1023 2646 1142 2710 τοιαῦτά
1163 2646 1254 2729 ἐστιν,
1281 2647 1315 2711 οὐ
1339 2645 1436 2733 ῥᾴδιον
1459 2651 1501 2714 ένὶ

256 2753 421 2837 περιλαβεῖν
443 2748 571 2832 ὀνόματι.
611 2751 655 2814 διδ
678 2750 779 2835 ῥητέον
801 2751 835 2814 τὸ
856 2756 921 2834 φῶς
942 2749 1032 2833 πυρός
1054 2749 1073 2833 ἢ
1096 2749 1225 2813 τοιούτου
1246 2751 1321 2820 τινὸς
1343 2752 1500 2835 παρουσίαν

258 2855 288 2918 ἐν
310 2859 353 2939 τῷ
376 2856 509 2939 διαφανεῖ
529 2852 611 2916 εἶναι.
653 2850 695 2915 ἔτι
716 2853 742 2915 εἰ
763 2854 796 2916 τὸ
819 2851 931 2927 σκότος,
954 2852 1087 2937 στέρησις
1110 2851 1141 2915 ὃν
1163 2852 1270 2937 φωτός,
1293 2854 1418 2918 ἀπουσία
1439 2855 1503 2919 τοῦ·

216 2973 244 3018 ιο
257 2980 314 3020 των
336 2956 412 3021 ἐστὶν
435 2957 454 3041 ἢ
476 2957 585 3038 γίνεταί
602 2978 637 3039 γε
657 2959 696 3038 ιη’
718 2954 827 3019 τούτων
849 2954 989 3039 ἀπουσίᾳ,
1015 2953 1134 3037 εύλογον
1155 2956 1203 3018 καλ
1225 2956 1257 3019 τό
1279 2960 1344 3040 φῶς
1365 2956 1417 3040 τὴν
1440 2957 1503 3021 τού·

256 3085 314 3124 των
336 3058 429 3143 λέγειν
455 3059 528 3123 εἶναι
556 3059 724 3144 παρουσίαν.
768 3058 787 3142 ἢ
813 3057 867 3142 γὰρ
889 3056 966 3121 τοῦτ’
993 3057 1055 3121 ἐστι
1076 3057 1108 3120 τδ
1136 3060 1200 3141 φῶς
1221 3058 1269 3121 καὶ
1291 3058 1324 3121 τό
1346 3058 1459 3135 σκότος,
1481 3060 1501 3144 ἡ

256 3162 335 3228 αἴτιά
355 3184 388 3245 γε
411 3166 500 3225 ταῦτα
521 3161 640 3225 τούτων.
687 3161 722 3224 οδ
744 3161 798 3245 γὰρ
820 3164 877 3223 πᾶν
901 3161 956 3224 ύπδ
979 3160 1084 3229 παντὸς
1109 3159 1233 3244 πάσχειν
1258 3183 1291 3223 τε
1312 3163 1360 3224 καὶ
1382 3163 1503 3228 διαειθε-
1567 3148 1573 3163 ’

257 3267 326 3332 σθαι
347 3265 433 3349 φύσιν
455 3262 529 3349 ἔχει,
552 3265 628 3329 ἀλλὰ
649 3263 725 3328 άλλα
747 3260 795 3327 ὑπ’
823 3262 919 3327 ἄλλων
941 3263 1104 3346 παθητικά,
1127 3246 1226 3347 ὥσπερ
1248 3260 1298 3327 οῦν
1320 3265 1369 3328 καὶ
1391 3265 1424 3328 τό
1445 3267 1504 3330 δια-
1517 3283 1545 3327 ετ

256 3368 346 3454 φανὲς
371 3368 428 3431 ύπδ
454 3371 512 3430 τῶν
539 3367 765 3452 προειρημένων.
809 3366 835 3429 εἰ
862 3365 895 3428 δέ
917 3365 992 3428 ἐστιν
1020 3365 1184 3450 ἐντελέχεια
1211 3369 1261 3428 τοῦ
1288 3367 1445 3451 διαφανοῦς
1470 3370 1505 3434 τδ

222 3488 249 3533 ου
262 3477 336 3559 φῶς,
358 3471 513 3552 ἀσώματον
536 3460 578 3532 ἄν’
592 3469 649 3554 εἴη.
686 3469 848 3554 κοινότερον
870 3467 903 3531 δὲ
923 3472 987 3552 φιῖις
1009 3468 1057 3531 καὶ
1078 3468 1111 3531 τδ
1133 3466 1348 3554 πεφωτισμένον
1370 3468 1503 3555 λέγομεν,

258 3575 329 3659 όπερ
354 3571 413 3657 ἤδη
438 3576 534 3654 σῶμα.
578 3571 759 3656 δεδειγμένου
788 3571 835 3646 δέ,
863 3570 914 3634 ότι
933 3570 986 3635 οὐκ
1012 3568 1073 3655 ἔστι
1101 3571 1196 3640 πάθος
1221 3572 1255 3635 τό
1282 3576 1346 3656 φῶς
1370 3577 1423 3636 τοῦ
1445 3576 1503 3639 δια-

257 3680 366 3764 φανοῦς
385 3673 462 3758 (ἀλλ’
482 3673 551 3738 οὐδὲ
571 3675 604 3737 τό
626 3681 736 3760 χρῶμα
757 3675 852 3744 πάθος
874 3671 934 3737 οὐδ’
955 3673 1036 3745 αότό,
1059 3672 1134 3736 ἀλλὰ
1156 3672 1257 3759 σχέσει
1277 3674 1331 3736 τινὶ
1352 3675 1372 3758 ἡ
1394 3676 1504 3742 τούτων

258 3779 288 3844 όν
310 3784 353 3863 τῷ
376 3780 510 3863 διαφανεῖ
534 3777 708 3862 παρουσία),
736 3775 832 3841 οὐκέτι
857 3777 964 3860 γίνεται
992 3776 1060 3840 οὐδὲ
1085 3777 1118 3840 τό
1140 3776 1220 3840 θεῖον
1248 3781 1335 3859 σῶμα
1361 3779 1503 3866 παθητόν,

259 3883 286 3947 εί
307 3880 344 3948 δι’
371 3879 461 3945 αότοῦ
483 3880 519 3944 τὰ
541 3879 632 3966 άστρα
652 3879 763 3965 ὁρᾶται.
804 3878 913 3965 οὐγὰρ
936 3882 1045 3966 πάσχει
1066 3880 1098 3943 τό
1121 3879 1256 3964 διαφανὲς
1278 3880 1334 3943 ὑπὸ
1356 3885 1415 3945 τῶν
1437 3883 1505 3969 όρα·

218 3990 331 4066 ωτῶν,
363 3985 462 4067 ὥσπερ
485 3981 535 4047 οῦν
558 3982 619 4048 οὐδ’
647 3983 704 4047 ὑπὸ
725 3986 777 4046 τοῦ
800 3983 909 4068 φωτός·
943 3981 1012 4047 οὐδὲ
1035 3982 1086 4067 γὰρ
1113 3984 1182 4067 ἡμῖν
1209 3983 1313 4045 παθεῖν
1335 3982 1397 4047 ἐστι
1417 3987 1450 4050 τό
1473 3986 1547 4051 ένεο

257 4089 334 4176 φωτὶ
355 4086 443 4163 εἶναι,
470 4083 529 4150 ἀλλ’
557 4084 650 4150 ἔοικεν
676 4086 709 4149 τό
731 4086 912 4172 φωτίζεσθαί
937 4109 969 4150 τε
990 4087 1039 4149 καὶ
1060 4087 1093 4150 τό
1115 4086 1302 4171 χριύννυσθαι
1323 4091 1383 4156 τοῖς
1404 4089 1505 4175 διαφα-

258 4192 334 4257 νέσιν
356 4189 566 4275 παραπλησίως
585 4188 714 4272 γίνεσθαι
735 4195 777 4275 τῷ
801 4191 933 4275 θεωρεῖν,
955 4188 1049 4273 θάμα
1071 4212 1102 4253 τε
1124 4187 1206 4274 εῦρεν
1228 4190 1243 4252 ό
1261 4193 1355 4274 ζητῶν
1377 4193 1426 4255 καὶ
1447 4193 1507 4258 ἐπι·
1548 4250 1553 4261 .

208 4400 221 4452 l
242 4397 358 4468 διαφανὲς
375 4400 421 4464 m’,
439 4397 519 4454 διανὲς
537 4398 607 4450 m¹V
703 4397 719 4451 3
738 4397 833 4469 πρόισιν
852 4400 875 4451 V
974 4398 1007 4451 10
1024 4395 1101 4468 ύελοι]
1121 4396 1135 4451 ύ
1154 4399 1182 4450 in
1200 4399 1275 4451 lit.v
1366 4399 1461 4470 ταύτης
1479 4402 1517 4456 εἰσ
1535 4401 1559 4456 V

209 4486 241 4540 13
257 4484 356 4539 τοιᾶσδε
375 4485 410 4536 V:
428 4482 543 4554 τοιαύτης
561 4500 578 4537 α
659 4485 691 4537 14
709 4484 749 4538 διὰ
766 4490 840 4539 τοῦτο
859 4501 909 4539 οω.
928 4503 944 4538 a
1026 4487 1057 4540 15
1075 4485 1151 4538 ταυτὸ
1170 4503 1185 4538 υ
1264 4487 1380 4557 πάσχειν]
1398 4506 1418 4540 π
1435 4488 1464 4542 in
1482 4489 1559 4543 utv

210 4573 241 4626 16
260 4571 376 4642 καθάπερ
394 4570 540 4641 εἰρήκαμεν]
559 4570 592 4624 εί.
611 4571 664 4623 ν.6
760 4573 853 4643 τρόπον
870 4574 936 4644 τινὰ]
955 4574 986 4627 cf.
1006 4571 1051 4626 ὅσα
1069 4574 1114 4643 μὲν
1133 4573 1223 4627 οἰκεῖον
1241 4576 1319 4646 πέρας
1336 4573 1388 4628 ούιι
1402 4574 1462 4646 ἔχει,
1474 4552 1560 4630 ’ταῦτα

208 4657 235 4714 δὲ
254 4659 317 4732 μηδὲ
335 4664 428 4733 χρῶμα
445 4658 511 4729 ίχειν
530 4658 621 4711 οίκεῖον
639 4659 700 4725 46,8
801 4661 832 4714 18
850 4660 948 4735 δέχεται
966 4661 1006 4731 τὸ]
1025 4664 1110 4736 ίχιται
1127 4681 1142 4714 τ
1160 4663 1189 4714 in
1206 4662 1282 4715 lit.V
1388 4661 1421 4716 19
1438 4664 1560 4735 παρουσία

208 4765 236 4802 ει
255 4746 417 4821 παρουσίρλί
521 4746 584 4816 ἡοι
604 4746 663 4818 ἣν
771 4746 806 4800 20
831 4748 953 4820 παρουσία
973 4767 980 4800 ι
998 4765 1057 4801 ν.ο.
1075 4747 1111 4817 (ί)
1130 4749 1269 4818 adscripsit
1372 4748 1406 4803 22
1433 4750 1560 4822 πάντα]ν

208 4836 238 4889 in
255 4835 331 4889 lit.v
436 4833 471 4887 24
493 4836 532 4903 τῷ
550 4835 585 4886 V:
604 4833 668 4887 τὸυ
773 4834 803 4888 31
829 4832 867 4887 ότι
886 4837 922 4888 V:
941 4835 1023 4907 ἅραιι
1128 4835 1161 4889 32
1184 4854 1220 4891 sc.
1238 4843 1290 4890 τῶν
1308 4839 1454 4911 χρωμάτων

209 4922 242 4978 36
261 4919 439 4998 χρύνυσθαια
543 4921 577 4974 37
596 4919 665 4992 ιῦρεν
682 4923 705 4976 V
724 4920 766 4975 οι.
784 4923 866 4977 Vict.:
884 4923 956 4998 ιύρον
974 4939 991 4976 ιι
