3540 5610
692 321 704 374 1
739 320 785 375 DE
803 320 1074 386 QUAESTIONIBUS
1510 321 1561 360 xm

201 494 339 561 consilio
366 516 425 562 sno
451 497 630 562 locuturum
657 514 739 561 esse.
788 501 896 561 tumen
930 515 995 559 non
1029 492 1137 576 tacuit,
1171 512 1226 557 cur
1258 491 1340 557 haec
1372 489 1560 575 scripsisset.

202 616 295 697 legas
318 614 401 682 haec
424 615 518 699 118,6
540 614 662 691 ὅτι...,
689 613 847 678 δεικτέον
870 611 904 677 ἔκ
924 637 957 676 τε
978 618 1103 697 τῆς...
1148 609 1322 674 ἔπειτα...
1367 609 1559 693 ὅτιγὰρ...

203 735 366 819 δείξομεν
390 735 505 819 113,ἳὸ
527 732 571 798 ὅτι
668 736 716 800 καὶ
738 734 772 798 ἐκ
793 736 885 798 τῶνδε
907 737 965 797 τῶν
987 732 1081 815 λόγων
1104 731 1269 816 δειχθείη
1291 729 1331 793 ἂν
1357 729 1449 811 114,6
1472 728 1506 792 ἂν
1528 730 1561 793 δὲ

203 856 445 939 ἐνιστάμενοι...
468 854 600 938 λέγωσιν,
624 854 762 940 ῥητέον,
785 852 829 917 ὅτι
854 854 965 936 122,21
989 856 1074 916 τοῦτο
1094 853 1177 935 etro
1194 849 1332 932 ἐπαγωγῇ
1355 848 1560 913 τιστωτέον.

203 995 246 1042 ex
267 973 389 1040 talibm
411 973 625 1040 locutionibus
646 994 752 1039 nonne
780 979 870 1057 patet
896 971 1000 1056 ipsum
1023 977 1185 1036 auctorem
1212 967 1317 1050 fateri,
1340 986 1375 1033 se
1397 987 1461 1032 non
1489 967 1562 1052 ipsa

203 1102 399 1179 argumenta
420 1114 592 1181 exponere,
615 1093 673 1160 sed
695 1092 780 1158 viam
803 1098 982 1157 monstrare
1004 1110 1067 1174 qua
1089 1090 1132 1155 ad
1154 1109 1195 1155 ea
1216 1087 1376 1173 perveniri
1399 1088 1521 1172 possit?

290 1215 355 1280 Vix
369 1221 456 1281 recte
477 1221 586 1281 autern
601 1212 839 1279 Fanunsurnm
860 1210 981 1276 dixisse
995 1210 1123 1275 videtur
1144 1207 1287 1274 eiusdem
1303 1207 1474 1291 prosapiae
1490 1227 1562 1273 esse

205 1332 422 1413 Quaestiones
443 1341 476 1400 et
497 1333 696 1399 Mentissam.
740 1333 774 1398 in
796 1329 939 1417 physicis
961 1338 1048 1396 certe
1070 1328 1169 1411 libris,
1196 1327 1222 1392 si
1252 1348 1349 1392 unum
1376 1327 1487 1411 111,12
1510 1346 1563 1392 ex-

205 1453 343 1538 ceperis,
364 1453 409 1519 nil
431 1454 516 1520 inest
537 1453 623 1538 quod
644 1473 716 1519 curn
737 1452 823 1518 illius
845 1460 902 1518 aut
924 1446 1246 1518 commentationibus
1273 1453 1330 1513 aut
1355 1446 1562 1512 collectaneis

205 1575 258 1640 vel
273 1573 455 1658 comparari
469 1573 581 1659 possit.
614 1594 654 1640 eo
668 1579 792 1639 tantum
815 1578 1004 1654 congruunt,
1026 1568 1111 1652 quod
1134 1575 1302 1649 utrumque
1325 1585 1406 1649 opus
1428 1565 1474 1629 sio
1497 1586 1562 1630 non

205 1693 249 1759 ab
270 1693 459 1760 Alexandro
480 1692 601 1758 editum
627 1698 685 1759 est.
730 1692 762 1757 in
791 1700 924 1776 utroque
950 1689 1079 1774 quidem
1105 1687 1223 1769 insunt,
1256 1704 1340 1768 qnae
1372 1692 1428 1750 ant
1462 1683 1562 1750 edidit

206 1818 263 1877 aut
285 1810 329 1877 ad
341 1810 500 1878 edendum
522 1811 649 1895 scripsit
671 1812 736 1895 ille,
759 1812 817 1878 scd
839 1819 874 1876 ut
893 1810 928 1875 in
943 1805 1191 1886 Quaestionibus
1206 1804 1336 1871 diversa
1351 1803 1476 1869 miscuit
1491 1824 1561 1869 cum

207 1929 428 2014 problematis,
449 1929 498 1996 ita
518 1930 552 1995 in
575 1930 731 1996 mantissa
752 1952 824 1997 eum
845 1925 1166 1995 commentationibus
1189 1924 1396 1990 collectanea.

294 2049 484 2116 Redactoris
505 2049 642 2134 vestigia
663 2049 696 2114 in
719 2048 966 2129 Quaestionibns
988 2045 1101 2113 crebra
1123 2052 1156 2111 et
1176 2052 1291 2129 aperta
1312 2051 1396 2127 sunt,
1419 2042 1451 2108 in
1475 2041 1563 2106 Man-

206 2168 289 2234 tissa
308 2168 378 2236 fere
393 2171 505 2253 latent,
528 2169 585 2236 sed
607 2190 671 2236 non
687 2170 813 2236 desunt.
847 2175 924 2253 puto
946 2166 1032 2233 enirn
1053 2163 1153 2231 verba
1168 2182 1251 2246 qnae
1273 2163 1382 2248 inepte
1403 2160 1501 2247 priori
1521 2159 1562 2225 de

205 2287 311 2355 libera
324 2289 492 2355 voluntate
506 2288 766 2355 commentationi
782 2286 981 2372 praescripta
994 2290 1078 2368 sunt,
1100 2288 1159 2347 τῶν
1175 2283 1253 2368 παρὰ
1265 2281 1482 2367 Ἀριστοτέλους
1496 2282 1562 2365 περὶ

205 2411 257 2471 τοῦ
280 2405 329 2492 ἐφ’
348 2409 420 2493 ἡμῖν
440 2429 462 2474 a
476 2408 643 2474 redactore
664 2407 776 2473 addita
796 2427 878 2473 esse.
912 2427 987 2473 nam
1002 2404 1158 2487 doctrina,
1181 2423 1264 2485 qnae
1279 2401 1340 2468 hoc
1360 2401 1465 2486 capite
1480 2420 1563 2465 com-

205 2527 389 2611 mendatur,
410 2534 443 2594 et
458 2547 530 2593 cum
545 2534 700 2610 sequente
715 2527 756 2592 de
771 2526 886 2593 eadem
908 2545 943 2592 re
957 2524 1236 2608 argumentatione
1252 2530 1285 2588 et
1300 2543 1371 2588 cum
1386 2518 1562 2587 Alexandri

205 2647 454 2731 Arisuteltsqne
477 2646 627 2730 opinione
645 2652 759 2730 aperte
778 2650 911 2731 pugnat.
947 2645 1013 2711 noli
1032 2652 1141 2710 antem
1159 2642 1233 2708 ideo
1258 2648 1372 2727 putare
1394 2639 1476 2706 baec
1497 2658 1563 2703 non

205 2768 329 2853 scripta
347 2786 420 2833 esse
434 2764 476 2832 ab
491 2765 687 2832 Alexandro.
721 2783 795 2830 nam
818 2773 853 2831 ut
875 2765 1038 2832 demente
1054 2763 1199 2846 110,4sq.
1222 2760 1355 2844 rettulit,
1378 2759 1493 2844 quibus
1508 2758 1563 2825 mi-

205 2889 293 2954 nime
314 2884 532 2970 adstipulatus
547 2891 606 2967 est,
630 2890 736 2967 potest
758 2884 856 2951 etiam
878 2885 1001 2951 liberae
1023 2882 1198 2950 voluntatis
1220 2880 1470 2965 explicationem
1492 2899 1563 2944 nar·

204 3025 410 3090 rassaaqus
420 3005 491 3088 ipse
501 3002 698 3070 abhorreret.
720 3012 754 3068 ut
764 3005 820 3069 illo
832 3005 903 3071 loco
915 3004 1095 3071 servavisse
1103 3001 1319 3087 (διεσωσάμην)
1327 3020 1362 3066 se
1375 2999 1561 3084 opinionem

205 3128 344 3195 alicuine
358 3125 449 3209 dixit,
472 3124 514 3191 de
529 3122 619 3189 cuins
641 3143 781 3208 persona
795 3123 888 3189 nobis
910 3145 975 3188 non
991 3129 1127 3206 constat,
1149 3123 1197 3187 ita
1219 3120 1271 3185 hic
1286 3120 1327 3186 de
1342 3119 1478 3185 alicuius
1493 3137 1563 3183 sen·

206 3249 310 3316 tentia
331 3246 430 3313 refert
451 3243 583 3328 (ἐλέγετο
605 3242 637 3306 δέ
658 3267 700 3312 τις
722 3243 771 3305 καὶ
792 3244 889 3307 τοιάδε
904 3241 997 3326 δόξα),
1020 3241 1110 3307 onius
1132 3260 1248 3306 nornen
1271 3259 1330 3303 nos
1353 3238 1451 3323 plane
1473 3239 1561 3303 latet.

292 3367 409 3449 ltaque
423 3362 598 3430 redactoris
616 3381 751 3429 acumen
769 3363 802 3428 in
819 3369 953 3444 utroque
974 3382 1070 3447 opere
1090 3361 1193 3427 simile
1208 3359 1277 3425 fnit.
1312 3360 1448 3425 eundern
1464 3356 1562 3422 fnisse

204 3487 282 3553 inde
296 3506 363 3552 non
377 3484 537 3568 colligam.
566 3482 670 3548 simile
684 3488 791 3549 autern
809 3490 867 3565 est,
883 3482 969 3565 quod
983 3481 1017 3547 in
1032 3490 1168 3565 utroque
1182 3481 1382 3547 aredactore
1396 3480 1560 3544 inventurn

206 3615 267 3688 est,
290 3625 409 3671 nomen
430 3603 513 3670 libri.
547 3622 622 3668 narn
645 3609 680 3667 ut
702 3602 735 3668 in
755 3599 1004 3680 Quaestionibus
1026 3619 1047 3664 a
1066 3601 1343 3685 praestantissima
1364 3596 1562 3666 collectionis

206 3732 301 3810 parte
317 3732 417 3792 totam
433 3723 627 3807 farraginem
642 3720 790 3788 reductor
804 3720 1025 3788 denominavit
1037 3720 1168 3806 ἀπορίας,
1183 3720 1229 3786 ita
1244 3719 1368 3804 aprimi
1385 3718 1499 3802 capitis
1514 3736 1585 3805 ar,

205 3850 372 3928 gumento,
390 3842 476 3927 quod
491 3848 541 3909 est
556 3842 622 3926 περὶ
636 3845 745 3926 ψυχῆς,
768 3840 939 3906 universae
954 3839 1153 3906 collectionis
1168 3839 1332 3923 inscriptio
1347 3837 1487 3903 deducta
1503 3843 1561 3902 est.

292 3962 387 4030 Viam
410 3960 613 4044 munivimus,
636 3958 765 4042 quaed
787 3959 952 4025 moralia
973 3958 1175 4025 accedamus.
1219 3958 1394 4022 Mantissae
1417 3955 1501 4021 enirn
1524 3955 1563 4020 si·

206 4081 314 4147 milior
336 4089 386 4148 est
411 4079 464 4145 bic
491 4080 583 4164 liber,
612 4097 709 4163 quam
736 4076 942 4163 physicorum
969 4077 1132 4145 librorum.
1177 4077 1229 4142 bio
1255 4084 1424 4143 occurrunt
1450 4076 1563 4141 oollec-

205 4200 314 4268 noeis
334 4199 410 4285 illis,
442 4218 525 4284 qnae
551 4198 585 4264 in
611 4184 754 4284 physicis
776 4199 902 4281 desunt,
935 4198 1033 4264 valde
1059 4196 1175 4262 similia
1201 4196 1320 4281 capita,
1354 4197 1396 4263 de
1429 4216 1562 4280 quorum

205 4317 344 4386 consilio
376 4319 497 4386 eisdem
529 4317 674 4385 formulis
700 4316 838 4400 loquitur
863 4317 1012 4401 scriptor:
1060 4316 1231 4393 δεικτέον,
1254 4315 1361 4380 δτι...
1385 4316 1508 4381 δεικνύοι
1531 4313 1556 4379 δ’

205 4438 243 4503 ἄν
264 4463 308 4510 τις
332 4439 446 4520 142‚23
469 4438 513 4502 δτι
608 4437 734 4502 δεικτέον
830 4435 881 4501 ἔτι.
926 4435 1038 4503 crebro
1063 4435 1193 4501 obvenit
1215 4435 1298 4501 inter
1321 4436 1450 4517 singula
1471 4454 1563 4516 argu·

206 4567 318 4625 menta
339 4557 382 4623 ἔτι
404 4557 445 4624 cf.
466 4557 590 4641 138‚11.
604 4559 645 4623 14
668 4558 791 4642 13933.
804 4558 845 4623 25
869 4557 961 4640 140st
985 4555 1088 4639 1428.
1132 4562 1223 4621 artae
1238 4562 1345 4621 autem
1361 4554 1562 4637 cognationis

205 4698 272 4763 qua
293 4678 483 4745 coniunctus
505 4685 554 4744 est
579 4696 651 4742 curn
674 4676 828 4742 mantissa
850 4675 981 4741 moralis
1014 4675 1094 4742 liber
1127 4696 1190 4740 non
1224 4681 1313 4741 extat
1346 4674 1562 4740 testimonium

207 4798 314 4882 magis
335 4797 542 4880 luculentum,
564 4817 661 4881 quam
680 4796 786 4863 Probl.
808 4816 886 4862 mor.
906 4796 947 4861 22
970 4814 1106 4878 quocum
1127 4793 1274 4859 conferas
1297 4796 1346 4859 lle
1367 4813 1420 4858 an.
1438 4794 1561 4877 15339.

207 4918 242 4983 in
269 4925 406 5001 ntroqne
432 4917 669 4984 demonstratur
695 4916 737 4981 ὅτι
764 4917 1024 4980 ἀντακολοοδοῦοιν
1051 4916 1080 4978 οἱ
1111 4914 1218 4999 ἀρεταί.
1263 4912 1439 4978 Mentissae
1466 4920 1562 4997 caput
