3540 5610
679 304 882 359 ALEXANDRI
901 305 945 358 DE
964 304 1073 358 ANIMA

254 473 336 556 οἶμαί
360 501 422 540 τινα
447 478 692 562 ἀμφισβητήσειν,
727 480 768 545 ῶς
793 477 862 562 οὐχὶ
885 479 933 540 καὶ
963 479 995 540 τό
1020 482 1094 562 ζῷον
1117 474 1239 562 φυσικόν
1262 477 1322 539 ἐστι
1346 482 1432 560 σῶμα
1454 480 1501 541 καὶ
1517 495 1542 535 ιο

255 577 401 654 σόνδετον,
424 576 457 642 ἔκ
479 586 576 665 ψυχῆς
600 583 647 643 καλ
671 583 806 663 σώματος
832 581 1027 663 συγκείμενον.
1072 581 1097 642 εἰ
1119 581 1152 643 δὲ
1173 584 1259 661 σῶμα
1283 578 1314 641 δν
1337 579 1370 642 ἐκ
1393 564 1501 643 τούτων

254 679 286 741 τδ
309 680 381 744 εἶναι
404 680 477 768 ἔχει,
500 687 557 745 πᾶν
571 684 613 746 ’δὲ
632 689 719 765 σῶμα
741 682 771 752 ἐξ
787 683 857 765 ὕλης
878 707 909 745 τε
932 685 979 746 καὶ
999 684 1092 752 εἴδους
1116 684 1263 747 σύνδετον.
1287 684 1373 765 δῆλον
1398 685 1438 751 ῶς
1453 685 1501 746 καὶ

254 781 363 845 τούτων
385 785 418 846 τό
442 785 493 869 μὲν
521 786 575 869 ὕλη
601 789 652 847 τοῦΙ
677 781 772 868 ζῴου,
800 787 832 848 τὸ
861 786 893 849 δὲ
922 786 998 855 εἶδος
1020 784 1107 849 ἔσται
1154 783 1214 848 ἔστι
1243 787 1294 867 μὲν
1322 783 1372 848 οὐν
1399 787 1447 848 καὶ
1469 786 1502 849 ἐκ

227 889 313 947 ὁτῶν
335 887 495 971 εἰρημένων
518 889 582 971 περὶ
605 892 662 949 τῶν
685 893 782 972 φυτῶν
804 889 892 970 δῆλον
919 890 951 951 τὸ
979 889 1031 971 τἠν
1058 889 1157 973 ψυχὴν
1185 889 1217 951 τό
1241 888 1316 956 εἶδος
1342 886 1422 950 εἶναι.
1467 888 1501 951 οὐ

256 990 313 1071 μὴν
337 990 481 1052 ἀλλὰκαὶ
504 990 537 1052 ἐκ
559 994 609 1052 τοῦ
632 987 693 1052 κατ’
719 990 812 1074 ἀρχὰς
835 991 903 1074 ἡμῖν
927 997 983 1053 τῶν
1004 989 1097 1072 λόγων
1120 991 1302 1074 δεδειγμένου
1325 995 1411 1059 τοῦτο
1432 994 1502 1073 γνῶ·

256 1115 348 1174 ριμον.
392 1091 427 1176 ἦν
449 1093 503 1176 γάρ
526 1092 656 1175 κείμενον
683 1093 715 1155 τὸ
742 1091 810 1155 καθ’
839 1091 992 1176 δὲκάστῳ
1019 1094 1052 1155 τδ
1074 1093 1150 1157 εἶναι’
1170 1094 1245 1169 ἐστι,
1272 1091 1348 1156 τοῦτύ
1376 1093 1448 1157 εἶναι
1469 1095 1502 1156 τδ

256 1192 332 1262 εἶδος
355 1194 443 1258 αὐτοῦ
466 1196 513 1258 καὶ
535 1196 587 1278 τὴν
610 1193 784 1277 τελειότητα.
821 1202 864 1278 τῷ
888 1196 920 1258 δὲ
943 1194 1013 1280 ζῴῳ
1037 1197 1098 1258 ἐστὶ
1120 1196 1240 1260 τὸεῖναι
1264 1192 1333 1281 ζῴῳ
1356 1197 1429 1260 κατὰ
1450 1200 1501 1281 τὴν
1515 1216 1543 1255 ευ

254 1297 365 1359 τοιάνδε
387 1300 484 1383 ψυχήν
511 1297 577 1381 (τὴν
604 1297 658 1381 γὰρ
685 1297 886 1381 αἰσθητικήν),
912 1298 1003 1381 ταότη
1031 1298 1085 1381 γὰρ
1113 1304 1169 1361 τῶν
1197 1294 1294 1362 ἄλλων
1321 1301 1455 1362 ἁπάντων
1483 1301 1502 1363 ἃ

215 1414 241 1457 10
255 1400 295 1483 μὴ
329 1402 394 1484 ζῷά
416 1402 476 1464 ἐστι
504 1402 536 1463 τό
565 1405 641 1483 ζῷον
669 1398 803 1484 διαφέρον
831 1385 908 1485 ζῷόν
935 1400 1020 1464 ἐστιν.
1066 1401 1141 1470 εἶδος
1169 1401 1226 1485 άρα
1254 1401 1283 1464 ἐν
1311 1406 1354 1487 τῷ
1384 1399 1454 1486 ζῴῳ
1483 1428 1500 1486 η

254 1504 336 1587 ψυχὴ
359 1507 409 1566 τοῦ
433 1506 578 1585 σώματος,
603 1501 633 1565 εἴ
651 1527 684 1584 γε
706 1502 735 1565 ἐν
758 1506 843 1565 πᾶσιν
866 1508 926 1572 τοῖς
947 1506 1078 1586 σώμασιν
1094 1505 1130 1567 τὰ
1152 1502 1215 1586 εἴδη
1238 1509 1291 1588 τῆς
1314 1504 1503 1588 ὑποκειμένης

256 1604 285 1667 ἐν
308 1604 406 1674 αὐτοῖς
428 1606 500 1689 ὕλης
521 1606 596 1668 ἐστὶν
619 1605 694 1687 εἴδη,
716 1604 845 1688 τοσούτῳ
868 1604 1042 1690 τελειότερον
1065 1606 1182 1692 ηψυχῖη
1205 1606 1281 1675 εἶδος
1302 1604 1376 1669 οὐσα
1398 1611 1449 1689 τῆς
1472 1608 1501 1670 ἐν

253 1712 314 1777 τοῖς
335 1713 450 1792 φυτοῖς,
478 1707 588 1790 ὕσονῖη
616 1706 646 1769 ἐν
669 1707 788 1776 ἐκείνοις
814 1709 897 1792 ψυχὴ
928 1714 985 1771 τῶν
1011 1710 1096 1772 εἰδῶν
1124 1714 1180 1772 τῶν
1208 1709 1237 1771 ἐν
1264 1714 1323 1778 τοῖς
1346 1710 1449 1778 ἁπλοῖς
1470 1732 1501 1772 τε

254 1812 301 1874 καὶ
324 1813 449 1896 πρώτοις
474 1812 616 1893 σῶμασιν.
661 1811 709 1872 καὶ
731 1811 760 1872 αἱ
784 1810 857 1872 κατὰ
883 1812 935 1893 τὴν
957 1812 1130 1896 αἰσθητικὴν
1158 1813 1190 1875 δὲ
1212 1812 1309 1897 ψυχὴν
1337 1814 1421 1875 πάλιν
1445 1813 1501 1874 δια·

214 1914 420 1997 ιοφοραὶιτὴν
448 1912 538 1996 αὐτὴν
566 1912 717 1993 ἀναλογίαν
745 1914 865 1983 σῶζοιεν
894 1912 927 1976 ἂν
954 1914 1026 1998 πρδς
1052 1915 1195 1998 ἀλλήλας,
1223 1915 1257 1998 ἣν
1284 1913 1364 1999 εἶχεν
1391 1914 1427 1977 τὰ
1450 1915 1501 1996 μὲν
1515 1930 1542 1972 ιο

254 2022 311 2079 τῶν
335 2017 435 2079 ἁπλῶν
458 2017 602 2099 σωμάτων
625 2013 688 2098 εἴδη
712 2015 783 2098 πρός
804 2016 929 2098 τὴντῶν
951 2022 1051 2100 ’φυτῶν
1074 2019 1184 2102 ψυχήν,
1206 2017 1280 2100 αὕτη
1302 2017 1335 2079 δὲ
1356 2018 1427 2100 πρὸς
1448 2019 1500 2100 τὴν

255 2119 442 2202 αἰσθητικήν,
470 2119 518 2182 καὶ
545 2124 597 2202 τῆς
619 2119 757 2198 ἀνάλογον
785 2116 883 2187 αὐτοῖς
909 2119 1049 2202 διαφορᾶς
1075 2120 1151 2181 αἰτία
1178 2121 1197 2202 ἡ
1224 2124 1281 2181 τῶν
1304 2120 1500 2200 ὑποκειμένων

257 2221 355 2290 αὐτοῖς
377 2222 521 2304 σωμάτων
547 2222 621 2283 κατά
644 2243 674 2282 τε
697 2220 810 2304 πλῆθος
835 2221 883 2283 καὶ
906 2220 979 2282 κατὰ
1000 2220 1085 2284 ποιὰν
1108 2222 1207 2304 κρᾶσίν
1234 2223 1335 2285 τεκαὶ
1358 2222 1430 2304 μῖξιν
1453 2224 1500 2285 καὶ

256 2325 391 2389 σύστασιν
415 2325 547 2408 διαφορά.
591 2325 639 2386 καὶ
661 2322 801 2405 εὐλόγως·
838 2323 863 2385 εἰ
885 2323 937 2406 γάρ
961 2347 979 2406 η
1003 2324 1081 2408 ἀρχὴ
1110 2322 1167 2408 οὐχ
1189 2325 1279 2407 ἥμισυ
1302 2324 1399 2405 μόνον,
1426 2325 1501 2387 ἀλλὰ

213 2429 301 2490 νυκαὶ
323 2428 355 2489 τδ
379 2430 512 2490 πλεῖστον
537 2430 590 2489 πού
617 2427 723 2495 παντὸς
745 2425 845 2510 μέρος,
867 2426 916 2488 καὶ
943 2450 962 2508 η
985 2426 1059 2488 κατὰ
1088 2425 1138 2494 τὰς
1166 2426 1261 2511 ἀρχὰς
1282 2428 1421 2509 διαφορά.
1448 2425 1501 2489 κάν

252 2525 273 2613 ᾗ
300 2530 434 2614 βραχεῖα,
458 2531 585 2613 μεγάλης
612 2527 646 2591 ἂν
668 2528 796 2611 εὐλόγως
817 2529 920 2610 γίνοιτο
943 2528 1082 2612 διαφοράς
1105 2528 1191 2591 αἰτία.
1235 2529 1284 2592 καὶ
1306 2533 1389 2591 τοῦτο
1413 2530 1500 2611 δῆλον

252 2635 301 2695 καὶ
323 2632 357 2695 ἐκ
379 2637 436 2695 τῶν
459 2632 532 2694 κατὰ
554 2632 605 2700 τὰς
627 2632 713 2701 όδούς
729 2632 887 2716 ἐκτροπῶν.
923 2631 1046 2716 βραχεῖα
1069 2631 1122 2715 γάρ
1145 2631 1175 2692 ἐν
1191 2631 1306 2699 ταόταις
1329 2634 1499 2715 παραλλαγὴ
1513 2649 1541 2689 ου

255 2736 392 2802 πολλάκις
408 2734 483 2796 αὐτῖα
505 2739 557 2816 τῆς
579 2734 627 2797 ἐπὶ
646 2735 713 2803 τούς
736 2737 870 2798 πλεῖστον
887 2735 1022 2817 άλληλων
1046 2735 1201 2802 διεστῶτας
1221 2732 1328 2803 τόπους
1350 2735 1500 2816 κινήσεως.

254 2837 332 2922 άρχὴ
357 2836 459 2899 δὲκαὶ
482 2839 500 2920 η
523 2839 672 2922 προσεχὴς
695 2837 810 2922 έκάστιμ
833 2842 890 2899 τῶν
906 2835 1062 2918 γινομένων
1086 2835 1150 2918 ὕλη.
1184 2837 1260 2899 ῶστε
1282 2837 1330 2899 καὶ
1353 2841 1415 2906 ταῖς
1436 2839 1500 2901 ταύ-

212 2956 240 3000 ’.υ
253 2964 304 3022 της
326 2941 476 3023 διαφοραῖς
498 2938 550 3020 τὴν
574 2945 630 3001 τῶν
652 2940 809 3023 γινομένων
832 2936 880 3002 ἐπ’
905 2939 1005 3006 αὐταῖς
1027 2938 1112 3000 εἰδῶν
1134 2939 1272 3023 διαφορὰν
1294 2938 1412 3022 εὕλογον
1438 2940 1500 3003 ἕπε-

255 3047 333 3107 σύαι.
370 3040 405 3105 οὐ
428 3042 482 3125 γὰρ
505 3045 585 3105 πάσα
609 3042 663 3127 ὕλη
686 3048 738 3126 τῆς
761 3041 851 3125 αὐτῆς
872 3039 1051 3124 τελειότητός
1073 3040 1148 3102 ἐστιν
1171 3041 1345 3124 ἐπιδεκτική.
1383 3042 1425 3111 οἷς
1448 3044 1500 3124 μὲν

255 3144 304 3209 οὐν
328 3145 379 3228 τὴν
401 3145 497 3229 ἀρχὴν
520 3146 551 3206 τὸ
575 3144 763 3227 ὑποκείμενον
786 3143 902 3207 οὐδέπω
925 3150 1021 3225 σῶμα,
1044 3143 1152 3206 τούτων
1172 3145 1220 3205 καὶ
1243 3143 1275 3204 τδ
1297 3142 1373 3212 εἶδος
1396 3147 1500 3208 άπλού-

254 3269 366 3330 στερον·
398 3246 441 3315 οἷς
462 3248 494 3309 δὲ
517 3247 548 3309 τό
567 3246 753 3329 ὑποκείμενον
776 3248 864 3328 σῶμά
885 3270 916 3309 τε
935 3248 1089 3309 καὶτοῦτο
1110 3246 1247 3309 σόνδετον
1270 3247 1317 3308 καὶ
1333 3244 1402 3330 ἕχον
1426 3247 1498 3331 μέρη

252 3351 385 3434 διάφορα,
408 3353 448 3419 ῶς
471 3349 542 3412 ἄλλο
565 3350 635 3431 πρδς
658 3349 747 3432 ἄλλην
770 3349 912 3432 ἐνέργειαν
935 3348 1006 3411 εἶναι
1028 3351 1183 3433 χρήσιμον,
1206 3349 1313 3411 τούτων
1337 3350 1369 3411 δὲ
1392 3353 1440 3413 καὶ
1463 3353 1495 3413 τὸ
1510 3367 1536 3407 οἰ

199 3509 473 3524 -.ι..---.,-.....,-
485 3516 511 3520 -..
520 3516 529 3520 -
567 3516 570 3519 .
585 3516 588 3520 .
1550 3498 1577 3523 ⁰·

199 3608 215 3659 3
234 3604 272 3674 δὲ]
291 3621 341 3658 om.
448 3605 534 3676 δῆλον]
555 3607 608 3657 also
628 3609 661 3658 ist
680 3624 706 3659 es
725 3606 781 3658 klar
885 3605 902 3658 5
921 3606 950 3657 οὐ
969 3608 1019 3676 μὴν
1038 3607 1101 3659 ἀλλὰ
1119 3623 1169 3659 om.
1276 3607 1291 3658 6
1311 3607 1397 3676 τοῦτο]
1417 3609 1536 3661 dasselbo

202 3691 233 3745 12
250 3691 362 3762 τοσούτιρ
381 3693 530 3764 τελειότερον
549 3693 616 3762 ὅσον]
635 3710 685 3745 nur
703 3696 738 3746 ist
755 3694 794 3746 sie
811 3693 968 3745 volleudeter
986 3699 1087 3759 gemfiss
1106 3695 1150 3746 der
1168 3695 1342 3771 Erhabenhejt
1382 3737 1403 3745 ,.
1429 3696 1459 3747 14
1480 3696 1553 3748 πάλιν

199 3796 249 3834 om.
371 3781 401 3833 15
428 3781 459 3850 ἢν
478 3780 555 3851 εἶχεν]
575 3781 669 3834 welche
688 3783 732 3833 wir
750 3782 897 3849 angaben
915 3780 954 3832 als
974 3780 1113 3833 bestehend
1232 3783 1262 3835 21
1293 3782 1414 3853 εὐλόγως]
1432 3783 1488 3834 und
1506 3784 1552 3835 das

199 3870 234 3920 ist
252 3869 401 3936 notwendig
418 3883 447 3920 so
536 3868 569 3920 22
587 3867 747 3938 παραλλαγή]
768 3868 946 3934 Abweichuug
966 3868 1021 3919 und
1041 3869 1198 3936 Abienkung
1281 3870 1314 3922 24
1333 3869 1551 3941 προσεχὴς-ὕλη]
1594 3888 1599 3895 ·

200 3955 243 4007 die
263 3955 337 4022 Hyle,
355 3956 449 4008 welche
468 3955 510 4007 die
528 3956 635 4014 michste
652 3957 687 4007 ist
708 3954 750 4007 ῖῖιτ
765 3956 838 4023 jedes
856 3955 901 4007 der
919 3955 1108 4007 entstandeneu
1128 3956 1211 4024 Dinge
1334 3955 1367 4007 ‘26
1395 3957 1552 4027 ἐπιδεκτική]

199 4059 227 4095 es
246 4048 318 4110 passt
336 4044 396 4096 dass
414 4058 447 4095 an
467 4044 508 4094 ihr
526 4044 637 4111 gesehen
656 4043 738 4095 werde
834 4040 866 4093 27
886 4040 941 4110 οὖν]
961 4042 1030 4094 ι1επο
1130 4041 1163 4093 28
1182 4042 1311 4113 σύνδετον]
1330 4045 1416 4097 addit:
1435 4062 1482 4098 aus
1502 4046 1553 4098 den

198 4124 315 4198 Κότρετυ

199 4356 214 4407 ’2
233 4361 308 4423 σῶμα
325 4353 386 4406 δνε
496 4355 512 4405 4
531 4353 598 4413 ῖιύου
616 4371 632 4407 ο
650 4359 679 4407 ut
697 4370 796 4423 sempor
907 4355 922 4407 7
942 4357 1048 4423 respicit
1066 4373 1091 4424 p.
1105 4356 1164 4421 6,έῦ
1175 4373 1214 4426 sq.
1234 4358 1264 4409 de
1283 4357 1433 4425 imperfecto
1452 4375 1476 4409 v.
1495 4360 1552 4410 Ind.

199 4442 279 4512 9γύρ
297 4442 315 4494 i.
325 4458 349 4494 e.
366 4440 433 4510 λέγω
452 4440 483 4493 ef.
503 4441 559 4492 Ind.
664 4440 825 4513 ταύτηο·
886 4444 915 4496 11
935 4442 1016 4512 ἅγια
1124 4444 1155 4496 12
1174 4443 1286 4496 τυσούτω
1305 4446 1342 4495 V:
1361 4450 1500 4497 τοσοῦτοε

201 4528 232 4579 15
250 4528 352 4590 σῶζοιεν
365 4528 438 4581 πάλιν
451 4527 509 4580 ἄνα
584 4528 614 4581 17
633 4528 754 4599 ἀνάλογον
768 4531 803 4582 V:
822 4529 944 4600 ἀναλόγου
957 4548 981 4595 ιι,
999 4536 1026 4582 at
1043 4531 1074 4583 cf.
1087 4530 1190 4599 δόναμις
1201 4530 1323 4599 ἀνάλογον
1338 4531 1430 4605 ἔχουσα
1445 4531 1512 4584 127v
1522 4534 1552 4584 l:'›

198 4614 310 4686 αἴσδησις
328 4615 448 4684 ἀνάλογον
466 4615 559 4689 ἔχουσα
581 4617 683 4669 130r47
713 4617 749 4675 ῶς
767 4617 827 4669 εἶναι
850 4618 882 4669 τὰ
900 4596 953 4687 εὐδη
972 4624 1026 4669 τῶν
1047 4617 1195 4689 ὀσφραντῶν
1219 4619 1340 4687 ἀνάλογον
1363 4626 1414 4677 τοῖς
1437 4626 1489 4671 τῶν
1507 4639 1552 4693 χυ-

199 4709 254 4771 μῶν
274 4701 361 4755 εῖδεσιν
383 4703 470 4754 132v9
494 4703 590 4774 (ψυχῆς
606 4702 732 4771 δυνάμεις)
756 4703 877 4773 ἀνάλογον
901 4703 1001 4775 ῖχουσαι
1027 4705 1123 4757 13718.
1150 4705 1225 4772 plura
1248 4706 1306 4758 vide
1325 4707 1353 4758 ῖιι
1372 4706 1428 4758 [nd.

198 4789 275 4860 αὐτῆς
293 4805 321 4842 ε’
418 4791 448 4841 18
476 4796 562 4861 κρᾶσιν
581 4807 608 4842 a:
628 4792 753 4859 κράσιν11
863 4792 897 4842 20
924 4790 972 4869 κηῖν
991 4797 1020 4844 ut
1039 4809 1149 4860 εαορου
1255 4793 1288 4844 22
1317 4793 1420 4866 βραχεῖα
1440 4811 1456 4844 a

198 4876 231 4931 25
258 4876 354 4949 αὐταῖς]
374 4895 399 4930 αι
417 4877 445 4931 in
464 4876 502 4929 lit.
523 4879 557 4929 V:
576 4876 653 4948 αὐτῆς
671 4893 687 4930 ε
