3540 5610
202 274 245 343 88
688 270 843 328 ΑΠΟΡΙΩΝ
861 269 922 327 ΚΑΙ
941 269 1072 326 mmm*

257 445 339 515 θείας
368 446 525 529 γινομένων
559 447 623 530 ἤτοι
656 443 701 508 ἐπ’
734 444 850 527 ἀπειρον
884 468 910 507 τι
941 444 1061 526 γίνεται,
1095 447 1136 511 ὡς
1169 444 1215 506 ἀεὶ
1249 441 1301 525 μέν
1332 466 1394 506 τινα
1428 442 1510 527 αὐτῷ

257 549 427 632 προσθήκην
444 549 584 630 γίνεσθαι,
608 548 754 631 μηδέποτε
777 546 802 610 b'
823 545 893 609 αὐτὸ
910 546 1055 610 παύεσθαι
1078 550 1129 609 τοὺ
1151 546 1279 628 γίνεσθαι
1302 543 1468 617 τελειωθέν,
1491 543 1510 626 ἡ
1538 560 1552 602 ε

257 650 350 718 οὑτως
372 649 417 713 ἐπ’
438 650 556 734 ἄπειρον
578 650 692 732 γίνεται,
716 653 757 718 ὡς
779 647 852 711 ἀλλο
875 648 905 718 ἐξ
925 647 1015 711 ἀλλου
1038 649 1168 730 γίνεσθαι
1190 651 1239 711 καλ
1262 647 1409 731 μηδέποτε
1431 645 1510 710 ίστα-

257 751 342 826 σθαι,
369 753 388 834 ἢ
412 753 502 837 πέρας
524 777 554 815 τε
576 754 717 837 λαμβάνει
741 753 788 815 καὶ
811 752 936 814 παὺεταί
955 775 1025 814 ποτε
1047 751 1205 834 γινόμενον.
1251 748 1317 812 οὐτε
1340 750 1374 812 δὲ
1395 748 1426 811 έν
1449 754 1510 817 τοῖς

223 873 238 921 5
257 852 304 915 ἐπ’
324 853 441 938 ἀπειρον
457 854 616 936 γινομένοις
637 859 695 917 τῶν
717 852 763 916 ἐπ’
783 852 899 922 εὐθείας
922 852 983 916 οἷὸν
1003 877 1035 915 τε
1049 853 1179 934 γίνεσθαι
1202 850 1231 920 ἐξ
1246 852 1374 933 ἀνάγκης
1396 851 1508 921 ἁπλῶς,

257 953 323 1019 οὐτε
347 955 377 1017 ἐν
393 960 452 1025 τοῖς
467 956 556 1040 πέρας
572 954 699 1039 ἔχουσιν,
722 957 765 1018 διὸ
781 957 814 1018 τὸ
830 954 860 1025 ἐξ
883 956 1009 1038 ἀνάγκης
1031 954 1177 1036 γινόμενον
1193 953 1285 1021 οὑτως
1303 952 1420 1034 γίνεται,
1442 951 1511 1036 (ὡς)
1525 969 1552 1010 ιο

256 1057 276 1140 ἢ
299 1057 346 1120 διὰ
368 1060 401 1121 τὸ
423 1058 569 1140 γινόμενον
593 1059 692 1119 λοιπὸν
716 1058 805 1120 ἀίδιον
832 1056 937 1137 μένειν,
960 1080 979 1138 η
1003 1055 1105 1118 διὰτὸ
1128 1056 1174 1118 ἀεὶ
1196 1054 1334 1136 γίνεσθαι.
1371 1054 1453 1117 οὐδὲν
1477 1056 1511 1117 δὲ

256 1164 314 1221 τῶν
337 1159 495 1241 γινομένων
517 1158 584 1222 οὔτε
610 1159 761 1241 γενόμενον
784 1159 874 1221 ἀίδιον
899 1157 992 1240 μένειν
1015 1157 1076 1220 οἷόν
1099 1181 1140 1233 τε,
1168 1153 1227 1220 οὔτ’
1256 1154 1304 1218 ἐπ’
1330 1155 1448 1239 ἀπειρον
1472 1157 1510 1239 γί·

256 1281 344 1323 νεται.
378 1262 460 1324 πᾶσά
483 1284 513 1323 τε
532 1261 587 1344 γὰρ
609 1259 718 1341 γένεσις
733 1259 947 1345 πεπερασμένη,
971 1263 1019 1322 καὶ
1042 1259 1115 1340 μετὰ
1136 1260 1169 1322 τὸ
1184 1257 1336 1340 γενόμενον
1360 1258 1509 1342 φθαρῆναι
1525 1275 1552 1316 ιο

206 1381 237 1428 ιο
256 1359 349 1424 οὐκέτ’
378 1363 559 1446 ἀνακάμπτει
586 1361 655 1425 οὐδὲ
680 1363 786 1444 γίνεται
819 1363 913 1424 πάλιν.
962 1366 1075 1424 τοιοῦτο
1107 1361 1161 1444 γὰρ
1185 1360 1220 1444 ἧν
1247 1361 1280 1423 τὸ
1307 1359 1353 1422 ἐπ’
1381 1360 1509 1433 εὐθείας,

257 1465 334 1526 ὥστε
355 1464 439 1528 οὐδὲν
462 1471 519 1528 τῶν
543 1463 589 1528 ἐπ’
618 1464 734 1532 εὐθείας
755 1465 913 1547 γινομένων
941 1463 1169 1547 πεπερασμένως
1191 1461 1220 1531 ἐξ
1243 1463 1370 1545 ἀνάγκης
1392 1461 1453 1526 οίὺν
1476 1484 1508 1524 τε

257 1565 348 1646 λέγειν
370 1567 509 1648 γίνεσθαι.
550 1566 586 1628 τὸ
609 1567 661 1647 μὲν
683 1566 738 1649 γὰρ
760 1565 896 1648 γινόμενά
918 1565 979 1628 ἐστι
1001 1565 1037 1626 τὰ
1058 1563 1237 1639 καθέκαστα,
1261 1565 1276 1626 ὑ
1299 1563 1469 1648 Σωκράτης,
1492 1565 1552 1626 bn

256 1666 394 1743 Πλάτων,
422 1667 472 1730 ὅδε
493 1667 591 1736 ἵππος·
620 1668 729 1731 τούτων
752 1667 808 1751 οὐχ
831 1667 891 1730 οἶόν
918 1690 950 1729 τε
973 1669 1058 1729 πάλιν
1086 1669 1282 1748 ἀνακάμπτειν
1309 1668 1356 1729 καὶ
1378 1667 1508 1747 γίνεσθαι

256 1772 349 1832 πάλιν.
394 1770 420 1832 εί
442 1769 495 1852 γὰρ
519 1768 554 1852 ἦν
577 1793 603 1831 τι
625 1769 733 1833 τούτων
750 1770 780 1838 ἐξ
802 1770 929 1853 ἀνάγκης
952 1769 1011 1850 [τὸ]
1033 1769 1190 1851 γινόμενον,
1215 1769 1324 1852 ἀληθὲς
1340 1767 1385 1831 ἐπ’
1407 1768 1505 1832 αὐτῶν

206 1890 236 1938 15
257 1872 304 1933 καὶ
326 1872 358 1933 τὸ
378 1870 418 1933 (εἰ
440 1872 473 1932 τὸ
497 1874 621 1954 πρῶτον,
645 1872 677 1933 τὸ
701 1871 844 1954 ὑστερον’.
882 1875 930 1933 νῦν
954 1869 979 1932 δ’
1001 1870 1058 1954 οὐχ
1074 1871 1167 1938 οὑτως
1186 1869 1260 1955 ἔχει.
1305 1869 1377 1933 κατά
1399 1871 1454 1954 γὰρ
1476 1872 1552 1933 τὸτῦ

254 1972 330 2041 εἶδος
351 1973 387 2035 τά
410 1977 527 2036 τοιαῦτα
549 1972 676 2055 διαμένει
702 1972 800 2058 ἀίγδια,
830 1972 845 2034 ὃ
868 1971 921 2035 οὐκ
943 1969 1004 2035 ἔστι
1026 1971 1193 2054 γενὺμενον,
1221 1969 1257 2054 ἦν
1280 1972 1312 2034 δὲ
1334 1972 1367 2034 τὸ
1390 1972 1491 2056 ζητοὺ-
1515 1981 1565 2036 1δῖ

255 2098 338 2158 μενον
365 2077 430 2158 περὶ
456 2079 515 2138 τῶν
543 2076 711 2158 γινομένων.
756 2076 781 2137 εἰ
808 2076 840 2137 δὲ
866 2076 914 2137 καὶ
942 2076 969 2137 οἱ
996 2073 1147 2156 ἅνθρωποι
1178 2073 1224 2135 ἀεὶ
1250 2073 1372 2155 γίνονται
1400 2077 1447 2136 καὶ
1473 2075 1509 2138 οὐ

254 2175 461 2251 διαλείπουσιν,
490 2176 565 2239 ἀλλά
587 2177 686 2260 κὺκλιρ
714 2179 761 2239 καὶ
787 2179 806 2260 ἡ
830 2176 939 2239 τούτων
965 2176 1087 2258 γένεσις,
1116 2175 1192 2238 καθὸ
1215 2174 1366 2260 ἅνθρωποι
1393 2175 1428 2239 ἀν
1451 2176 1510 2240 εἶεν

253 2278 284 2347 ἐξ
306 2281 432 2362 ἀνάγκης
454 2277 606 2360 γινόμενοι,
629 2298 649 2337 ιι
672 2279 747 2341 καθὸ
771 2279 855 2360 ὸμὲν
869 2278 1001 2349 Πλάτων,
1025 2278 1089 2340 ὸὸὲ
1101 2277 1269 2362 Σωκράτης.
1314 2302 1333 2360 η
1356 2279 1375 2361 η
1399 2278 1510 2342 τούτων
1538 2296 1554 2338 υ

203 2400 236 2447 20
254 2379 364 2462 γένεσις
390 2379 437 2443 ἐπ’
465 2379 583 2463 ἀπειρον
610 2377 656 2442 ἐπ’
685 2380 801 2448 εὐθείας
828 2380 904 2443 ἐστὶν
928 2380 1032 2442 ἄλλοτε
1060 2379 1150 2442 ἄλλου
1173 2380 1323 2463 γινομένου
1351 2382 1398 2443 καὶ
1421 2382 1509 2464 μηδέ-

253 2505 323 2545 ποτε
345 2480 387 2545 ἔτι
409 2486 460 2545 τοὺ
482 2483 581 2545 αὐτοῦ.
616 2483 659 2545 διὸ
681 2482 728 2545 ἐπὶ
751 2483 852 2545 τοὺτου
877 2483 928 2564 μὲν
951 2484 970 2566 ἡ
994 2482 1152 2545 ἀκολουθία
1175 2483 1256 2564 ὑγιὴς
1279 2479 1358 2565 ἡ(εἰ
1375 2484 1408 2546 τὸ
1429 2485 1509 2548 ὑστε·
1544 2512 1546 2517 ·

253 2607 312 2668 ρον,
337 2584 366 2653 ἐξ
388 2585 516 2667 ἀνάγκης
535 2586 582 2647 καὶ
598 2583 786 2667 τὸ·πρῶτον’.
822 2583 866 2646 ὅτι
887 2584 946 2669 <δὲ>
969 2583 1036 2668 μηδ’
1058 2583 1105 2646 ἐπ’
1127 2583 1244 2668 ἄπειρον
1267 2582 1357 2667 οὔσης
1379 2591 1432 2669 τῆς
1454 2585 1503 2649 ἐπ’
1526 2605 1554 2647 ιο

253 2686 370 2756 εὐθείας
391 2686 532 2770 γενέσεως
556 2686 607 2768 [εἰ]
631 2685 691 2749 οἶόν
715 2687 745 2750 τέ
768 2711 794 2749 τι
816 2686 846 2755 ἐξ
869 2687 995 2768 ἀνάγκης
1017 2686 1162 2768 γίνεσθαι,
1186 2684 1291 2755 ἔδειξεν
1314 2687 1362 2750 διὸ
1384 2691 1434 2751 τοῦ
1458 2688 1508 2752 ἐπὶ

252 2793 309 2851 τῶν
333 2789 363 2859 ἐξ
390 2789 516 2873 ἀνάγκης
543 2790 704 2873 γενομένων
729 2790 827 2872 ἀληθῆ
857 2788 1033 2852 ἀκολουθίαν
1060 2787 1133 2851 εἶναι
1163 2787 1197 2850 οὐ
1221 2787 1307 2870 μόνον
1335 2791 1386 2873 τὴν
1409 2790 1452 2854 ιεἰ
1474 2792 1507 2854 τὸ

200 2911 233 2960 25
253 2891 382 2976 ὕστερον,
405 2893 453 2954 καὶ
476 2892 509 2954 τὸ
526 2890 650 2976 πρῶτον’
672 2893 760 2974 (αὕτη
784 2893 835 2972 μὲν
858 2894 911 2974 γὰρ
929 2891 976 2953 καὶ
992 2890 1039 2953 ἐπὶ
1055 2895 1112 2953 τῶν
1129 2891 1330 2975 ἐνδεχομένως
1351 2893 1509 2977 γινομένων

256 2993 399 3079 ἀληθής),
428 2992 475 3056 ἐν’
503 2995 544 3056 ὧν
568 2992 593 3057 b'
622 2993 652 3061 ἐξ
675 2993 801 3075 ἀνάγκης
826 3017 853 3055 τι
874 2998 931 3055 τῶν
955 2993 1083 3076 ὑστέρων
1106 2994 1209 3062 ἁπλῶς
1229 2994 1350 3076 γίνεται,
1377 2995 1425 3058 ἐπὶ
1447 2995 1509 3058 τοὺ·
1526 3011 1554 3055 ισ

255 3120 313 3159 των
336 3096 447 3179 ἀληθὲς
468 3098 516 3158 καὶ
539 3098 570 3158 τὸ
590 3095 631 3157 ‘eb
652 3097 684 3157 rb
700 3100 824 3178 πρῶτον,
847 3097 880 3157 τὸ
904 3092 1046 3178 ὑστερον’.
1084 3098 1128 3178 τῷ
1153 3096 1204 3176 μὲν
1220 3096 1274 3180 γάρ
1289 3097 1319 3166 ἐξ
1334 3097 1461 3181 ἀνάγκης
1476 3100 1510 3161 τὸ

256 3199 373 3282 ὕστερον
396 3199 541 3280 γενέσθαι,
575 3197 647 3260 εἶναι
671 3196 696 3261 δ’
724 3198 834 3280 ἀληθὲς
856 3198 904 3258 ἐπὶ
928 3198 1041 3260 πάντων
1065 3201 1122 3259 τῶν
1148 3198 1304 3279 γινομένων
1326 3198 1387 3282 (τὸ)
1411 3197 1453 3263 (εἰ
1475 3200 1508 3263 τὸ

255 3300 385 3384 ὕστερον,
410 3302 456 3363 καὶ
472 3301 504 3362 τὸ
521 3305 634 3383 πρῶτον
650 3301 760 3382 ἀνάγκη
784 3297 944 3381 γενέσθαί,
968 3300 1133 3380 ἀναγκαῖον,
1157 3298 1205 3383 ἐφ’
1222 3300 1263 3362 ὧν
1280 3302 1312 3364 τὸ
1336 3302 1454 3387 ὑστερον
1477 3304 1509 3374 ἐξ
1523 3320 1554 3361 ευ

203 3422 238 3470 30
256 3404 382 3486 ἀνάγκης
404 3405 524 3485 γίνεται,
547 3403 595 3465 ἐπὶ
617 3402 725 3464 τούτων
748 3403 796 3464 καὶ
821 3403 853 3463 τὸ
876 3405 989 3485 πρῶτον
1013 3401 1043 3470 έξ
1066 3402 1192 3485 ἀνάγκης
1214 3402 1360 3484 γενέσθαι.
1406 3404 1454 3468 ἐπὶ
1476 3407 1509 3469 δὲ

255 3510 306 3569 τοῦ
329 3502 374 3568 ἐπ’
403 3506 520 3587 ἄπειρον
547 3504 698 3587 γινομένου
725 3504 808 3566 οὐδέν
831 3505 907 3567 ἐστιν
935 3505 1069 3587 ὕστερον,
1096 3503 1143 3587 ἐφ’
1171 3502 1204 3566 οὑ
1232 3502 1312 3569 ἔσται
1339 3506 1450 3589 ἀληθὲς
1475 3508 1510 3570 τὸ

256 3606 286 3676 ἐξ
302 3608 428 3690 ἀνάγκης
450 3607 521 3670 αὐτὸ
538 3608 638 3675 ἁπλῶς
654 3606 805 3688 ἐσόμενον·
829 3607 871 3675 οἷς
894 3607 926 3668 δὲ
949 3607 981 3668 τὸ
1002 3606 1120 3690 ὕστερον
1145 3608 1185 3689 μὴ
1209 3606 1238 3675 ἐξ
1255 3607 1381 3690 ἀνάγκης
1397 3609 1509 3683 ἁπλῶς,
1525 3625 1553 3666 εκ

256 3709 304 3771 ἐπὶ
328 3710 435 3772 τοὺτων
459 3708 527 3772 οὐδὲ
549 3710 581 3770 τὸ
598 3711 653 3793 πρὸ
677 3714 726 3771 τοὺ
748 3709 870 3792 ὑστέρου
896 3707 899 3793 Ι
923 3709 984 3771 οἷόν
1007 3732 1039 3771 τε
1061 3708 1153 3791 λέγειν
1177 3709 1206 3778 ἐξ
1229 3709 1355 3792 ἀνάγκης
1370 3708 1490 3774 ἔσεσθαι
1514 3720 1565 3775 168

256 3812 366 3879 ἁπλῶς.
411 3813 443 3873 τὸ
466 3810 520 3894 γάρ
543 3811 695 3894 ἀναγκαῖον
719 3818 778 3881 τοῖς
801 3814 855 3896 πρὸ
879 3817 929 3875 τοῦ
953 3812 1075 3895 ὑστέρου
1098 3812 1176 3895 παρά
1199 3816 1251 3874 τοῦ
1273 3813 1409 3896 ὑστέρου,
1437 3812 1507 3877 ὑταν

204 3933 237 3982 35
257 3914 288 3983 ἐξ
311 3913 437 3995 ἀνάγκη-ς
459 3912 553 3975 έκεῖνο
575 3913 694 3995 γίνηται,
723 3916 846 3997 μηδενὸς
868 3916 901 3977 δὲ
923 3913 1005 3983 ὄντος
1032 3913 1163 3998 ὑστέρου,
1186 3913 1315 3976 ἐπὶτῶν
1337 3915 1415 3977 οὑτω
1437 3937 1511 3997 γινο·

257 4015 351 4098 μένων
378 4012 439 4077 οὐδ’
467 4013 502 4077 ἀν
529 4020 587 4078 τῶν
615 4019 739 4100 πρώτων
767 4040 792 4078 τι
813 4016 971 4098 γινομένων
1001 4017 1030 4078 ἐν
1058 4016 1155 4086 αὐτοῖς
1182 4016 1286 4099 γίνοιτο
1314 4016 1344 4086 ἐξ
1371 4018 1510 4102 ἀνάγκης,
1538 4035 1553 4078 ο

206 4324 215 4374 i
242 4339 266 4373 τι
284 4321 340 4388 Sp.:
369 4320 405 4372 ἔτι
424 4319 484 4372 libri
603 4319 618 4370 5
641 4320 750 4371 fortasse
768 4321 796 4372 τέ
815 4324 859 4384 (τι)
978 4325 993 4374 ii
1013 4322 1122 4374 fortasse
1141 4321 1203 4373 διότι
1320 4321 1355 4380 ὡς
1373 4324 1462 4378 addidi

203 4409 219 4461 8
242 4406 375 4476 γενόμενον
399 4405 504 4473 scripsi:
533 4406 673 4473 γενομένων
699 4406 757 4458 libri
867 4409 898 4459 13
927 4407 1019 4459 ὸδὲο
1135 4408 1243 4460 fortasse
1265 4409 1292 4460 τέ
1311 4413 1356 4472 (τι)

203 4494 287 4547 delevi
393 4493 422 4544 τὸ
431 4522 459 4528 --
468 4489 573 4561 ἀληθὲς]
593 4491 687 4562 ἀληθὲς
706 4492 734 4543 ἂν
754 4492 784 4561 ἠν
804 4494 871 4544 coni.
891 4493 934 4559 Sp.
1041 4493 1071 4545 19
1091 4493 1120 4546 οὐ
1139 4493 1205 4546 καθὸ
1224 4497 1291 4548 coni.
1311 4495 1355 4564 Sp.

203 4582 260 4649 Sp.:
288 4581 304 4649 η
333 4580 428 4648 ἡλίΒι
457 4579 491 4647 μὴ
516 4580 531 4648 ἡ
552 4582 587 4632 G:
615 4578 631 4648 ἀγ
655 4580 710 4647 bi*
809 4580 838 4629 :²1
870 4579 905 4631 ἔτι
924 4583 980 4648 Sp.:
1008 4582 1047 4633 ἐπὶ
1066 4583 1124 4633 libri
1232 4581 1265 4632 2¹2
1293 4580 1318 4632 δὲ
1338 4582 1396 4635 add.
1416 4585 1484 4636 Vici.

204 4667 237 4720 23
257 4667 277 4719 εἰ
295 4666 343 4718 dei.
354 4665 397 4731 Sp.
488 4664 521 4717 ‘25
541 4664 722 4736 ἐνδεχομένως]
742 4665 911 4737 ἐνδεχομένων
930 4686 946 4718 a
1035 4667 1067 4719 ‘26
1087 4666 1196 4736 ἀληθής]
1216 4686 1246 4737 ης
1265 4669 1293 4719 in
1312 4669 1383 4721 lit.v
1473 4670 1508 4724 27
1528 4675 1568 4742 τῷ

203 4754 262 4822 Sp.:
290 4759 342 4803 τῶν
361 4753 418 4804 libri
528 4751 561 4804 28
580 4752 608 4804 τὸ
633 4753 721 4805 addidi
829 4754 862 4804 32
891 4754 1002 4822 ἀναγκησ
1023 4758 1043 4803 V
1152 4754 1185 4805 33
1205 4753 1233 4806 rb
1252 4755 1309 4822 Sp.:
1336 4755 1380 4807 τὸν
1399 4756 1459 4809 libri

204 4840 237 4892 35
256 4838 353 4909 γίνηται
372 4841 429 4906 Sp.:
449 4838 540 4908 γίνοιτο
559 4839 617 4891 libri
725 4839 835 4892 fortasse
854 4839 956 4910 ὑστέρου
974 4837 1011 4903 (ἐξ
1030 4841 1154 4911 ἀνάγκης>
