3540 5610
205 293 265 359 106
520 295 722 351 ALEXANDRI
747 298 789 351 DE
812 298 923 352 ANfflA
946 298 1038 355 LIBRI
1061 297 1233 355 MANTISSA

255 470 344 529 ταῦτα
366 468 419 551 γάρ
436 467 558 552 ὀρέξεως
581 468 654 553 εἴδη.
693 470 734 533 ὧν
757 495 775 554 η
793 472 928 557 βούλησις
950 472 1007 555 ήδη
1031 473 1112 534 δοκεῖ
1130 471 1261 556 μετέχειν
1283 473 1330 535 καὶ
1346 476 1500 555 λογισμοῦ·

256 566 317 632 ἔστι
342 570 396 652 γὰρ
425 568 515 652 ὄρεξις
542 572 614 655 μετὰ
641 573 756 657 βουλῆς.
801 572 863 637 ἔστι
889 574 921 637 δέ
943 599 984 643 τις
1011 575 1059 637 καλ
1086 573 1160 658 ἀλλη
1184 573 1302 656 δύναμις
1328 580 1381 659 τῆς
1402 580 1502 660 ψυχῆς

256 673 366 754 κριτική
394 674 413 756 ή
440 675 601 757 λογιστική,
630 676 649 758 ἣ
677 681 736 744 τοῖς
760 677 945 760 τελειοτέροις
970 682 1028 739 τῶν
1056 672 1141 761 ζῴων
1168 677 1315 759 ἐγγίνεται.
1359 682 1443 741 τοῦτο
1469 677 1502 741 δέ

256 775 332 837 ἐστιν
355 774 524 859 ἅνθρωπος,
552 775 587 839 ού
609 778 641 840 τύ
667 801 698 840 τε
720 778 909 863 βουλεύεσθαι
932 779 1037 863 ταύτης
1059 785 1111 864 τῆς
1137 780 1288 861 δυνάμεώς
1316 780 1376 843 ἐστι
1399 780 1446 843 καὶ
1469 781 1502 843 τὸ
1516 797 1545 839 ευ

228 879 484 964 σκαταλαμβάνειν
507 880 555 942 καί
577 881 610 943 τδ
633 880 769 952 δοξάζειν.
814 886 887 944 κινεῖ
907 883 940 945 δὲ
966 884 984 965 ή
1008 882 1088 967 ψυχὴ
1116 882 1149 944 τὸ
1173 886 1258 963 σῶμα
1281 882 1338 968 οῦχ
1366 887 1406 952 ὡς
1428 882 1502 968 αὐτὴ

255 981 409 1064 κινουμένη
433 1005 463 1045 τε
479 984 526 1046 καί
549 982 625 1045 οῦτοι
640 987 758 1047 κινοῦσα
778 982 848 1046 αύτύ
869 983 957 1067 (αὐτή
980 983 1034 1066 γάρ
1054 985 1187 1068 ἀκίνητος
1209 983 1276 1048 καθ’
1297 985 1414 1069 αὑτήν),
1436 985 1497 1048 ἀλλ’

257 1086 297 1151 ύς
319 1084 394 1147 αἰτία
417 1089 459 1168 τῷ
484 1081 554 1170 ζῴῳ
582 1090 634 1168 τής
656 1088 811 1169 κινήσεως,
840 1090 881 1156 ὡς
906 1088 925 1170 ή
948 1087 1153 1172 ἐνυπάρχουσα
1175 1087 1300 1172 βαρύτης
1325 1093 1363 1171 τῇ
1386 1094 1426 1172 γή
1450 1093 1503 1172 τῆς

255 1185 296 1253 εἰς
318 1186 350 1248 τδ
373 1188 453 1250 κάτω
480 1190 631 1272 κινήσεως.
675 1187 709 1250 ού
736 1187 789 1273 γάρ
817 1190 910 1252 πάντα
936 1188 972 1251 τά
994 1194 1124 1252 κινοῦντα
1147 1189 1254 1273 ὁμοίως
1282 1195 1361 1254 κινεῖ.
1406 1191 1503 1260 ἄλλως

217 1405 242 1450 ιο
254 1390 287 1453 τδ
310 1391 428 1474 δρεκτδν
449 1396 523 1456 κινεῖ
543 1392 579 1455 τά
593 1392 731 1477 ἐφιέμενα
752 1392 857 1457 αὐτοῦ·
881 1393 915 1458 οῦ
938 1395 992 1477 γὰρ
1015 1393 1190 1475 κινούμενον.
1225 1396 1269 1458 διὸ
1292 1398 1339 1459 καὶ
1360 1396 1502 1481 ἐμψύχων

257 1497 276 1576 ἡ
300 1495 356 1557 ὑπὸ
379 1500 437 1558 τῶν
459 1496 579 1558 τοιιῖινδε
594 1495 710 1579 κίνησις.
736 1494 739 1577 ]
763 1498 782 1578 ή
804 1497 836 1558 δὲ
855 1497 934 1581 ψυχὴ
957 1503 1029 1560 κινεῖ
1049 1502 1091 1582 τῷ
1115 1495 1177 1560 κατ’
1197 1496 1287 1580 αὐτήν
1309 1499 1388 1582 ήμῦις
1409 1503 1485 1562 νοεῖν
1504 1516 1558 1560 ιιι,
1631 1574 1636 1585 Ι

258 1621 289 1661 τε
311 1598 359 1660 καί
382 1598 594 1682 προαιρεῖσθαι·
617 1599 718 1680 τὸμὲν
742 1597 791 1662 οὖν
811 1599 920 1679 ἀγαθὸν
942 1605 985 1685 τῷ
1002 1600 1144 1682 νοηθῆναι
1167 1604 1247 1679 κινεῖ,
1270 1624 1289 1683 η
1307 1601 1339 1664 δὲ
1354 1604 1434 1686 ψυχὴ
1458 1607 1502 1687 τῷ

257 1705 369 1784 νοῆσαι.
403 1703 444 1770 ὡς
463 1700 517 1784 γάρ
540 1700 587 1763 διά
602 1701 652 1769 τὰς
675 1701 779 1785 τέχνας
801 1702 847 1764 καὶ
863 1702 937 1765 κατὰ
959 1703 1009 1771 τὰς
1031 1704 1135 1787 τέχνας
1156 1704 1183 1764 οἱ
1198 1707 1325 1786 τεχνῖται
1348 1709 1502 1779 κινοῦνται,

254 1804 302 1866 καὶ
323 1804 393 1867 εἰσίν
416 1803 515 1873 αὐτοῖς
536 1803 620 1866 αύται
646 1808 698 1886 τῆς
720 1806 835 1867 τοιᾶσδε
861 1808 1002 1889 κινήσεως
1024 1804 1124 1880 αίτιαι,
1152 1803 1239 1871 αύταί
1262 1807 1302 1890 μή
1326 1807 1501 1892 κινούμεναι,

216 1922 242 1966 15
255 1907 346 1976 ούτως
369 1907 416 1970 καί
439 1906 475 1969 τά
495 1904 613 1991 ἔμψυχα
635 1905 709 1969 κατὰ
731 1908 782 1991 τὴν
802 1909 899 1992 ψυχήν
922 1912 1038 1971 κινεῖται
1060 1909 1101 1990 μή
1118 1908 1288 1992 κινουμένης
1307 1908 1408 1992 αὐτῆς.
1442 1906 1504 1972 ἔστι

254 2010 287 2071 δὲ
308 2010 327 2091 ή
351 2009 493 2092 ύρμητικὴ
517 2010 564 2072 καὶ
587 2011 606 2092 ἡ
627 2010 760 2094 δρεκτική
784 2010 902 2094 δύναμις
923 2016 975 2094 τῆς
997 2014 1104 2095 ψυχῆς,
1126 2008 1194 2073 καθ’
1216 2011 1251 2094 ῆν
1273 2010 1310 2073 τά
1333 2015 1397 2093 ζῷα
1418 2017 1502 2074 κινεῖ-
1531 2028 1545 2069 ο

253 2135 309 2174 ται.
353 2111 426 2196 αῦτη
448 2111 502 2196 γάρ
525 2117 585 2180 τοῖς
608 2108 695 2197 ζῴοις
717 2117 769 2196 τῆς
792 2113 898 2182 οἰκείας
919 2114 1061 2198 κινήσεως
1083 2113 1168 2176 αἰτία.

786 2355 870 2439 Περὶ
897 2360 967 2418 νοῦ.

331 2526 406 2596 Νοῦς
429 2529 489 2591 ἐστι
516 2528 588 2592 κατά
607 2525 793 2612 Ἀριστοτέλη
817 2526 938 2611 τριττύς,
966 2528 982 2589 ύ
1006 2527 1057 2609 μὲν
1080 2528 1133 2610 γάρ
1156 2528 1197 2596 τίς
1224 2528 1284 2591 ἐστι
1307 2532 1372 2595 νοῦς
1395 2527 1501 2596 ύλικύς.

213 2644 241 2687 9⁰
255 2631 351 2693 ύλικδν
375 2632 407 2694 δὲ
429 2630 504 2713 λέγω
527 2630 561 2692 οῦ
584 2637 625 2715 τῷ
651 2629 838 2713 ὑποκείμενόν
866 2652 929 2692 τινα
950 2628 1023 2692 εἰναι
1045 2631 1144 2712 ὥσπερ
1166 2631 1218 2713 τήν
1241 2631 1312 2712 ῦλην
1339 2631 1426 2712 (ὕλην
1448 2630 1501 2713 γὰρ

254 2732 329 2814 λέγω
357 2733 544 2814 ὑποκείμενόν
571 2757 597 2796 τι
622 2735 778 2813 δυνάμενον
805 2731 899 2801 εἴδους
926 2733 1000 2800 τινὸς
1027 2732 1171 2815 παρουσία
1200 2732 1267 2796 τόδε
1292 2757 1318 2796 τι
1345 2733 1504 2814 γενέσθαι),

254 2832 313 2899 ἀλλ’
341 2836 404 2899 ἐπεὶ
427 2841 463 2919 τῇ
488 2836 546 2919 ύλη
566 2838 599 2899 τὸ
622 2837 695 2899 εἰναι
718 2836 773 2917 ῦλη
797 2834 826 2897 ἐν
850 2840 892 2920 τῷ
917 2835 1057 2898 δύνασθαι
1079 2837 1181 2911 πάντα,
1205 2835 1234 2897 ἐν
1257 2831 1283 2920 ᾧ
1308 2836 1340 2898 τὸ
1364 2834 1503 2898 δύνασθαι
1519 2852 1545 2893 ιο

253 2939 301 3001 καὶ
323 2938 394 3002 αὐτὸ
417 2938 449 3002 τὸ
473 2941 605 3022 δυνάμει,
637 2937 765 3002 καθόσον
787 2937 848 3000 ἐστὶ
870 2942 1012 3014 τοιοῦτον,
1045 2937 1152 3000 ύλικύν.
1197 2939 1245 3000 καί
1268 2938 1303 3020 δὴ
1327 2939 1376 3001 καὶ
1398 2941 1502 3007 νοῦςύ

256 3043 345 3124 μήπω
368 3041 419 3124 μὲν
442 3045 527 3113 νοῶν,
551 3044 708 3122 δυνάμενος
731 3041 763 3103 δὲ
782 3044 910 3109 τοιοῦτος
932 3039 1076 3121 γενέσθαι,
1100 3039 1207 3115 ύλικύς,
1229 3042 1277 3104 καί
1299 3043 1319 3123 ή
1343 3039 1460 3123 δύναμις
1483 3043 1502 3123 ή

212 3160 241 3205 νυ
254 3144 370 3228 τοιαύτη
392 3150 445 3229 τής
466 3149 566 3229 ψυχῆς
588 3144 716 3212 ύύλικδς
738 3148 814 3216 νοῦς,
837 3143 920 3206 οὐδὲν
944 3143 995 3223 μὲν
1011 3142 1139 3226 ἐνεργείᾳ
1162 3146 1218 3206 τῶν
1235 3139 1325 3205 ὄντων
1348 3143 1400 3218 ὤν,
1422 3144 1505 3206 δυνά·

256 3271 339 3331 μενος
361 3247 393 3311 δὲ
407 3248 501 3311 πάντα
522 3248 661 3330 γίνεσθαι,
684 3245 757 3328 εἴγε
780 3247 894 3309 πάντων
916 3250 974 3307 τῶν
995 3243 1084 3307 ὄντων
1107 3242 1170 3307 οἰύν
1190 3268 1221 3308 τε
1244 3244 1343 3327 νύησιν
1357 3245 1502 3328 γενέσθαι.

253 3351 286 3413 τὸ
311 3350 366 3434 γὰρ
388 3352 502 3413 πάντων
530 3349 634 3430 μέλλον
657 3349 867 3433 ἀντιλήψεσθαι
894 3347 976 3410 οὐδὲν
1004 3346 1100 3410 αὐτῶν
1121 3345 1193 3410 εἶναι
1220 3350 1266 3410 δεῖ
1290 3347 1364 3411 κατὰ
1391 3349 1443 3432 τἠν
1465 3351 1504 3412 οἱ·

255 3454 332 3516 κείαν
356 3453 440 3539 φύσιν
463 3451 599 3534 ἐνεργείᾳ.
634 3449 902 3535 παρεμραινύμενον
925 3450 979 3533 γὰρ
1001 3451 1033 3512 τὸ
1053 3450 1159 3513 οἰκεῖον
1182 3450 1258 3520 εἶδος
1280 3450 1369 3514 αὐτοῦ
1391 3451 1421 3513 ἐν
1442 3458 1505 3521 ταῖς
1520 3469 1547 3510 ιο

254 3561 312 3619 τῶν
342 3556 426 3625 ἐκτὸς
451 3556 634 3638 ἀντιλήψεσιν
662 3551 780 3634 ἔμελλεν
810 3552 946 3636 έμπύδιον
972 3552 1101 3635 γίνεσθαι
1128 3557 1190 3621 ταῖς
1216 3553 1333 3616 ἐκείνων
1361 3554 1503 3637 νοήσεσιν.

214 3658 321 3724 ιοούτε
342 3659 396 3743 γὰρ
418 3660 448 3721 αἱ
463 3659 614 3741 αἰσθήσεις
636 3656 744 3718 τούτων
764 3656 1030 3740 ἀντιλαμβάνονται,
1053 3656 1083 3718 έν
1105 3655 1148 3724 οἷς
1170 3657 1202 3719 τδ
1218 3655 1290 3719 εἰναι
1312 3655 1421 3725 αὐτοῖς.
1456 3658 1503 3721 διὰ

253 3762 331 3827 τοῦτ’
360 3761 409 3826 οὖν
432 3762 521 3845 ἠμὲν
544 3758 609 3844 ὄψις
625 3760 790 3843 χρωμάτων
807 3757 880 3822 οῦσα
894 3758 1081 3841 ἀντιληπτικὴ
1105 3756 1216 3842 ἀχρουν
1238 3760 1270 3821 τδ
1288 3757 1406 3841 ὄργανον
1429 3757 1504 3844 ἔχει,

254 3867 285 3930 ἐν
308 3863 333 3952 ᾦ
356 3866 388 3928 τέ
409 3865 470 3928 ἐστι
492 3864 540 3926 καὶ
568 3859 604 3925 δι’
631 3860 666 3923 οῦ
688 3863 707 3944 ἡ
731 3862 880 3945 ἀντιληψις
906 3860 993 3944 αύή.
1038 3860 1146 3945 ἀχρουν
1168 3861 1221 3943 γὰρ
1249 3862 1282 3924 τὸ
1305 3862 1382 3946 ὕδωρ
1405 3862 1504 3947 οἰκείῳ

200 4124 264 4176 ἰτύ
283 4141 309 4176 τι
329 4125 363 4175 V:
381 4120 411 4174 τδ
429 4122 470 4175 Κιι
567 4120 667 4173 ύκινεῖ
683 4118 709 4171 δί
726 4117 794 4188 κτλ]
814 4119 845 4171 cf.
864 4135 890 4185 p.
901 4117 1014 4185 ·2l‚·24sq
1109 4117 1203 4187 9βοῦς
1223 4119 1280 4169 VK:
1302 4118 1397 4187 βοῦνι
1495 4119 1561 4186 ἅμα·

201 4210 245 4271 ξαν
263 4228 279 4263 ιι
381 4210 409 4261 ll
430 4215 494 4261 νοεῖν
512 4226 539 4259 τε
558 4208 601 4260 καί
622 4208 654 4257 V:
674 4204 782 4258 νοεῖσθαι
801 4207 844 4257 καὶ
862 4206 898 4258 K:
918 4210 982 4257 νοεῖν
1001 4206 1044 4256 καὶ
1062 4221 1078 4256 ιι
1180 4204 1210 4256 12
1229 4202 1363 4276 νοηθῆναι]
1381 4225 1398 4275 η
1418 4213 1479 4273 post
1498 4225 1511 4258 ο
1531 4211 1560 4260 in

200 4299 272 4351 lit.V
383 4296 413 4347 14
431 4294 506 4348 αἰτιαι
523 4295 576 4346 Ka:
596 4295 671 4347 αἰτιαι
692 4295 712 4346 V
821 4293 853 4345 15
871 4293 918 4362 την
937 4308 987 4344 om.
1006 4292 1047 4343 Ka
1155 4292 1186 4344 19
1204 4291 1263 4345 κατ’
1285 4292 1447 4362 ἀριστοτίλην
1466 4295 1534 4347 ΜΚο

201 4385 214 4438 ὁ
233 4386 278 4453 μὲν
295 4387 342 4455 γάρ
359 4383 408 4451 τις]
427 4382 459 4435 cf.
473 4382 533 4447 76,9
552 4381 568 4451 ἡ
587 4382 632 4449 μὲν
650 4382 696 4453 γάρ
715 4368 755 4438 τίέ
769 4381 820 4433 ἰστι
838 4379 938 4447 δύναμις
957 4378 1095 4449 ίιπηριτιιιή
1106 4416 1113 4431 .
1124 4417 1144 4443 .,
1166 4379 1195 4431 τύ
1214 4380 1241 4432 δέ
1258 4399 1283 4432 τι
1300 4384 1346 4450 τῆς
1364 4380 1449 4451 ψυχῆς
1466 4381 1560 4451 ἡγεμο-

201 4473 270 4526 νικόν
288 4473 339 4526 ἐστι
358 4478 383 4525 οῖ
401 4471 461 4535 81,8
479 4470 496 4539 ή
515 4470 560 4536 μίν
578 4468 615 4525 τίς
634 4469 683 4521 ἐστι
702 4465 845 4537 δύξαστική,
863 4468 879 4536 η
899 4467 924 4519 δί
1030 4466 1063 4517 ‘22
1082 4464 1130 4537 ύλη
1148 4468 1174 4519 ἐν
1193 4469 1297 4534 scripsi:
1316 4464 1364 4536 Ιδλη
1383 4468 1410 4520 ἰν
1429 4469 1520 4521 VMKa

201 4559 248 4630 ὕλη
268 4560 370 4613 τίναιΜ
475 4559 570 4614 πάντας
587 4557 611 4608 M
631 4555 738 4608 fortasse
758 4557 838 4606 πάντα
856 4552 988 4623 (γίνεσθαι)
1007 4554 1039 4607 οἰ.
1059 4571 1082 4605 ν.
1094 4554 1127 4607 26
1235 4555 1260 4605 ἰν
1279 4551 1300 4622 ψ
1320 4554 1348 4606 τὸ
1367 4553 1498 4624 δύνασθαι]
1519 4558 1559 4609 in·

202 4649 266 4715 cipit
284 4647 406 4715 apodosis
486 4644 520 4696 24
538 4650 604 4696 νοῶν
624 4658 702 4710 supra
718 4642 765 4693 lin.
785 4643 856 4695 m¹M
936 4642 969 4694 28
988 4639 1219 4710 περιρραινόμενον
1238 4643 1283 4710 γὰρ
1302 4640 1371 4710 κτλ]
1390 4642 1422 4694 οἰ.
1442 4660 1468 4709 p.
1479 4642 1559 4706 ss4‚15

202 4740 229 4787 ot
246 4734 306 4788 adn.
413 4732 446 4784 29
464 4729 568 4797 ἔμελλεν
586 4730 647 4783 VM:
667 4728 754 4798 ἔμιλιν
773 4730 813 4781 Ka
913 4729 948 4782 30
966 4726 1035 4797 οὔτε]
1053 4728 1162 4780 fortasse
1181 4727 1237 4780 οῦδὲ
1257 4729 1288 4780 οἰ.
1308 4729 1365 4781 Ind.
1465 4729 1501 4787 οἷς
1519 4731 1559 4782 M:

202 4873 240 4934 αἰς
258 4874 323 4927 VKa
428 4869 514 4928 αύτοῖς
531 4868 593 4922 εἶναι
610 4871 635 4923 M
741 4869 772 4923 31
793 4828 852 4921 τοῦδ
872 4867 958 4922 οῦνΜ
1066 4867 1098 4921 32
1119 4866 1286 4938 αἰτήληψιςυ
