3540 5610
594 256 795 378 AdeANDRI
819 313 863 367 DE
887 314 993 368 ΑΝΙΜΑ
1217 316 1223 327 ’
1430 314 1468 377 G?

65 480 97 501 ”
170 488 314 571 φαντασία
336 489 369 551 δὲ
391 488 439 550 καί
461 484 508 570 ἐφ’
529 489 612 572 ἡμῖν·
636 486 684 574 ἐφ’
705 490 775 573 ήμῖν
797 488 850 573 γάρ
872 489 1029 573 φαντασίαν
1051 489 1126 559 τινδς
1148 488 1258 571 καὶμὴ
1280 485 1419 569 παρόντος

171 591 279 675 λαβεῖν.
314 592 362 653 καί
377 591 545 673 αἰσθήσεως
568 592 620 675 μὲν
635 593 728 683 πάντα
752 591 868 676 μετέχει
890 592 926 654 τὰ
948 597 1021 675 ζῷα,
1045 593 1202 676 φαντασίας
1224 592 1256 654 δέ
1279 589 1312 653 οὐ
1329 592 1418 665 δοκεῖ,

172 696 215 761 ῶς
235 694 272 756 τά
286 717 317 756 τε
340 693 490 777 δστρεῶδῃ
513 700 571 755 τῶν
588 694 756 758 θαλασσίων
778 696 826 758 καί
848 697 875 757 οἱ
899 698 1058 778 σκώληκες.
1096 696 1143 758 καὶ
1166 696 1185 777 4,
1210 695 1262 776 μἐν
1284 693 1420 775 αἴσθησις

171 794 219 856 ἀεὶ
242 799 299 857 τῶν
323 797 402 858 ἰδίων
425 795 541 879 ἀληθής
564 796 638 861 ἐστι.
666 800 725 859 τῶν
752 797 784 860 δέ
807 804 971 880 φαντασιῶν
999 799 1028 883 αἱ
1051 800 1184 861 πλεῖσται
1206 798 1332 880 ψευδεῖς.
1378 794 1421 857 ότι

143 896 205 958 ὅδὲ
228 899 268 980 μὴ
292 896 397 961 ταύτὸν
419 897 556 981 αἴσθησις
578 900 626 961 καὶ
645 901 797 983 φαντασία,
820 902 907 984 δῆλον
931 902 978 965 καὶ
1001 901 1034 964 ἐκ
1055 905 1105 963 τοῦ
1129 899 1196 962 όταν
1220 900 1272 981 μὲν
1295 898 1421 982 ἀκριβῶς
1435 912 1462 954 ω

171 1001 388 1082 αἰσθανώμεθα
408 1024 483 1069 τινος
505 1002 546 1084 μὴ
567 1001 805 1086 λέγεσθαι·ήμάς
827 1004 984 1088 φαντασίαν
1007 1002 1086 1089 ἔχειν
1106 1002 1206 1075 αὐτοῦ,
1229 1002 1370 1084 ἀμαυρῶς
1389 1003 1421 1064 δέ

172 1126 248 1172 τινος
274 1103 481 1186 αἰσθανόμενοι
502 1104 654 1187 φαίνεσθαι
685 1106 754 1187 ἡμῖν
778 1106 870 1168 ἐκεῖνο
897 1107 1029 1188 λέγομεν.
1074 1106 1180 1177 καίτοι,
1208 1105 1235 1166 εἰ
1257 1104 1292 1189 ήν
1320 1103 1420 1176 ταύτά,

172 1205 231 1268 ἔδει
253 1208 307 1289 τήν
331 1210 440 1289 μᾶλλον
468 1205 604 1291 αἴσθησιν
632 1198 741 1290 μᾶλλον
770 1209 926 1291 φαντασίαν
955 1207 1041 1284 εἶναι,
1069 1209 1117 1271 καί
1142 1208 1195 1290 τήν
1217 1206 1420 1291 ἀκριβεστέραν

170 1307 309 1391 αἴσθησιν
331 1311 381 1372 καί
402 1311 560 1393 φαντασίαν
583 1309 798 1395 ἀκριβεστέραν.
842 1311 919 1375 ἀλλά
941 1312 998 1395 μὴν
1021 1311 1090 1375 οὐδὲ
1118 1310 1265 1394 ἐπιστήμῃ
1288 1309 1356 1373 οὐδὲ
1379 1314 1420 1394 νιβ

132 1427 158 1470 10
172 1412 275 1474 ταύτόν
298 1414 317 1495 4,
339 1412 491 1496 φαντασία,
515 1410 558 1474 ότι
581 1413 727 1496 ἐπιστήμη
751 1414 803 1496 μὲν
825 1415 873 1477 καὶ
893 1418 959 1483 νοῦς
981 1415 1027 1477 ἀεὶ
1051 1414 1161 1497 ἀληθῆ,
1184 1418 1240 1475 τῶν
1264 1414 1297 1475 δέ
1318 1416 1422 1497 φαντα.

172 1519 245 1578 σιῶν
268 1517 298 1578 αἱ
314 1519 446 1578 πλεῖσται
467 1517 591 1599 ψευδεῖς.
626 1513 668 1577 ἔτι
690 1516 836 1601 ἐπιστήμη
860 1517 912 1600 μὲν
927 1518 975 1580 καὶ
997 1522 1074 1593 νοῦς,
1097 1518 1196 1600 ὥσπερ
1219 1513 1332 1579 οὖνκαὶ
1354 1516 1422 1601 φρό·

171 1640 263 1700 νῃσις,
288 1618 318 1681 ἐν
335 1617 432 1701 μόναις
453 1623 512 1687 τοῖς
534 1616 619 1700 λόγον
635 1616 765 1703 ἔχουσιν,
788 1620 930 1703 φαντασία
952 1619 984 1682 δέ
1006 1620 1053 1681 καί
1077 1619 1106 1680 ἐν
1129 1618 1252 1701 ἀλόγοις.
1288 1618 1367 1688 δόξαι
1389 1617 1416 1682 δ’
1434 1635 1463 1677 συ

172 1719 209 1783 ἂν
232 1721 361 1811 κατὰτὸ
384 1721 499 1803 ἀληθὴς
521 1723 569 1784 καὶ
592 1723 702 1805 ψευδὴς
722 1722 851 1804 γίνεσθαι
873 1721 1015 1805 φαντασία
1043 1723 1062 1804 4,
1089 1720 1163 1806 αὐτή
1186 1722 1257 1785 εἰναι
1280 1729 1316 1806 τῇ
1340 1721 1421 1807 δόξῃ.

171 1824 222 1887 καὶ
249 1823 303 1908 γὰρ
331 1828 388 1893 τῶν
415 1823 506 1893 δοξῶν
533 1825 563 1887 αἱ
591 1825 642 1907 μὲν
670 1825 792 1907 ἀληθεῖς
818 1825 903 1897 εἰσιν.
934 1825 964 1886 αἱ
993 1823 1025 1885 δὲ
1047 1826 1172 1907 ψευδεῖς,
1217 1823 1251 1887 οὐ
1275 1826 1332 1908 μὴν
1355 1825 1423 1890 οὐδὲ

128 1942 158 1986 15
172 1926 277 1996 οόίτως
300 1925 372 2012 ἔχει.
405 1932 442 2009 τῇ
460 1927 511 2011 μὲν
532 1927 587 2011 γὰρ
609 1929 725 1996 πάντως
747 1927 840 1996 πίστις
859 1927 958 1990 ἕπεται
979 1926 1080 2010 (ὁγὰρ
1102 1926 1231 1998 δοξάζων
1253 1929 1320 2012 περί
1331 1952 1406 1998 τινος
1424 1947 1477 1991 135v

172 2031 290 2098 πάντως
311 2031 359 2094 καί
382 2030 620 2112 συγκατατίθεται
643 2032 683 2099 ῶς
706 2030 798 2097 οὕτως
820 2026 931 2114 ἔχοντι·
963 2030 983 2113 4,
1006 2029 1060 2112 γάρ
1083 2029 1150 2113 περί
1169 2053 1244 2100 τινος
1265 2031 1335 2101 δόξα
1357 2055 1423 2117 συγ-

172 2135 331 2202 κατάθεσις
353 2133 455 2217 ἐκείνῳ
479 2136 520 2202 ῶς
541 2133 634 2202 οὕτως
656 2130 768 2218 ἔχοντι·
799 2134 817 2216 4,
841 2133 873 2196 δὲ
897 2131 1106 2214 συγκατάθεσις
1128 2133 1201 2214 μετὰ
1223 2134 1356 2209 πίστεως,
1379 2141 1423 2199 λο·

171 2236 241 2317 γική
263 2237 318 2319 γὰρ
340 2236 550 2318 συγκατάθεσις
578 2238 597 2320 4,
621 2235 689 2305 δόξα
717 2237 765 2299 καὶ
789 2235 860 2319 μετὰ
883 2234 1032 2318 κρίσεως).
1060 2233 1094 2296 οὐ
1117 2239 1196 2299 πᾶσα
1223 2237 1255 2299 δὲ
1282 2241 1424 2322 φαντασία
1468 2302 1473 2313 ,
1528 2244 1534 2255 ’

172 2338 249 2419 μετὰ
272 2340 405 2407 πίστεως.
446 2344 505 2402 τῶν
527 2329 595 2421 γοῦν
618 2337 731 2420 ἀλόγων
756 2336 841 2424 ζῴων
864 2338 1020 2422 φαντασίαν
1044 2337 1096 2419 μὲν
1119 2335 1182 2422 ἔχει
1204 2342 1308 2416 πολλά,
1331 2345 1423 2406 πίστιν

124 2460 156 2504 ται
171 2443 206 2503 δὲ
229 2441 323 2505 οὐδέν.
357 2442 431 2505 εἰδὲ
454 2443 495 2525 μὴ
511 2441 614 2518 πίστιν,
638 2440 706 2504 οὐδὲ
720 2443 772 2525 τήν
797 2442 868 2526 μετὰ
888 2441 1010 2526 κρίσεως
1033 2442 1252 2522 συγκατάθεσιν.
1287 2442 1329 2507 έτι
1344 2449 1424 2509 πᾶσα
1451 2462 1465 2503 π

173 2551 228 2631 μὲν
251 2545 320 2615 δόξα
342 2545 373 2607 ἐν
396 2544 530 2608 συνθέσει
550 2544 585 2627 (ή
608 2544 663 2628 γάρ
684 2545 865 2629 καταφατικίῃ
886 2545 905 2627 ἦ
928 2543 1119 2628 ἀποφατική),
1143 2544 1177 2607 οδ
1196 2549 1280 2608 πᾶσα
1302 2547 1334 2609 δὲ
1356 2572 1424 2632 φαν-

172 2652 260 2715 τασία
283 2649 412 2732 τοιαύτῃ.
456 2649 500 2711 διδ
523 2647 646 2710 οὐδὲτὸ
669 2646 780 2730 ἀληθές
802 2671 833 2710 τε
856 2649 903 2710 καί
926 2650 1031 2732 ψεῦδος
1053 2647 1083 2709 ἐν
1107 2647 1283 2732 ἀμφοτέραις
1306 2650 1424 2732 ὁμοίως,
1462 2673 1468 2689 ·

173 2757 275 2841 ὥσπερ
298 2751 367 2815 οὐδὲ
389 2751 422 2813 τδ
444 2750 474 2813 ἐν
496 2750 634 2834 αἰσθήσει
655 2751 750 2813 τεκαὶ
772 2749 852 2832 δόξῃ.
888 2750 913 2812 εἰ
937 2750 969 2813 δὲ
986 2751 1075 2834 μῃδέν
1097 2750 1206 2813 τούτων
1223 2750 1299 2815 ἐστὶν
1322 2754 1425 2838 ήφαν·

111 2858 116 2865 ’
173 2857 259 2921 τασία
287 2861 329 2941 τῷ
355 2856 429 2938 μήτε
455 2853 491 2916 τά
517 2857 556 2936 τῃ
583 2854 720 2937 αἰσθήσει
748 2852 875 2937 ἑπόμενα
904 2854 978 2936 μήτε
1000 2853 1035 2916 τά
1061 2877 1097 2936 τῃ
1127 2852 1196 2937 δόξῃ
1225 2855 1299 2938 μήτε
1327 2855 1363 2918 τὰ
1386 2863 1423 2940 τῇ

126 2979 159 3023 25
173 2961 324 3044 ἐπιστήμῃ
350 2959 423 3041 μήτε
444 2956 479 3018 τὰ
501 2962 544 3041 τῷ
567 2961 609 3042 νῷ
628 2957 751 3019 ἕπεσθαι
773 2956 860 3039 αἰντῃ,
885 2958 972 3040 δῆλον
996 2959 1037 3025 ῶς
1051 2955 1120 3019 οὐδὲ
1142 2956 1176 3019 ἐκ
1191 2957 1357 3027 συνθέσεως
1378 2957 1424 3042 εἴη

174 3064 209 3129 ἀν
234 3063 404 3145 αἰσθήσεώς
425 3083 456 3122 τε
479 3060 526 3122 καὶ
550 3057 649 3141 δόξης.
672 3062 713 3127 ῶς
735 3062 817 3123 δοκεῖ
836 3080 917 3122 τισιν.
962 3057 998 3142 ἦν
1020 3058 1073 3142 γὰρ
1098 3058 1131 3122 ἂν
1154 3061 1190 3123 τὰ
1213 3060 1341 3146 ἑκατέρῳ
1363 3061 1425 3124 τού-

119 3190 122 3195 ·
175 3191 237 3231 των
259 3163 388 3246 ἑπόμενα
411 3164 458 3225 καὶ
482 3186 518 3245 τῃ
542 3164 687 3246 φαντασία
709 3167 751 3246 τῷ
771 3164 803 3224 τὸ
827 3162 1011 3246 συγκείμενον
1034 3160 1068 3224 ἔκ
1091 3186 1174 3224 τινων
1197 3158 1372 3244 σωζομένων
1395 3164 1425 3226 ἐν
1440 3181 1466 3222 ιυ

119 3392 190 3445 1-’2
209 3371 465 3457 φαντασία-λαβέῖν]
485 3386 530 3437 das
542 3358 711 3436 Verhdltniss⁸
724 3385 769 3437 der
780 3365 922 3437 l’hadtasie
941 3386 975 3437 ist
988 3384 1113 3437 ebenfalls
1131 3384 1172 3436 fdr
1190 3401 1249 3449 uns,
1268 3384 1327 3438 dass
1347 3387 1392 3439 wir
1407 3392 1478 3439 nfun-

116 3481 172 3532 lieh
192 3477 280 3530 Etwas
297 3475 436 3528 vorsteden
454 3473 567 3533 ἰιόιιιιαυ,
586 3470 652 3522 auch
671 3486 745 3523 πυρα
765 3487 792 3523 es
811 3472 885 3523 nicht
903 3473 936 3524 da
954 3472 989 3523 ist
1107 3471 1193 3524 2καί
1211 3487 1261 3524 om.
1382 3475 1478 3526 ἰτῶν

117 3565 204 3633 ἰδίων]
225 3565 289 3616 dher
306 3563 348 3615 die
366 3558 633 3627 Sinnesobjekte‚
653 3557 694 3610 die
713 3559 759 3611 ihn
779 3559 941 3626 specificiren
1048 3558 1185 3626 Ἰκαίτυι]
1205 3575 1260 3611 nun
1367 3562 1478 3633 δάκρυ·
1532 3570 1541 3591 ·

118 3651 253 3724 βεττέραν]
273 3643 384 3702 ιιιιίιίυιε
402 3648 457 3700 und
476 3646 672 3713 wahrhaftigere
789 3648 817 3698 ll
848 3645 976 3717 φρόνησις]
995 3646 1176 3699 Erkenntniss.
1212 3654 1271 3713 post
1290 3646 1374 3714 μόνοις
1392 3649 1478 3701 addit:

121 3742 214 3809 ‚nicht
232 3738 361 3790 anderen“
472 3735 503 3785 14
531 3731 560 3784 οὺ
580 3733 630 3802 μὴν
649 3730 705 3784 οὐδὲ
725 3731 806 3791 οὕτως
824 3733 886 3804 ἔχει]
911 3750 970 3786 was
989 3735 1039 3787 bei
1058 3733 1298 3786 Intellectum
1318 3734 1478 3803 Syllogis·

119 3846 188 3882 mus
209 3826 283 3878 nicht
300 3825 345 3876 der
363 3822 420 3875 Fau
437 3823 473 3874 ist
581 3820 613 3872 15
632 3822 665 3890 τῃ
684 3820 804 3890 μὲνγὰρ]
824 3821 893 3873 deun
911 3821 956 3873 der
974 3821 1126 3890 Meinung
1234 3822 1263 3872 Π
1283 3821 1309 3874 δὲ
1328 3838 1378 3875 om.

123 3916 201 3985 ¹7:51
222 3912 247 3966 δὲ
266 3908 606 3981 συγκατάθεσιςάτίστεως]
630 3910 673 3963 die
692 3909 802 3962 Ansicht
820 3911 855 3961 ist
873 3909 920 3960 mit
938 3908 994 3962 dem
1015 3908 1135 3962 Glauben
1156 3908 1251 3961 audie
1269 3908 1350 3962 Sache
1369 3912 1478 3963 verbun-

119 4004 187 4063 den,
211 4016 262 4052 von
281 3999 388 4051 welches
406 4013 466 4048 man
484 3997 542 4050 eine
563 3998 674 4050 dnsicht
690 3998 735 4049 hat
863 3997 964 4048 17-18
991 3995 1119 4066 λαγικίγ-
1126 3996 1189 4064 μετὰ
1207 3995 1324 4067 κρίσεως]
1348 3997 1416 4048 denn
1437 3998 1479 4049 dio

120 4091 251 4156 Meinnng
268 4088 301 4139 ist
320 4088 378 4139 eino
396 4084 517 4149 rodendo,
535 4084 668 4153 folgernde
752 4086 784 4136 19
803 4082 884 4136 πίστιν
903 4081 929 4135 δε
948 4082 1030 4151 οὐδέν]
1051 4081 1129 4151 [viole
1148 4084 1240 4135 Thiere
1259 4083 1374 4136 besitzen
1393 4084 1478 4136 Phan-

119 4176 213 4246 tade]‚
231 4190 322 4227 πονου
340 4173 426 4225 αἰυδω
445 4172 606 4240 θενίιίιτυημ
624 4172 670 4225 hat
749 4170 784 4223 20
802 4169 993 4239 συγκατάθεσιν]
1012 4172 1136 4239 Heinung
1212 4170 1241 4221 21
1264 4169 1335 4239 δόξα]
1354 4173 1497 4240 Meinung.

121 4265 157 4317 θα
181 4261 288 4331 ὁμοίως]
308 4277 457 4313 zusammen
475 4259 521 4311 auf
538 4259 651 4312 dieselbe
669 4259 758 4312 Weise
850 4246 898 4311 '23
923 4257 1124 4328 ῶσπερ-δόξῃ]
1144 4259 1191 4311 wie
1210 4258 1275 4310 auch
1293 4258 1367 4310 nicht
1385 4258 1479 4311 Wahr·

121 4353 178 4405 heit
197 4350 253 4402 und
271 4349 419 4402 Fdschheit
438 4346 558 4400 im·Sinn
576 4347 631 4398 und
649 4347 694 4399 der
712 4347 838 4416 Meinung
855 4347 902 4398 auf
918 4346 1032 4399 dieselbe
1050 4348 1138 4401 Weise
1155 4347 1191 4398 ist
1308 4346 1341 4398 ‘26
1369 4352 1430 4398 ante
1448 4345 1479 4417 ήν

122 4441 170 4511 γὰρ
189 4438 277 4490 addit:
295 4435 428 4491 Besdndo
446 4435 484 4487 sie
502 4434 531 4486 in
550 4434 622 4486 einer
640 4434 909 4503 Zusammdnsetzung
928 4434 1016 4488 beider
1122 4434 1153 4487 ‘27
1183 4433 1334 4502 σωζομένων
1353 4433 1379 4485 ἰν
1397 4433 1478 4504 αὐτῷ]

123 4527 208 4580 Under
225 4523 420 4591 Beibehaltung

127 4652 173 4658 -—-
179 4650 251 4657 -.--
256 4650 356 4656 ——-
361 4648 525 4656 .-.--———--

123 4715 186 4769 Ξιδὲ
205 4715 241 4784 μὴ
260 4715 297 4766 V:
317 4712 381 4784 μηδὲ
400 4730 416 4764 υ
521 4694 540 4762 θ’
560 4710 730 4781 αἰσθανόμεθα
749 4729 765 4764 υ
874 4713 901 4764 11
924 4711 971 4781 ἔτι]
991 4713 1059 4765 inter
1077 4732 1089 4765 ε
1108 4716 1134 4764 et
1151 4730 1166 4763 τ
1184 4711 1317 4779 paululum
1337 4726 1438 4762 erasum
1457 4711 1479 4765 V

122 4804 209 4873 ὥσπερ
227 4802 284 4871 οὖν]
304 4802 337 4853 τί.
357 4800 413 4854 lnd.
523 4802 553 4852 12
572 4801 650 4871 μόνης
669 4817 684 4852 a
793 4802 823 4852 13
842 4799 934 4870 ἀλῃθὲς
952 4819 968 4852 υ
1074 4803 1108 4852 20
1126 4799 1201 4868 μετὰ]
1219 4817 1250 4852 τα
1268 4800 1296 4851 in
1315 4798 1354 4849 lit.
1365 4800 1385 4850 λ’

123 4893 156 4944 22
176 4888 279 4959 ψεῦδος]
299 4889 332 4942 τί.
345 4888 406 4952 705
513 4887 547 4940 '23
564 4887 673 4957 τοθτων]
693 4908 715 4939 ω
734 4889 761 4940 in
780 4888 818 4940 lit.
831 4889 851 4941 λ’
1196 4896 1202 4907 “

1236 4972 1281 5035 ,ον
