3540 5610
217 313 279 380 130
534 310 736 370 ουσιαιιοιιι
759 313 803 370 υιι
826 313 933 370 ουιιιο
957 312 1050 370 ςῐιιιιι
1073 315 1246 371 ακοντισαι

268 486 332 571 πρὶν
354 490 433 572 ἡμᾶς
454 489 537 573 όρῦν;
561 494 623 560 πῶς
645 489 678 553 δὲ
700 487 760 553 οἶόν
783 510 814 551 τε
836 487 930 557 οὕτως
951 488 1066 573 ταχέως
1087 491 1120 553 τδ
1143 492 1231 575 σῶμα
1253 489 1394 554 κινεῖσθαι
1415 493 1511 562 τοῦτο,

268 591 344 654 ὥστε
371 591 460 660 εὐθὺς
485 597 527 676 τῷ
555 591 714 676 ἀναβλέψαι
740 592 802 674 ἅμα
830 591 878 654 τδν
900 589 1021 675 οὐρανόν
1049 593 1126 675 ήμῦις
1153 592 1236 675 όρᾶν;
1271 589 1312 655 ἔτι
1334 597 1398 662 πῶς
1427 594 1454 657 οἱ
1480 591 1511 662 ἐξ

266 692 393 762 ἐναντίας
414 694 557 777 ἀλλήλους
580 696 702 778 δρῶντες
717 694 905 778 όφθήσονται,
928 693 978 756 ἐὰν
1000 693 1073 757 κατά
1095 694 1127 756 τδ
1143 693 1213 758 αὐτὸ
1235 695 1265 758 αἱ
1289 695 1400 764 ἀκτῖνες
1421 695 1510 758 ἀπαν-

266 797 393 878 τήσωσιν
416 796 568 880 ἀλλήλαις;
591 796 681 881 ήγάρ
703 796 733 859 ἐν
757 796 838 879 μέσῳ
860 796 1013 879 στήσονται
1034 798 1081 859 καί
1104 795 1253 860 οὐκέσται
1276 795 1341 882 ὄψις
1361 796 1508 883 ἀλλήλων,

238 896 285 978 σή
308 895 345 958 δι’
372 899 506 983 ἀλλήλων
528 898 693 962 ἐλεύσονται
715 899 763 962 καί
786 897 879 965 οῦτως
905 897 989 960 πάλιν
1013 902 1100 981 σῶμα
1122 898 1169 961 διά
1191 902 1327 983 σώματος
1349 900 1463 975 δίεισιν,
1489 898 1510 982 ἦ

266 1000 285 1082 ή
308 999 392 1085 έτέρα
407 1003 543 1086 κρατήσει
565 1002 614 1065 καί
636 1002 652 1066 δ
672 1001 769 1084 ἕτερος
790 999 839 1063 τδν
859 997 956 1082 ἕτερον
981 997 1081 1084 ὄψεται
1099 1000 1194 1083 μόνον.
1229 997 1270 1063 ἔτι
1291 1005 1349 1064 πᾶν
1371 1001 1403 1064 τδ
1419 1000 1509 1064 κινοό-
1522 1017 1551 1059 σε

266 1125 350 1183 μενον
373 1108 498 1173 τοπικῶς
519 1103 550 1166 ἐν
571 1102 670 1188 χρόνῳ
693 1107 811 1167 κινεῖται
836 1101 885 1164 καί
906 1100 1044 1165 ἀδόνατον
1067 1102 1141 1165 κατὰ
1162 1104 1200 1166 τδ
1217 1102 1288 1167 αίιτό
1310 1127 1335 1167 τι
1357 1108 1402 1190 τιγῦ
1425 1103 1509 1189 αιἰτῳ

180 1282 187 1295 .
266 1205 350 1289 τάχει
372 1207 525 1289 χριόμενον
546 1207 599 1291 τήν
621 1206 771 1270 διπλασίαν
798 1205 828 1268 ἐν
850 1209 893 1288 τιγῦ
916 1203 998 1287 αὐτῷ
1025 1205 1177 1288 κινηθῆναι
1199 1205 1309 1291 χρόνῳ.
1353 1205 1429 1269 ἀλλά
1450 1207 1508 1289 μὴν

265 1306 325 1388 ἅμα
341 1307 454 1392 δρῶμεν
476 1309 564 1372 τότε
578 1308 663 1391 ἐγγὺς
685 1309 731 1371 καί
755 1306 790 1370 τά
805 1308 864 1370 ἀπὸ
885 1306 1100 1370 πολλαπλασίου
1116 1307 1318 1391 διαστήματος.
1351 1308 1418 1378 τοῦς
1439 1312 1509 1392 γοῦν

113 1470 122 1487 ,
225 1423 251 1468 10
264 1409 386 1494 ἀστέρας
407 1413 541 1474 πλεῖστον
563 1410 727 1496 ἀπέχοντας
749 1410 811 1493 ἀμα
831 1410 945 1494 δρῶμεν
968 1414 1027 1477 τοῖς
1048 1413 1237 1492 παρεστῶσιν.
1280 1409 1334 1475 οῦκ
1356 1408 1413 1494 ἀρα
1434 1409 1509 1474 κατὰ

264 1512 372 1596 κίνησίν
395 1536 468 1582 τινος
489 1514 523 1577 τό
545 1514 624 1597 όράν.
669 1513 696 1574 εἰ
717 1512 750 1575 δὲ
773 1513 813 1596 μὴ
837 1511 911 1575 κατὰ
931 1513 1057 1594 κίνησιν,
1079 1509 1145 1574 οῦτε
1167 1512 1241 1575 κατὰ
1262 1513 1382 1576 ἀκτίνων
1404 1514 1508 1598 προβα·

263 1616 317 1699 λήν
339 1613 406 1678 οῦτε
428 1617 501 1680 κατὰ
523 1616 652 1680 εἰδώλων
675 1612 831 1700 ἀπόρροιαν
854 1613 921 1679 οὔτε
943 1614 1016 1678 κατὰ
1037 1615 1089 1699 τὴν
1112 1612 1162 1677 ἀπ’
1190 1615 1307 1699 ἀμφοῖν.

281 1851 371 1939 Πρδς
393 1853 473 1923 τοῦς
494 1853 551 1917 διά
572 1858 634 1937 τῆς
654 1857 714 1939 τοῦ
738 1853 841 1939 ἀέρος
863 1853 1107 1922 συνεντάσεως
1128 1852 1165 1915 τὸ
1188 1852 1270 1936 δρᾶν
1293 1856 1489 1923 ποιοῦντας.
1521 1871 1550 1913 ου

346 2023 428 2089 Εἰσὶν
450 2024 482 2088 δέ
505 2048 586 2097 τινες,
608 2025 637 2088 οἳ
658 2023 705 2088 διό
727 2029 779 2109 τῆς
798 2029 848 2088 τοῦ
872 2024 956 2109 ἀέρος
978 2025 1174 2092 συνεντάσεως
1195 2024 1227 2086 τό
1250 2023 1320 2108 δρᾶν
1342 2046 1413 2108 φασι
1434 2026 1505 2108 γίνε-

222 2143 249 2187 ιο
263 2127 341 2191 σθαι.
375 2125 545 2211 νυττόμενον
567 2126 622 2212 γάρ
645 2127 700 2191 όπδ
723 2132 776 2211 τῆς
796 2125 892 2211 ὄψεως
913 2128 962 2190 τόν
983 2127 1161 2191 συνάπτοντα
1181 2129 1220 2209 πή
1243 2124 1317 2210 κόρη
1339 2125 1412 2211 ἀέρα
1434 2148 1506 2213 σχη-

261 2231 430 2316 ματίζεσθαι
459 2231 500 2298 εἰς
525 2233 627 2292 κῶνον.
675 2231 777 2293 τούτου
803 2230 835 2293 δὲ
862 2230 921 2293 οἷον
947 2228 1125 2312 τυπουμένου
1156 2228 1230 2292 κατὰ
1257 2229 1309 2313 τήν
1335 2229 1417 2314 βάσιν
1448 2231 1504 2294 δπδ

260 2339 318 2397 τῶν
341 2335 453 2418 όρατῶν
480 2332 532 2416 τὴν
555 2331 690 2416 αἴσθησιν
712 2332 856 2414 γίνεσθαι,
882 2333 1014 2415 καθάπερ
1041 2332 1090 2394 καί
1117 2335 1155 2414 τῇ
1179 2331 1242 2415 ἀρή
1269 2332 1317 2394 διὰ
1339 2332 1504 2417 βακτηρίας.

261 2437 354 2500 πολλὰ
377 2437 428 2520 μὲν
451 2433 500 2498 οὖν
522 2435 558 2499 τά
579 2434 653 2499 αὐτὰ
675 2433 736 2498 ἔστι
757 2436 805 2497 καί
828 2436 898 2519 πρδς
921 2434 1037 2504 τούτους
1059 2434 1149 2498 εἰπεῖν
1172 2438 1230 2497 τῶν
1252 2433 1411 2518 εἰρημένων
1433 2435 1547 2519 πρὸςω

259 2537 326 2607 τοῦς
349 2534 386 2601 δι’
415 2539 537 2601 ἀκτίνων
560 2539 592 2601 τδ
615 2538 684 2622 όράν
707 2541 872 2610 ποιοῦντας,
900 2536 956 2620 ἰδίᾳ
979 2537 1011 2600 δὲ
1033 2534 1101 2621 παρ’
1128 2536 1224 2600 αἰετῶν
1247 2536 1446 2622 ἐπιζητήσειεν
1469 2539 1505 2604 ἀν

219 2656 301 2709 οοτις
323 2641 390 2725 περί
409 2665 440 2704 τε
462 2646 514 2725 τῆς
529 2641 672 2709 ἐντάσεως
692 2639 782 2723 αὐτῆς
804 2643 856 2721 τῆς
878 2638 934 2701 ὑπὸ
958 2643 1013 2703 τῶν
1037 2637 1132 2723 όψεων
1155 2637 1305 2722 γινομένης
1327 2643 1377 2703 τοῦ
1400 2643 1503 2704 συνάπ.

258 2766 357 2811 τοντος
379 2742 463 2828 ἀέρος
490 2749 527 2827 τή
550 2742 623 2827 κόρη
651 2743 698 2805 καί
721 2747 773 2826 τῆς
794 2740 869 2804 κατά
899 2740 932 2803 τὸ
955 2740 1052 2825 ἕτερον
1081 2740 1169 2825 μέρος
1190 2744 1348 2811 τυπώσεως
1375 2742 1431 2806 όττδ
1453 2747 1505 2807 τοῦ

260 2844 424 2927 δρωμένου,
453 2842 495 2908 ἔτι
516 2868 548 2908 τε
578 2849 630 2928 τῆς
651 2843 836 2928 ἀπερείσεως,
865 2846 929 2912 πῶς
951 2841 1011 2907 οἷόν
1033 2867 1064 2907 τε
1091 2843 1309 2928 παραδέξασθαι
1338 2848 1431 2927 μανοῦ
1453 2849 1504 2908 τοῦ

260 2946 345 3031 ἀέρος
368 2944 458 3023 ὄντος,
481 2946 577 3016 άλλως
598 2970 630 3009 τε
652 2947 708 3021 καί,
730 2947 757 3008 εί
779 2944 905 3009 τοιοῦτόν
927 2969 953 3008 τι
969 2944 1015 3031 ἧν,
1038 2946 1146 3029 ἐγίνετο
1170 2945 1203 3009 ἀν
1226 2946 1412 3030 συναίσθησις
1434 2949 1504 3031 ἡμῖν

259 3050 437 3136 ἀντιβάσεῶς
451 3073 533 3118 τινος.
567 3048 642 3112 ἀλλά
663 3049 711 3112 καὶ
728 3049 945 3134 ἀναχωροῦντες
966 3048 1008 3117 εἰς
1022 3048 1150 3113 τούπίσω
1164 3047 1248 3112 οάδέν
1264 3049 1349 3134 ἧττον
1372 3049 1502 3134 δρῶμεν·

220 3167 247 3212 νυ
260 3151 352 3216 καίτοι
374 3152 571 3237 ἐπερείδοντας
594 3151 645 3233 μέν
668 3152 738 3236 όράν
761 3148 833 3227 ἔδει,
860 3152 1084 3236 ὑποχωροῦντας
1106 3151 1138 3213 δὲ
1161 3152 1212 3234 μή.
1256 3153 1299 3221 τίς
1319 3150 1375 3234 γάρ
1396 3150 1462 3215 τότε
1484 3153 1547 3236 ήιυ

258 3253 399 3339 ἐπέρεισις
421 3252 458 3316 δι’
485 3255 570 3338 ἡμῶν
592 3252 702 3332 αῦτῶν;
737 3253 920 3338 ήέπέρεισιν
942 3254 1085 3338 φήσουσιν
1110 3252 1252 3335 γίνεσθαι;
1286 3253 1429 3318 ἀλλὰκαὶ
1453 3260 1506 3339 τῆς

258 3355 354 3441 ὄψεως
380 3356 438 3418 ἀπὸ
465 3359 516 3419 τοῦ
542 3357 713 3440 ήγεμονικοῦ
735 3355 897 3439 γινομένης,
925 3356 950 3418 εἰ
972 3356 1020 3420 καί
1046 3355 1093 3419 ἐπί
1114 3355 1220 3439 ταότης
1248 3355 1283 3419 τό
1309 3361 1362 3440 τῆς
1390 3363 1504 3442 τονικῆς

260 3460 401 3543 κινήσεώς
416 3458 501 3533 ἐστιν,
525 3459 624 3541 ὥσπερ
645 3458 755 3539 λέγεται
777 3459 848 3541 πρὸς
862 3457 968 3533 αὐτῶν,
991 3463 1054 3528 πῶς
1069 3457 1102 3520 οὐ
1117 3457 1239 3541 γίνονται
1262 3459 1416 3544 διαλείψεις
1430 3461 1503 3531 τινὲς

256 3566 308 3625 τοῦ
330 3563 410 3645 δρῦν,
433 3561 484 3624 ἀπε
507 3563 547 3645 μή
570 3565 710 3645 συνεχοῦς
731 3561 778 3623 ἐπὶ
801 3561 836 3623 τά
854 3560 964 3646 πέρατα
986 3566 1039 3645 τῆς
1060 3562 1170 3630 τάσεως
1191 3561 1351 3645 γινομένης,
1373 3560 1409 3624 δι’
1428 3562 1501 3626 αὐτὸ

217 3679 244 3724 ου
258 3665 290 3727 δὲ
315 3669 400 3727 τοῦτο
428 3663 502 3746 μηδὲ
527 3667 580 3747 τῆς
606 3662 793 3747 ἐπερείσεως;
826 3662 896 3748 ὅπερ
925 3662 959 3727 ἀν
988 3687 1030 3732 τις
1059 3662 1257 3748 ἐπιζητήσειεν
1285 3665 1333 3727 καί
1359 3665 1424 3748 περί
1452 3670 1505 3749 τῆς

204 3867 307 3940 θόρᾶν
325 3868 392 3938 ήμάς
410 3869 450 3921 Κο
564 3867 600 3921 ἐτι
618 3876 673 3928 πῶς
691 3869 713 3922 οἱ
731 3868 757 3930 ἐξ
775 3869 886 3928 ἐναντίας
904 3868 972 3939 κτλ]
992 3869 1024 3922 εί.
1043 3869 1084 3922 Αἰ.
1104 3868 1136 3922 do
1153 3884 1222 3922 sena.
1241 3868 1353 3934 63,4-9
1464 3867 1558 3922 5σῶ·

203 3974 281 4025 ματος
299 3953 381 4008 δίιισιν
400 3954 416 4026 ή
437 3956 481 4021 ω’,
500 3955 616 4025 σώματος
635 3957 715 4010 m¹V:
735 3957 852 4026 σώματος
869 3956 952 4010 δίεισιν
969 3955 986 4026 ή
1005 3957 1046 4009 Ka
1145 3956 1232 4010 6-10
1249 3956 1287 4010 ἰτι
1303 3954 1557 4030 πᾶν-παρεστῶσιν]

203 4043 235 4096 οἰ.
255 4044 296 4096 Al.
315 4043 348 4096 de
365 4059 434 4095 sens.
453 4042 626 4109 62‚11-63‚3
731 4046 747 4098 7
767 4043 879 4098 κατὰτὸ
898 4043 959 4097 αίιτό
977 4042 1013 4112 τι]
1032 4043 1139 4097 fortasse
1157 4044 1187 4097 τδ
1205 4042 1266 4096 αῦτό
1285 4056 1310 4096 τι
1327 4044 1359 4096 σί.
1377 4046 1419 4098 ΑΙ.
1438 4045 1470 4097 de
1489 4060 1558 4098 sens.

202 4132 239 4183 ib.
258 4128 322 4182 ἀλλά
334 4129 385 4200 μὴν
403 4129 524 4184 ἀδόνατον
542 4130 575 4184 τδ
594 4130 668 4184 αδτό
685 4150 714 4185 τι
731 4133 775 4185 καί
789 4132 913 4205 ἰσοταχῶς
930 4131 1075 4201 κινοόμινον
1092 4131 1119 4184 ἐν
1131 4135 1169 4202 τηῖ
1187 4130 1232 4200 ίσῳ
1244 4129 1328 4204 χρόνῳ
1348 4129 1483 4202 κινηθῆναι
1500 4130 1558 4185 τόδε

202 4216 272 4270 τιτὸ
291 4217 415 4288 διάστημα
433 4219 476 4270 καί
494 4217 523 4270 τὸ
541 4217 632 4271 τοῦτου
650 4218 834 4272 πολλαπλάσιον
852 4217 908 4271 κτλ.
1014 4219 1030 4271 8
1049 4219 1157 4273 fortasse
1176 4219 1242 4284 (καί)
1258 4220 1305 4290 τὴν
1322 4218 1452 4272 διπλασίαν

205 4306 234 4357 ll
255 4322 320 4363 τινος
338 4306 383 4368 m¹,
406 4324 460 4357 τινα
478 4305 560 4359 m‘V:
578 4325 632 4359 τινα
652 4308 691 4359 Ka
777 4307 807 4360 17
825 4306 865 4359 διά
884 4306 1030 4378 βακτηρίας]
1050 4306 1082 4359 τί.
1102 4305 1193 4360 Galen.
1212 4307 1243 4360 de
1263 4307 1329 4374 plac.
1348 4307 1426 4375 Hipp.
1445 4310 1473 4360 εἰ
1489 4307 1557 4360 ΡΙαί.

203 4391 297 4454 64212
321 4392 376 4459 (Iw.
396 4392 496 4459 Μῦθος)
533 4393 569 4464 μή
587 4393 669 4446 τοίνυν
688 4393 728 4453 ῶς
746 4394 795 4447 διὰ
814 4394 984 4466 βακτηρίας
1006 4398 1051 4446 τοῦ
1068 4392 1137 4464 πίριξ
1156 4392 1227 4466 ἀίρός
1246 4392 1305 4466 δρᾶν
1322 4393 1389 4464 ἡμᾶς
1407 4394 1429 4446 οί
1447 4390 1557 4448 Στωϊκοί

202 4477 351 4548 λεγέτωσαν.
378 4478 395 4549 ή
413 4480 459 4551 γὰρ
477 4479 579 4552 τοιαότη
598 4480 727 4551 διάγνωσις
745 4482 936 4552 ἀναβαινόντων
955 4483 1006 4534 ἐστὶ
1022 4483 1157 4548 σωμάτων,
1176 4482 1242 4534 κατά
1260 4480 1421 4551 συλλογισμὸν
1439 4481 1476 4535 δτι
1494 4481 1557 4552 μᾶλ-

202 4563 258 4629 λον,
281 4564 311 4618 οδ
329 4564 434 4635 πιλητοῦ
453 4564 478 4617 δέ
497 4564 632 4639 αἰσθητικὴ
655 4569 735 4639 ήτοῦ
754 4568 867 4639 ὄμματος
888 4567 1000 4639 αἴσθησις
1021 4567 1081 4638 ήμῑν
1100 4569 1180 4632 ἐστιν,
1203 4566 1259 4620 οῦδὲ
1281 4571 1328 4637 τῆς
1345 4567 1518 4640 σκληρότητος
1539 4569 1556 4641 ή

202 4651 387 4721 μαλακότητος,
405 4651 469 4704 ἀλλά
482 4653 558 4723 χρόας
576 4656 620 4707 καί
638 4655 759 4726 μεγέθους
776 4659 819 4710 καί
836 4655 939 4720 θέσιως,
958 4655 994 4709 ῶν
1013 4654 1083 4708 οῦδὲν
1101 4655 1117 4725 ἡ
1132 4655 1287 4726 βακτηρία
1305 4655 1438 4725 διαγνῶναι
1456 4656 1558 4711 δῦνατσι

203 4739 234 4792 21
255 4738 402 4808 τυπῶσιως]
421 4759 436 4792 τ
454 4743 482 4794 in
500 4742 538 4794 lit.
554 4743 575 4792 V
663 4742 696 4795 25
714 4742 893 4814 ἐπερείδοντας]
914 4746 971 4803 §in
990 4743 1064 4795 lit.v
1151 4742 1181 4794 τό
1199 4761 1227 4794 τε
1246 4744 1285 4804 Vn
1372 4742 1406 4795 26
1425 4743 1511 4797 αἰτῶν
1529 4761 1556 4808 τι,

201 4825 285 4878 αῦτῶν
306 4828 326 4878 V
402 4825 418 4898 ή
438 4827 712 4899 ἐπέρεισιν-γίνισθαι]
731 4850 763 4881 σα
781 4844 829 4882 tum
849 4852 942 4899 quoque
961 4833 1108 4882 dicentem
1127 4829 1262 4900 ἰπίριισινί
1343 4830 1377 4883 28
1394 4829 1524 4902 διαλήψεις
1537 4848 1558 4901 ,α

201 4912 236 4966 30
253 4913 407 4986 ἐπιζητήσας
425 4930 442 4967 ιι
