3540 5610
700 293 843 352 ΒΙΒΛΙΟΝ
863 294 1001 353 ΠΡΩΤΟΝ
1022 299 1088 351 1-2

647 608 686 672 ΙΙ.
733 606 816 692 Περὶ
838 607 1027 692 χρὼματός
1048 633 1134 672 τινα.

351 777 393 843 Τὸ
415 786 525 864 χρὼμα
552 781 677 862 ὡρίσατο
697 778 902 862 Ἀριστοτέλης
931 779 1019 862 πέρας
1046 785 1096 842 τοῦ
1125 781 1285 862 ὡρισμένου
1315 774 1512 864 διαφανοῡςη]

262 882 410 966 διαφανές.
450 889 500 946 τοῦ
524 884 576 967 γάρ
601 885 736 961 σώματος
759 883 886 946 καθόσον
908 885 960 963 μὲν
984 890 1070 961 σῶμα
1093 884 1182 967 πέρας
1204 883 1365 965 ἐπιφάνεια,
1389 881 1516 943 καδόσον

263 986 300 1047 δὲ
321 987 457 1070 διαφανὲς
480 992 596 1071 χρῶμα.
632 988 676 1048 διδ
700 988 747 1049 καὶ
771 987 832 1068 ἅμα
855 986 916 1049 ἐστὶ
938 988 971 1049 τὸ
993 993 1100 1071 χρὼμα
1123 991 1161 1069 τῇ
1181 985 1342 1070 ἐπιφανείη.
1377 986 1440 1048 ἐπεὶ
1462 984 1516 1067 ηδιρ
1532 1000 1558 1039 1⁰

229 1089 374 1158 ὁπαντὸς
396 1092 532 1172 σώματος
558 1093 599 1158 ὡς
622 1092 757 1170 σὼματος
784 1088 873 1172 πέρας
896 1089 1063 1172 ἐπιφάνεια,
1091 1091 1138 1152 καὶ
1161 1091 1194 1152 τό
1217 1090 1352 1172 διαφανὲς
1375 1089 1406 1151 δὲ
1429 1088 1516 1167 σὼμά

266 1191 343 1264 ἐστι,
371 1192 420 1254 καὶ
442 1191 546 1254 τούτου
569 1191 658 1276 πέρας
682 1196 723 1260 ὡς
745 1195 880 1274 σώματος
907 1195 925 1273 η
949 1193 1112 1276 ἐπιφάνεια.
1157 1191 1217 1255 ἔστι
1241 1195 1273 1255 δὲ
1295 1192 1383 1255 αὐτοῦ
1406 1191 1454 1253 καὶ
1477 1193 1517 1257 ὡς

263 1295 422 1376 διαφανοῦς
445 1294 535 1378 πέρας
558 1296 590 1358 τδ
613 1300 732 1378 χρὼμα,
757 1297 804 1357 καὶ
827 1295 888 1376 ἅμα
912 1295 987 1357 ἐστὶν
1011 1295 1098 1357 αὐτοῦ
1121 1296 1157 1357 τά
1180 1295 1290 1376 πέρατα
1313 1295 1413 1378 άμφω,
1437 1293 1467 1357 εἴ
1485 1318 1517 1376 ’,ἐ
1533 1310 1557 1350 Ιῖν

263 1396 376 1479 πέρατα
398 1396 452 1459 οῦκ
474 1395 542 1460 ὄντα
564 1398 599 1460 τὰ
622 1397 695 1460 αῦτόι
718 1398 864 1480 ἀλλήλοις.
900 1403 955 1459 πάν
979 1400 1031 1479 μὲν
1054 1397 1108 1480 γάρ
1131 1404 1239 1482 χρὼμα
1262 1398 1291 1460 ἐν
1312 1399 1463 1482 ἐπιφανείᾳ
1485 1421 1517 1478 γε

263 1502 311 1561 καὶ
335 1500 386 1563 σῦν
408 1500 575 1585 ἐπιφανείη,
603 1500 637 1564 οὐ
662 1502 719 1584 μὴν
748 1506 828 1563 πᾶσα
856 1502 1007 1583 ἐπιφάνεια
1036 1502 1086 1564 σὺν
1114 1505 1263 1585 χρώματι,
1292 1500 1335 1562 ότι
1363 1502 1437 1584 μηδὲ
1459 1504 1515 1561 πᾶν

212 1623 243 1668 10
265 1608 352 1684 σὼμα
376 1605 510 1686 διαφανὲς
538 1604 707 1688 ὡρισμένον.
753 1609 803 1666 τοῦ
831 1604 884 1686 γάρ
908 1606 1064 1687 διαφανοῦς
1093 1608 1228 1685 σώματος
1255 1606 1287 1665 τό
1320 1605 1370 1685 μὲν
1393 1603 1556 1687 ὡρισμέ-ευ

263 1729 322 1782 νυν,
345 1707 378 1768 τό
401 1705 427 1770 δ’
448 1706 591 1789 ἀόριστον.
625 1708 658 1770 τδ
682 1708 732 1789 μὲν
755 1704 805 1769 οῦν
828 1708 962 1789 ἀόριστον
985 1707 1120 1791 διαφανές
1143 1709 1247 1789 (ὁποῖά
1270 1708 1344 1769 ἐστιν
1369 1706 1384 1767 ό
1405 1730 1435 1767 τε
1459 1707 1516 1788 άηρ

264 1812 312 1872 καὶ
335 1811 367 1872 τὸ
392 1809 494 1893 ῦδωρ),
518 1812 616 1893 ὥσπερ
639 1809 709 1872 οῦδὲ
725 1811 893 1892 ἐπιφάνειαν
916 1810 1023 1872 οἰκείαν
1048 1834 1078 1872 τε
1101 1813 1149 1872 καὶ
1173 1809 1335 1893 ὡρισμένην
1359 1808 1422 1892 ἔχει
1444 1808 1515 1890 (δρί-

265 1917 343 1983 ζεται
365 1912 420 1995 γὰρ
442 1913 477 1975 τὰ
500 1915 573 1995 ὑγρά
595 1936 626 1975 τε
647 1914 694 1975 καὶ
720 1911 839 1996 ἀόριστα
869 1916 991 1994 σώματα
1014 1918 1073 1980 τοῖς
1096 1913 1308 1997 περιέχουσιν),
1336 1913 1427 1979 οὕτως
1450 1909 1511 1972 οὐδ’

264 2016 370 2078 σίκεῖον
393 2015 458 2100 ἔχει
479 2022 598 2101 χρὼμα,
622 2015 683 2078 ἀλλ’
709 2015 786 2078 ἔστιν
809 2023 866 2078 τὼν
889 2017 1048 2098 ἀλλοτρίων
1072 2019 1238 2101 χρωμάτων
1262 2013 1392 2078 διάκονόν
1416 2037 1446 2076 τε
1470 2017 1516 2076 καὶ
1530 2029 1557 2070 ιι

209 2139 242 2186 15
263 2119 393 2182 δεκτικὸν
421 2119 519 2201 ὥσπερ
546 2120 594 2182 καλ
621 2121 782 2204 σχημάτων
812 2120 873 2200 (καὶ
899 2120 902 2198 λ
927 2117 1055 2199 εῦλόχως
1082 2121 1099 2200 η
1127 2119 1211 2201 φύσις
1239 2117 1347 2202 άχρουν
1379 2117 1513 2201 ἐποίησεν
1538 2124 1567 2180 1ss

264 2223 297 2284 τό
320 2221 561 2306 διακονησόμενον
583 2229 643 2291 τοῖς
666 2222 824 2303 ἀλλοτρίοις
847 2224 1000 2305 χρώμασιν
1024 2222 1175 2304 διαφανές,
1203 2222 1337 2303 διαφανὲς
1361 2222 1411 2302 μὲν
1435 2219 1515 2288 ὅπως

263 2319 283 2408 ᾗ
310 2326 438 2388 δεκτικόν
461 2327 638 2410 χρωμάτων,
662 2324 794 2406 άόριστον
818 2326 850 2387 δὲ
872 2325 919 2386 καὶ
940 2324 1059 2409 ἅχρουν,
1084 2324 1164 2393 ὅπως
1188 2326 1227 2406 μὴ
1251 2327 1283 2386 τό
1300 2325 1404 2386 οἰκεῖον
1427 2323 1515 2386 αὐτοῦ

264 2434 373 2513 χρῶμα
395 2433 431 2511 τῇ
457 2429 528 2510 μίξει
550 2434 589 2512 τη]
613 2429 684 2512 πρδς
707 2428 742 2490 τὰ
765 2429 900 2511 ὁρὼμενα
924 2425 961 2489 δι’
987 2427 1074 2489 αὐτοῦ
1099 2428 1241 2509 ἐμποδίζῃ
1264 2427 1316 2508 τὴν
1340 2426 1438 2508 ἀληίλη
1464 2427 1516 2509 μή-
1543 2441 1557 2483 ι»

262 2553 341 2593 νυσιν
364 2531 485 2613 αῦτὼν).
508 2533 540 2594 τὸ
564 2529 590 2594 δ’
619 2531 731 2599 ἐντοῖς
755 2530 924 2612 ὡρισμένοις
948 2553 978 2591 τε
1001 2532 1048 2592 καὶ
1072 2535 1198 2613 στερεοῖς
1222 2534 1364 2610 σὼμασιν,
1389 2532 1428 2596 ὡς
1452 2532 1517 2610 ὡρι·

204 2655 242 2700 ·20
263 2636 367 2717 σμένον
391 2633 454 2719 ἔχει
477 2637 509 2697 τὸ
533 2639 572 2702 ὡς
595 2636 732 2716 σώματος
755 2635 858 2718 σχῆμά
882 2656 911 2695 τε
934 2634 980 2695 καὶ
998 2633 1097 2715 πέρας,
1120 2633 1196 2694 οῦτω
1220 2634 1251 2695 δὲ
1267 2634 1314 2694 καὶ
1337 2634 1369 2694 τὸ
1393 2635 1433 2700 ὡς
1457 2633 1514 2694 δια-

262 2741 381 2819 φανοῦς,
404 2739 451 2800 καὶ
467 2736 543 2799 ἔστιν
566 2739 607 2806 ὡς
623 2739 779 2821 διαφανοῦς
802 2736 890 2798 αὐτοῦ
914 2737 1003 2819 πέρας
1023 2742 1141 2820 χρὼμα.
1175 2737 1207 2797 τό
1230 2736 1282 2818 γὰρ
1298 2741 1407 2820 χρὼμα
1424 2736 1512 2818 πέρας
1528 2751 1554 2791 ιο

263 2840 426 2923 ὡρισμένου
449 2842 614 2924 διαφανοῦς.
654 2840 720 2903 υότε
742 2840 797 2923 ηδιρ
821 2844 876 2901 πᾶν
900 2845 987 2921 σὼμα
1008 2839 1143 2922 διαφανές
1164 2838 1248 2919 (οῦδὲ
1269 2839 1322 2921 γὰρ
1346 2843 1402 2900 πᾶν
1426 2841 1514 2901 δεκτι-

263 2945 315 3006 κδν
337 2943 528 3027 χρωμάτων),
554 2942 621 3005 οὔτε
644 2947 700 3005 πᾶν
724 2945 860 3026 διαφανὲς
883 2942 1053 3026 ὡρισμένον.
1098 2942 1132 3004 τά
1155 2944 1187 3004 δὲ
1209 2942 1239 3003 ἐν
1262 2943 1347 3025 βάλλει
1371 2947 1427 3004 τὼν
1451 2946 1516 3025 ὡρι-

261 3047 376 3128 σμένων
405 3049 552 3130 διαφανὼν
576 3046 668 3113 οῦτως
691 3044 755 3130 ἔχει
784 3052 893 3130 χρῶμα
921 3048 961 3112 ὡς
984 3046 1152 3128 ἐπιφάνειάν
1183 3068 1213 3106 τε
1239 3047 1286 3106 καὶ
1311 3050 1422 3128 σχῆμα.
1468 3047 1557 3108 καὶὶὅ

203 3171 239 3219 25
260 3157 319 3213 τὼν
346 3152 494 3234 διαφανὼν
521 3151 553 3212 δὲ
583 3150 751 3233 ὡρισμένων
777 3150 812 3212 τά
841 3151 891 3231 μὲν
922 3149 1031 3232 μᾶλλόν
1060 3149 1135 3221 ἐστι,
1164 3148 1198 3210 τὰ
1226 3147 1250 3211 δ’
1279 3149 1364 3230 ιἠττυν
1387 3152 1513 3210 τοιαῦτα.

261 3256 388 3337 μάλιστα
417 3254 544 3337 μὲνγὰρ
568 3256 693 3337 διαφανῆ
720 3253 756 3315 τὰ
779 3256 899 3337 λαμπρά
926 3276 956 3315 τε
987 3254 1033 3315 καὶ
1056 3253 1144 3315 λευκά
1175 3255 1312 3331 σώματα,
1341 3252 1375 3334 ἧς
1399 3252 1516 3334 φύσεώς

259 3357 323 3419 ἐστι
351 3358 384 3419 τδ
411 3360 468 3439 πῦρ
494 3355 612 3437 (Εανλλδν
640 3355 693 3438 γὰρ
720 3379 756 3439 τη
787 3356 859 3438 μίξει
887 3361 937 3418 τοῦ
965 3359 1074 3418 καπνοῦ
1103 3355 1224 3437 μέλανος
1252 3353 1332 3422 ὄντος
1361 3353 1514 3436 φαίνεται),

258 3458 406 3542 δευτέρως
428 3460 528 3521 δὲκαὶ
550 3460 653 3541 τρίτως
676 3459 735 3520 ἐστὶ
752 3461 879 3542 διαφανῆ
902 3458 974 3521 κατὰ
998 3459 1049 3540 τὴν
1068 3460 1138 3540 πρός
1162 3462 1245 3520 τοῦτο
1268 3456 1436 3534 ἀπόστασιν,
1460 3457 1515 3519 ὅσα
1529 3473 1556 3514 ευ

258 3563 294 3624 δὲ
316 3562 429 3644 μέλανα
449 3566 506 3623 τὼν
523 3563 680 3643 σωμάτων,
703 3566 803 3633 ταῦτα,
828 3559 895 3623 όντα
920 3562 949 3623 ἐν
974 3561 1108 3643 στερήσει
1124 3563 1290 3644 χρώματος,
1313 3561 1361 3623 καὶ
1383 3566 1435 3642 της
1457 3563 1514 3623 δια-

201 3685 238 3732 30
258 3665 381 3749 φανείας
403 3663 565 3748 ἐστέρηται.
611 3663 674 3725 ἐπεὶ
697 3663 751 3747 γὰρ
774 3669 831 3725 τὼν
855 3687 885 3725 τε
908 3661 998 3725 όντων
1026 3664 1057 3724 τὸ
1081 3668 1189 3746 χρὼμα
1212 3664 1258 3724 καὶ
1282 3670 1339 3725 τὼν
1364 3664 1392 3724 ἐν
1416 3663 1514 3731 ἄλλοις
1598 3693 1601 3698 ·

261 3767 335 3831 εἶναι
359 3765 544 3850 πεφυκότων,
566 3765 641 3829 εἶναί
661 3789 686 3828 τι
708 3765 766 3829 ἔδει
789 3769 835 3828 καὶ
854 3772 949 3848 σὼμα,
973 3766 1003 3826 ἐν
1029 3762 1054 3849 ᾧ
1080 3768 1112 3827 τό
1136 3771 1253 3849 χρὼμα,
1277 3766 1323 3827 καὶ
1347 3764 1407 3827 ἔστι
1430 3771 1513 3828 τοῦτο
1528 3782 1555 3822 2⁸⁶

258 3872 293 3933 τό
316 3871 453 3953 διαφανὲς
476 3875 572 3948 σὼμα.
618 3869 672 3952 ῦλη
695 3869 749 3951 γὰρ
772 3873 856 3932 τοῦτο
883 3870 1032 3951 προσεχὴς
1055 3872 1227 3951 χρώματος.
1256 3868 1288 3929 τὸ
1311 3869 1361 3948 μὲν
1386 3869 1513 3951 ἐνεργείᾳ

259 3974 397 4056 διαφανὲς
419 3968 488 4056 ἔχον
517 3971 588 4034 αὐτὸ
612 3972 754 4054 ὲνερηείφ,
782 3973 814 4033 τὸ
841 3973 873 4034 δὲ
897 3974 1013 4052 δυνάμει
1042 3975 1082 4040 ὡς
1106 3972 1159 4054 ῦλη
1188 3970 1219 4032 δν
1243 3969 1379 4055 δεκτι1κόν
1402 3977 1459 4033 τὼν
1483 3997 1514 4036 τε
1538 3979 1565 4034 Ιῖ

204 4166 473 4175 ..-.--————-—-
485 4166 608 4172 .—-—-.—.

204 4281 421 4356 ἳἊριστατέλης]
442 4282 473 4334 de
491 4297 569 4334 sensu
588 4280 612 4332 3.
633 4281 738 4334 439011
877 4278 893 4349 η’)
914 4281 1008 4332 ὃλλὲλω
1026 4280 1082 4347 Spa
1106 4276 1124 4351 ᾗ
1145 4286 1179 4332 V:
1205 4280 1220 4348 λ,
1241 4283 1272 4331 B'
1408 4283 1506 4347 λέπεὶ]
1526 4285 1566 4336 ἐπὶ

203 4373 274 4425 coni.
293 4371 337 4439 Sp.
456 4368 471 4419 6
492 4368 527 4425 ὡς
545 4371 604 4420 VB:
624 4372 668 4419 τοῦ
689 4370 794 4421 FGSLa
812 4367 856 4434 Sp.
962 4369 978 4418 8
998 4375 1088 4437 χρὼμα
1109 4374 1131 4421 G
1152 4369 1363 4436 Τιειιιλυλειιλιιιιρ,ι
1383 4370 1413 4420 ad
1436 4373 1514 4422 Arist.
1535 4374 1565 4424 de

204 4456 237 4512 do
256 4475 299 4511 αα.
319 4456 381 4510 117.
400 4455 521 4509 418126:
550 4462 624 4524 σὼμα
643 4459 750 4508 VBSLa
873 4454 912 4522 γε)
938 4473 963 4506 τε
984 4457 1050 4506 coni.
1071 4457 1115 4522 Sp.
1245 4457 1275 4507 14
1304 4459 1461 4528 χρωμάτων]
1480 4463 1565 4525 σωμά-

204 4566 260 4598 των
278 4564 295 4597 ε
405 4544 433 4596 Π
453 4539 469 4617 ᾗ
489 4561 505 4594 υ
613 4544 644 4595 18
662 4538 688 4594 τ’
708 4542 871 4610 αὐρὼμεναα
981 4543 1010 4592 19
1031 4543 1095 4610 wis]
1115 4561 1129 4593 τ
1148 4560 1225 4610 supra
1246 4548 1379 4594 νωκιιιιιΥ
1488 4547 1521 4596 ’.λλ
1540 4548 1564 4597 δὲ

206 4637 275 4687 Vici.
294 4634 352 4702 Sp.:
380 4631 418 4685 δεῖ
437 4635 557 4686 VFLsu:
584 4632 615 4700 δὴ
639 4633 666 4683 in
694 4631 732 4682 lit.
752 4631 786 4682 B'·¹
893 4630 925 4680 2⁵.)
955 4630 1012 4682 οὐδὲ
1035 4633 1081 4700 γάρ
1105 4633 1171 4682 coni.
1192 4631 1248 4697 ,δραι
1277 4630 1333 4683 οὔτε
1356 4635 1401 4700 γάρ
1426 4634 1483 4684 libri

205 4724 241 4775 24
270 4721 481 4791 &anesum
511 4720 533 4788 ἔ)
554 4724 577 4771 V
597 4722 646 4791 (χει
664 4719 722 4770 add.
745 4736 811 4769 ωυιι.
832 4719 892 4784 ιιι.)
1000 4719 1031 4768 :¹ss
1051 4719 1080 4787 ἧς
1099 4717 1208 4787 φόσεως]
1227 4720 1260 4787 τη]
1279 4719 1357 4786 φὼαει,
1376 4719 1410 4775 ὡς
1429 4725 1516 4772 FGSL

205 4810 241 4862 33
263 4808 289 4860 δὲ
309 4808 411 4876 δυνάμιι
428 4807 541 4861 FGLS¹:
566 4805 592 4858 δὲ
611 4805 714 4871 δυναμισ
734 4805 859 4874 (διαφανὲς
879 4822 910 4856 1n.
932 4822 980 4857 rec.
1001 4807 1027 4856 in
1048 4807 1110 4873 mg.)
1132 4810 1162 4856 V:
1188 4806 1212 4857 δὲ
1232 4805 1347 4875 διαφανὲς
1365 4807 1466 4875 δόναμις
1485 4813 1518 4860 Β;
1539 4810 1564 4860 δὲ

204 4897 323 4969 διαφανὲς
340 4896 442 4965 δυνάμει
460 4895 513 4948 S²a
