3540 5610
212 338 273 403 132
531 335 737 393 ALEXANDRI
757 337 803 392 DE
825 337 936 392 ANmA
958 335 1050 391 LIBRI
1072 335 1244 391 MANTISSA

263 510 364 574 τεύθεν
390 512 410 596 ή
438 512 571 576 ἐντεῦθεν
597 510 671 574 εἰναι
698 511 731 575 τδ
758 511 975 597 κεχαλασμένον
1000 514 1052 574 τοῦ
1073 510 1173 594 ἀέρος,
1201 509 1277 592 λέγω
1306 511 1339 574 δὲ
1364 510 1435 595 πρδς
1455 511 1508 572 τοῦ

263 612 412 697 δρωμένου
435 615 541 697 ήπρδς
563 619 613 676 τού
637 616 779 699 όρῶντος;
802 611 919 696 εὔλογον
940 614 994 697 γὰρ
1009 614 1057 676 καὶ
1079 613 1147 676 όταν
1168 608 1189 698 ή
1214 613 1377 698 ἀφώτιστος
1398 612 1414 676 ό
1436 612 1509 695 πρδς

263 718 303 797 τή
325 715 409 800 κόρη,
432 717 447 779 ό
471 717 503 780 δὲ
524 715 742 800 πεφωτισμένος
763 717 834 801 πρὸς
853 722 896 801 τῷ
913 715 1063 800 όρωμένιρ,
1087 715 1243 780 ἐκλύεσθαι
1258 717 1343 779 πολιν
1361 716 1411 778 τδν
1426 713 1508 778 τόνον
1624 751 1628 756 ·

262 817 311 878 τδν
327 819 385 881 ἀπὸ
400 824 452 903 τής
467 816 563 904 ὄψεως
586 818 665 883 ἰόντα
679 824 793 903 πρῶτον
817 818 864 881 διὰ
878 823 929 881 τοῦ
949 819 1112 903 ἀφωτίστου
1128 816 1209 887 ὄντος
1224 819 1403 902 δυσκινήτου,
1425 817 1508 881 έκλυ·

235 918 350 983 σθέντα
372 922 404 984 δὲ
426 916 534 1004 μηκέθ’
561 920 621 984 οἷόν
643 944 676 984 τε
698 919 771 984 εἰναι
792 921 973 984 συνεντείνειν
1000 921 1048 983 τδν
1070 919 1287 1005 πεφωτισμένον
1313 921 1350 983 τὰ
1370 920 1442 1004 πρδς
1463 922 1507 1004 τῷ

265 1023 415 1108 ὁρωμένῳ.
460 1022 543 1087 οὐδὲν
565 1022 619 1106 γάρ
642 1026 752 1106 μᾶλλον
774 1020 832 1085 ἔδει
854 1021 889 1085 τά
912 1022 942 1085 ἐν
964 1028 1007 1107 τῷ
1035 1024 1111 1108 φωτὶ
1134 1024 1189 1086 ὑπὸ
1212 1022 1322 1086 τῶν-έν
1344 1026 1386 1107 τῷ
1410 1020 1507 1106 σκότῳ
1521 1038 1548 1080 τε

261 1125 385 1209 ὁρᾶσθαι
411 1126 431 1209 ή
458 1126 490 1189 τδ
517 1124 650 1210 έμπαλιν.
694 1123 736 1189 ἔτι
758 1122 850 1201 ἔστιν,
877 1124 925 1188 ότε
952 1124 1003 1188 δύο
1031 1125 1197 1208 οἰκημάτων
1223 1125 1393 1208 καταντικρύ
1416 1124 1507 1188 όντων

261 1229 309 1290 καί
332 1234 394 1312 φῶς
417 1225 560 1313 ἐχόντων,
587 1232 638 1292 τοῦ
665 1228 697 1291 δὲ
725 1226 830 1309 μεταξύ
857 1232 914 1290 τῶν
944 1228 1110 1311 οἰκημάτων
1137 1228 1221 1312 ἀέρος
1249 1225 1352 1295 σκότος
1377 1224 1506 1310 ἔχοντος,

260 1329 343 1394 οὐδὲν
369 1331 456 1416 ήττον
483 1330 629 1415 ἀλλήλους
655 1331 760 1414 ὁρῶσιν
787 1329 821 1392 ἐκ
846 1335 905 1393 τῶν
931 1329 1112 1413 οἰκημάτων,
1139 1330 1230 1394 καίτοι
1258 1333 1309 1393 τοῦ
1334 1328 1439 1412 μεταίίν
1462 1330 1504 1415 μή

221 1449 248 1492 10
262 1433 510 1517 συνεκτεινομένου
533 1432 627 1518 ἀέρος.
669 1437 733 1502 πῶς
754 1431 815 1496 οἷόν
837 1455 869 1495 τε
889 1436 973 1496 τοῦτο
996 1433 1174 1517 συμβαίνειν;
1199 1431 1240 1496 ἔτι
1261 1432 1298 1496 τό
1319 1431 1410 1516 ἀστρα
1432 1430 1507 1494 αὐτὰ

260 1535 307 1599 διά
329 1536 357 1599 τί
369 1534 480 1620 ήμέρας
503 1534 554 1616 μέν
577 1533 634 1619 οἰνχ
649 1534 773 1618 δρῶμεν,
796 1534 905 1619 νύκτωρ
928 1535 961 1598 δὲ
981 1535 1108 1618 όρῶμεν;
1132 1534 1296 1619 φαινόμεθα
1310 1534 1363 1619 γάρ
1379 1534 1507 1597 ἐνταῦθα

259 1639 309 1701 τὸν
337 1638 457 1722 ζοφερὸν
486 1639 537 1720 μὲν
564 1637 636 1720 ἀέρα
662 1637 711 1701 καί
737 1642 901 1700 συνεστῶτα
932 1639 1045 1701 δυνατοὶ
1072 1636 1152 1707 ὄντες
1179 1637 1308 1701 ἐντείνειν
1336 1635 1423 1721 μέχρι
1448 1640 1506 1699 τῶν

260 1739 383 1825 ἀστρων,
406 1741 454 1803 τδν
476 1741 509 1803 δὲ
528 1738 740 1824 διακρινόμενον
763 1740 811 1803 καί
833 1738 1026 1824 ἀλεεινότερον
1049 1741 1097 1802 καί
1119 1738 1167 1803 διά
1181 1742 1265 1802 τοῦτο
1288 1742 1397 1820 μᾶλλον
1420 1738 1506 1823 ἰσχύν

259 1840 375 1927 ἔχοντα,
399 1843 440 1912 ὥς
454 1863 551 1927 φασιν,
575 1843 648 1926 μήτε
671 1841 790 1904 ἐντεῖναι
813 1844 887 1926 μήτε
909 1842 1054 1925 ἀπερεῖσαι
1077 1842 1230 1924 δυνάμενοι
1252 1840 1339 1927 μέχρι
1353 1841 1504 1917 τοσούτου,
1518 1856 1547 1898 ιο

223 1960 248 2005 15
262 1946 337 2008 ἀλλὰ
360 1945 447 2030 μέχρι
469 1947 569 2030 πολλῷ
585 1944 744 2013 ἐλάττονος.
778 1946 854 2008 ἀλλὰ
876 1946 990 2028 καὶτῆς
1009 1945 1133 2028 σελήνης
1154 1942 1338 2027 ὑπελθούσης
1359 1944 1408 2006 τδν
1423 1944 1506 2028 ήλιον

259 2049 307 2111 καί
328 2045 453 2132 ἔκλειψιν
476 2050 602 2131 παντελῆ
624 2045 713 2109 αὐτοῦ
736 2050 899 2132 ποιησάσης
925 2047 1038 2110 δυνατοί
1060 2047 1199 2129 γινόμεθα
1225 2049 1368 2111 συστάντα
1389 2049 1438 2111 καί
1461 2052 1506 2120 ζο-

258 2149 395 2235 φωθέντα
417 2151 465 2213 τὸν
488 2149 561 2234 ἀέρα
581 2149 712 2213 ἐντείνειν
735 2149 792 2219 έως
814 2154 871 2213 τῶν
891 2148 1004 2234 ἄστρων
1027 2151 1082 2233 πρὸ
1097 2153 1148 2212 τοῦ
1171 2150 1212 2233 μή
1234 2150 1395 2233 δυνάμενοι.
1429 2151 1506 2214 ἀλλά

258 2253 306 2316 καί
330 2253 359 2316 έν
382 2253 438 2336 ύλη
462 2252 570 2334 συσκίιρ
594 2250 674 2321 ὄντες
699 2252 718 2335 ἢ
742 2251 772 2314 ἐν
795 2252 883 2336 βαθεῖ
902 2251 1005 2336 φρέατι
1030 2253 1062 2315 τὸ
1089 2251 1160 2314 αύτδ
1182 2256 1330 2335 ποιοῦμεν.
1374 2253 1505 2336 φαίνεται
1573 2313 1576 2317 .

255 2355 310 2438 γὰρ
338 2355 396 2418 ἀπὸ
424 2359 480 2419 τῶν
510 2354 646 2418 τοιούτων
676 2353 772 2416 τόπων
806 2356 875 2438 ήμῖν
903 2353 994 2438 ἄστρα
1026 2355 1074 2417 καὶ
1101 2353 1168 2436 μεθ’
1196 2352 1316 2440 ἡμέραν.
1365 2352 1408 2417 ἔτι
1434 2353 1504 2418 όταν

216 2457 371 2541 υυύρῶμεν
393 2457 429 2520 τά
451 2458 480 2521 έν
503 2462 547 2542 τῷ
570 2459 661 2541 ὑγρῷ,
685 2458 732 2519 καί
754 2457 787 2519 τδ
809 2459 886 2539 όδωρ
909 2462 951 2541 τῷ
975 2455 1037 2541 ἀέρι
1061 2457 1264 2520 συνεντείνεται
1284 2457 1304 2540 ἢ
1327 2454 1376 2537 ού;
1402 2457 1428 2520 εἰ
1451 2459 1504 2541 μέν

258 2560 312 2645 γὰρ
336 2561 376 2643 μή
393 2561 604 2636 συνεντείνεται,
627 2559 684 2645 οὐχ
699 2559 791 2628 ούτως
812 2559 845 2621 τδ
861 2559 941 2641 ύράν.
975 2558 1076 2643 δρᾶται
1097 2558 1151 2643 γάρ
1172 2560 1220 2623 καί
1242 2560 1278 2623 τὰ
1293 2558 1323 2622 έν
1344 2563 1388 2645 τῷ
1412 2559 1503 2623 ύδατι.
1517 2574 1547 2617 ισ

256 2662 283 2724 εἰ
310 2662 342 2724 δὲ
369 2663 571 2726 συνεντείνεται
604 2664 652 2727 καί
678 2663 711 2725 τδ
737 2662 831 2745 ὕδωρ,
863 2660 936 2724 πολὺ
963 2661 1156 2747 εὐλογώτερον
1189 2663 1238 2725 τδν
1272 2662 1392 2747 ίοφερδν
1419 2661 1502 2748 ἀέρα.

256 2762 428 2848 πυκνότερον
450 2764 504 2849 γὰρ
526 2766 559 2828 τό
583 2765 660 2848 ύδωρ
683 2768 785 2848 μακρῷ
809 2763 920 2827 τούτου.
965 2765 991 2826 εἰ
1013 2764 1059 2844 δέ,
1090 2763 1134 2828 ότι
1157 2765 1261 2849 μανύς,
1284 2767 1300 2828 ό
1324 2766 1445 2849 ζοφερὸς
1467 2766 1502 2830 ού

259 2866 473 2941 συνεντείνεται,
496 2870 597 2952 πολλῷ
614 2868 722 2949 μᾶλλον
744 2871 795 2929 τοῦ
812 2866 915 2936 ύδατος
933 2867 949 2930 δ
970 2867 1188 2953 πεφωτισμένος
1210 2868 1299 2951 μανὸς
1318 2868 1358 2930 ὢν
1383 2866 1418 2931 οἰν
1440 2888 1503 2930 συν·

138 3048 140 3053 .
217 2969 415 3032 κσεντείνεται.
459 2966 501 3032 ἔτι
528 2969 558 3032 έν
584 2967 666 3054 αὐτῷ
695 2972 738 3054 τῷ
766 2969 846 3032 ύδατι
873 2968 951 3038 ὄντες
977 2970 1091 3055 δρῶμεν
1118 2968 1182 3034 ἔσθ’
1209 2969 1259 3034 ότε
1284 2970 1320 3033 τά
1347 2969 1377 3033 έν
1403 2970 1499 3055 βυθῷ,

257 3073 348 3136 καίτοι
371 3071 494 3156 μηδενὸς
516 3070 600 3155 ἀέρος
620 3057 812 3140 συνάπτοντος
833 3076 870 3156 τη
894 3070 983 3156 κόρη·
1008 3074 1084 3135 ὥστε
1105 3073 1254 3136 καὶτοῦτο
1277 3075 1381 3158 ψεῦδος
1402 3072 1435 3134 τδ
1458 3072 1501 3134 λε’-

258 3198 318 3257 γειν
339 3174 387 3238 διὰ
409 3179 461 3257 τής
475 3176 526 3237 τοῦ
549 3173 653 3256 μεταξύ
677 3173 762 3258 ἀέρος
781 3177 978 3245 συνεντάσεως
1000 3169 1033 3238 ’τδ
1055 3176 1125 3258 όρᾶν
1146 3175 1284 3258 γίνεσθαι.
1317 3172 1359 3238 ἔτι
1380 3174 1417 3238 τό
1439 3171 1502 3237 ένυ-

261 3279 315 3362 δρα
336 3282 400 3346 πῶς
422 3275 483 3340 υἰόν
506 3298 537 3339 τε
560 3276 640 3361 όράν,
662 3275 741 3361 εἴπερ
765 3278 806 3359 μή
829 3275 904 3340 ἐστιν
930 3276 961 3339 ἐν
984 3283 1025 3364 τῷ
1049 3278 1131 3341 ύδατι
1152 3278 1225 3361 ἀήρ;
1256 3277 1283 3340 εἰ
1305 3277 1337 3341 δὲ
1358 3277 1500 3361 φήσουσιν
1514 3295 1544 3337 το

256 3357 304 3444 νίαἰ
326 3377 356 3441 έν
379 3378 498 3447 ἐκείνοις
524 3377 597 3441 εἰναι
624 3378 710 3463 ἀέρα,
739 3382 803 3448 πῶς
830 3379 883 3442 οὐκ
908 3380 1126 3464 έκπυρηνίζεται
1152 3379 1236 3450 οὗτος
1262 3380 1296 3444 έκ
1324 3383 1375 3443 τού
1398 3380 1501 3450 ύδατυς

215 3497 243 3542 ου
256 3481 438 3553 ἐπιπολάζειν
460 3479 542 3566 αὐτῷ
558 3483 709 3566 πεφυκώς;
732 3478 774 3544 ἔτι
789 3482 814 3544 εἰ
836 3483 869 3544 τδ
884 3487 948 3567 φῶς
970 3487 1057 3567 σῶμα
1078 3481 1110 3546 ὃν
1131 3484 1179 3546 καί
1202 3481 1238 3547 δι’
1259 3483 1361 3552 ύδατος
1382 3483 1431 3546 καὶ
1454 3483 1501 3548 διά

256 3590 314 3649 τῶν
337 3582 434 3647 άλλων
449 3583 649 3669 κεχωρηκέναι
664 3583 806 3666 λέγουσιν,
829 3586 917 3667 δῆλον
933 3586 983 3660 ὡς,
1007 3583 1040 3647 ἀν
1063 3588 1141 3669 φανή
1157 3585 1190 3648 τό
1212 3590 1275 3670 φῶς
1291 3585 1332 3668 μὴ
1355 3583 1387 3648 ὃν
1403 3590 1500 3668 σῶμα,

255 3688 336 3756 κενδς
358 3688 375 3750 ό
397 3686 481 3768 λόγος
503 3685 538 3749 ἀν
560 3685 617 3772 εἴη.
654 3686 680 3749 εἰ
701 3688 764 3772 γάρ,
788 3685 859 3750 διότι
881 3692 978 3771 σῶμα,
1000 3685 1139 3770 έπέρεισις
1160 3687 1241 3773 αὐτῷ
1262 3687 1378 3769 γίνεται,
1402 3686 1435 3750 ἀν
1459 3690 1500 3772 μὴ

255 3793 348 3873 σῶμα·
364 3785 401 3871 ᾖ,
428 3791 516 3872 δῆλον
539 3787 584 3851 ότι
605 3788 927 3874 οἰνκέπερεισθήσεται.
972 3785 1014 3851 έτι
1036 3794 1099 3859 πῶς
1124 3789 1158 3852 ού
1181 3791 1359 3874 συγκρίνεται
1387 3795 1424 3874 τή
1449 3796 1500 3854 τοῦ

256 3893 360 3960 ύδατος
373 3890 533 3976 ψυχρότητι
554 3891 587 3954 τδ
610 3894 673 3975 φῶς
686 3895 771 3955 τοῦτο
793 3893 842 3956 καί
856 3890 979 3954 παύεται
1000 3895 1050 3954 τοῦ
1069 3896 1133 3976 φῶς
1154 3891 1235 3967 εἰναι,
1257 3891 1338 3977 εἰπερ
1361 3895 1499 3978 διακρίσει
1513 3912 1540 3954 4ο

215 4011 242 4055 35
255 3998 319 4080 φῶς
340 3994 430 4078 ἐστιν;
454 3992 495 4058 ἔτι
511 3994 560 4057 καί
582 3994 692 4063 ἐντοῖς
713 3996 815 4078 πάγοις
836 3994 927 4080 έχρήν
943 3993 1028 4078 ήττον
1050 3999 1114 4079 φῶς
1135 3995 1273 4078 γίνεσθαι,
1295 3997 1428 4082 καθάπερ
1451 3999 1499 4062 καὶ

255 4098 353 4163 ἀλέαν.
386 4097 420 4160 τδ
441 4096 495 4181 γὰρ
520 4096 560 4180 μὴ
585 4096 789 4181 συγκρίνεσθαι
810 4098 843 4161 τδ
864 4101 978 4181 πνεῦμα
1000 4097 1102 4166 ύδατος
1123 4098 1344 4184 συγκρινομένου
1366 4102 1414 4165 καί
1436 4124 1501 4186 κρυ·

255 4205 379 4268 στάλλου
400 4200 549 4285 γινομένου
572 4202 746 4285 παράλογον,
768 4201 794 4264 εἰ
815 4198 849 4283 γέ
871 4201 946 4264 ἐστιν
969 4199 1026 4284 ἀήρ
1049 4201 1261 4288 διακρινόμενος
1282 4203 1315 4266 τδ
1337 4208 1410 4288 φῶς.
1448 4208 1501 4269 τού

255 4305 309 4391 γάρ
333 4305 435 4372 ύδατος
457 4296 678 4388 συγκρινομένου
701 4305 748 4367 καί
771 4295 952 4388 πηγνυμένου
974 4303 1022 4365 τδν
1038 4302 1110 4387 ἀέρα
1132 4304 1344 4390 εὐπαθέστερον
1367 4305 1435 4371 ὄντα
1458 4308 1498 4391 μὴ

202 4596 218 4650 5
237 4595 279 4665 τὰ]
299 4597 407 4650 fortasse
426 4596 469 4650 τὸν
571 4596 586 4648 7
605 4593 664 4649 κατ’
685 4595 789 4669 ἀντικρύ
808 4613 835 4651 a:
854 4593 913 4650 κατ’
934 4596 1037 4670 ἀντικρυ
1055 4597 1078 4651 V
1176 4596 1256 4652 θεοῦ
1274 4596 1300 4652 δὲ
1320 4600 1355 4651 v=
1373 4602 1418 4653 τού
1436 4599 1472 4670 μή
1492 4596 1553 4654 δίο

202 4683 271 4737 8-9
291 4685 361 4756 ἀέρος
379 4700 462 4753 usque
480 4683 513 4736 ad
531 4689 584 4736 τῶν
603 4685 750 4755 οἰκημάτων
768 4700 818 4738 om.
836 4700 852 4737 υ
959 4685 990 4739 13
1011 4685 1177 4758 ἀλεεινότερον
1196 4688 1231 4739 K:
1251 4686 1430 4758 ἀλαιτινότερον
1447 4689 1488 4741 Va

203 4773 234 4825 17
253 4771 370 4825 ἐκτείνειν
389 4772 429 4824 Ka
538 4772 568 4824 19
592 4760 679 4842 mv
785 4772 820 4825 20
841 4773 926 4825 τάλίε
945 4792 973 4826 τε
991 4775 1032 4826 Ka
1138 4775 1184 4843 μὲν
1202 4775 1296 4827 οιυ.Κ
1402 4775 1435 4827 23
1459 4772 1497 4828 ότι
1515 4776 1551 4829 V:

202 4859 250 4932 ἀρα
268 4860 309 4912 Κο
409 4858 438 4912 οἰν
456 4874 507 4913 om.
525 4860 566 4913 Ka
665 4859 700 4913 30
718 4859 839 4930 πεφυκώς
856 4861 893 4913 K:
911 4867 1075 4930 πτφυκῶςυτ
1094 4862 1247 4932 πτφυκόςλί
1352 4862 1386 4916 34
1404 4867 1449 4916 τού
1467 4877 1552 4916 ουκυ

201 4947 234 5000 36
253 4945 342 5000 ἀλαίαν
360 4947 400 5001 Va
505 4947 644 5020 κρυστάλον
662 4965 678 5002 ι
