3540 5610
654 345 710 416 [DE
735 347 841 400 ΑΝΙΜΑ
868 347 967 401 LIBER
993 349 1118 418 ALTER]
1506 350 1566 414 165

260 524 314 602 της
336 517 528 602 εὐδαιμονίας.
570 520 605 582 τὰ
628 522 660 583 δὲ
683 521 836 604 σωματικὰ
858 522 905 583 καὶ
929 521 963 583 τδι
986 521 1069 588 έκτδς
1090 525 1140 582 τοῦ
1164 522 1320 606 οῖνύρώπου
1344 522 1431 585 ένεκά
1453 523 1513 585 ἐστι

260 623 309 683 καὶ
333 616 352 703 4,
376 619 545 705 οῖνύρωπος,
575 622 653 686 ὥστε
675 625 722 686 καὶ
745 628 797 706 της
819 621 1009 706 εὐδαιμονίας.
1055 622 1107 686 οὐκ
1129 622 1275 709 αὐτάρκης
1301 624 1358 709 ἄρα
1380 626 1398 708 4,
1424 626 1511 709 ἀρετὴ

260 724 333 806 πρὸς
359 724 392 785 τδ
419 724 510 792 τέλος.
555 723 596 787 ἔτι
619 725 645 787 εἰ
667 727 765 810 ὥσπερ
796 726 870 788 κατὰ
892 730 957 788 νοῦν
984 727 1116 809 πράττειν
1144 726 1265 808 λέγομέν
1294 751 1356 790 τινα
1385 727 1442 812 οὐχ
1470 727 1513 790 δτι

259 831 327 888 νοῦν
350 824 429 911 ἔχων
452 829 570 910 πράττει
592 827 673 897 ὅπως
695 831 742 912 δή,
765 828 825 890 ἀλλ’
847 827 890 890 δτι
913 831 953 897 ὡς
976 831 1072 897 δνοῦς
1094 829 1237 912 βούλεται,
1261 832 1307 892 καὶ
1324 831 1397 893 κατὰ
1412 832 1512 915 ψυχὴν

229 928 318 1014 τούχ
346 928 390 992 ὅτι
416 931 514 1014 ψυχὴν
542 928 635 1015 ἔχων,
664 928 723 993 ἀλλ’
751 931 795 994 δτι
822 934 863 998 ὡς
890 933 908 1014 4,
938 933 1022 1017 ψυχὴ
1047 931 1194 1016 βούλεται,
1216 933 1308 1002 οὕτως
1331 934 1378 996 καλ
1401 935 1417 996 δ
1440 934 1513 997 κατὰ

259 1031 367 1115 ἀρετὴν
390 1033 523 1115 πράττων
546 1033 664 1116 πράττοι
693 1031 726 1094 ἄν
755 1033 829 1097 κατὰ
857 1034 961 1117 αἱρετὴν
989 1033 1046 1119 οὐχ
1074 1033 1117 1096 δτι
1144 1032 1207 1119 ἔχει
1234 1035 1354 1120 ἀρετήν,
1382 1033 1442 1098 ἀλλ’
1470 1034 1514 1097 δτι

259 1138 300 1203 ὡς
323 1136 342 1217 4,
366 1137 454 1219 αἱρετὴ
479 1135 625 1220 βούλεται,
649 1138 697 1198 καὶ
720 1136 749 1198 ἐν
773 1136 815 1204 οῖς
839 1138 886 1199 καὶ
910 1134 944 1199 δι’
974 1138 1024 1199 ὧν.
1070 1133 1146 1199 ἔστιν
1170 1139 1202 1199 δὲ
1225 1138 1256 1200 τδ
1279 1137 1460 1219 εὐδαιμονεῖν
1482 1136 1512 1197 ἐν
1527 1154 1553 1196 οτι

260 1243 303 1321 τῷ
328 1239 402 1302 κατὰ
424 1239 529 1323 ἀρετὴν
552 1239 695 1321 πράττειν.
738 1241 771 1302 τδ
795 1238 972 1321 εὐδαιμονεῖν
997 1239 1052 1323 ἄρα
1076 1239 1151 1302 ἐστὶν
1178 1238 1272 1323 ἐντῷ
1297 1240 1370 1302 κατὰ
1392 1241 1424 1302 τδ
1448 1242 1512 1326 βού-

261 1345 342 1424 λημα
365 1347 416 1425 τῆς
438 1342 553 1425 α’ρετῖης.
598 1341 671 1404 κατὰ
694 1341 827 1426 βούλημα
854 1343 887 1406 δὲ
909 1348 960 1425 τῆς
983 1344 1088 1427 ἀρετῆς
1111 1343 1187 1405 ἐστιν
1209 1342 1242 1404 τδ
1265 1341 1337 1405 εῖναι
1361 1343 1513 1424 μετὰτῶν

216 1460 245 1504 ιο
259 1448 405 1508 ἐκλεκτῶν
432 1468 464 1506 τε
487 1442 561 1527 αὐτῇ
590 1444 638 1505 καὶ
665 1443 778 1506 οἰκείων
806 1445 853 1507 καὶ
881 1444 971 1528 αὐτῆς
1000 1445 1084 1507 ἕνεκα
1108 1443 1392 1526 κατεσκευασμένων.
1437 1447 1513 1529 φορὰ

260 1548 318 1631 ἄρα
342 1548 391 1610 καὶ
406 1551 497 1609 ταῦτα
512 1546 582 1630 πρὸς
604 1546 656 1628 τὴν
678 1546 750 1608 κατὰ
770 1547 875 1629 αἱρετὴν
891 1547 1044 1631 ἐνέργειαν,
1067 1547 1210 1610 τουτέστιν
1227 1547 1298 1632 πρὸς
1319 1545 1511 1631 εὐδαιμονίαν.

259 1651 285 1712 εἰ
308 1652 342 1713 δὲ
365 1655 459 1723 τοῦτο,
483 1648 536 1712 οὐκ
558 1648 704 1732 αὐτάρκης
726 1650 744 1732 ἡ
769 1649 866 1734 αἱρετή.
910 1649 952 1713 ἔτι
975 1651 1073 1732 ὥσπερ
1096 1654 1140 1734 τῷ
1163 1648 1277 1731 αὐλητῇ
1302 1647 1400 1734 [πρὸς]
1423 1650 1455 1712 τδ
1479 1648 1511 1714 εὐ

258 1753 358 1816 αὐλεῖν
386 1754 416 1816 ἐν
443 1759 485 1836 τῷ
508 1751 605 1814 αὐλεῖν
632 1752 708 1814 ἐστιν
736 1753 783 1815 καλ
810 1752 863 1815 οὐκ
886 1751 961 1816 ἔστιν
990 1754 1145 1837 ἀδιάφορον
1173 1759 1215 1837 τῷ
1243 1754 1357 1839 αὐλητῇ
1387 1759 1458 1838 πρὸς
1480 1755 1513 1815 τδ

258 1855 292 1919 εδ
316 1856 414 1919 αὐλεῖν
437 1855 485 1917 καὶ
501 1855 533 1916 τῦ
555 1854 626 1918 ἴδιον
648 1855 730 1924 τέλος
752 1855 785 1917 τύ
802 1854 899 1918 αὐλεῖν
922 1857 1045 1938 (δμοίως
1068 1857 1101 1919 δὲ
1120 1858 1167 1918 καὶ
1185 1856 1231 1918 ἐπὶ
1248 1863 1305 1919 τῶν
1328 1857 1425 1920 ἄλλων
1449 1879 1512 1940 τεχ-
1526 1874 1554 1915 ιυ

218 1975 245 2018 15
258 1960 345 2042 νῶν),
368 1959 461 2027 οὕτως
484 1958 540 2029 καί,
563 1959 589 2020 εἰ
611 1963 654 2042 τῷ
677 1957 893 2040 εὐδαιμονοῦντι
915 1958 945 2020 ἐν
969 1965 1010 2040 τῷ
1034 1959 1067 2023 εὐ
1090 1965 1142 2044 ζην
1165 1960 1240 2023 ἐστιν
1263 1961 1295 2022 τδ
1319 1959 1511 2044 εὐδαιμονεῖν,

258 2063 314 2125 οὐκ
337 2061 372 2125 ἂν
395 2059 440 2143 εῖη
464 2059 546 2144 αὐτῷ
570 2061 727 2144 ἀδιάφορον
750 2060 782 2122 τδ
805 2064 857 2145 ζῆν
880 2062 951 2144 πρὸς
972 2063 1004 2125 τδ
1028 2061 1060 2126 εὐ
1083 2068 1145 2145 ζῆν,
1169 2063 1244 2124 ἀλλὰ
1266 2065 1417 2126 συντελοῦν
1440 2063 1512 2146 πρὸς

257 2167 291 2229 τδ
315 2163 349 2228 εὐ
373 2169 435 2248 ζῆν.
470 2164 496 2226 εἰ
518 2164 550 2226 δέ
572 2167 666 2235 τοῦτο,
689 2162 744 2226 οὐκ
766 2162 911 2248 αὐτάρκης
934 2165 1057 2249 ἡάρετὴ
1082 2166 1152 2247 πρὸς
1175 2166 1206 2227 τδ
1227 2165 1318 2241 τέλος,
1341 2164 1372 2228 εῖ
1382 2189 1414 2247 γε
1439 2165 1513 2228 κατὰ

258 2269 368 2351 ταύτην
391 2267 425 2349 οὐ
449 2267 481 2329 τὸ
505 2271 567 2350 ζην,
591 2266 666 2329 ἀλλὰ
688 2267 720 2328 τὸ
744 2263 776 2328 εὐ
799 2267 869 2349 ἡμῖν
893 2269 1062 2351 περιγίνεται
1085 2267 1182 2350 μόνον.
1223 2265 1264 2330 ἔτι
1286 2269 1312 2331 εἰ
1335 2268 1350 2331 δ
1374 2269 1425 2351 τὴν
1448 2270 1512 2351 οἱμε-

256 2370 311 2452 τῖην
335 2366 414 2453 ἔχων
439 2371 564 2452 μάλιστα
588 2367 620 2431 ἂν
644 2373 775 2453 παρεῖναι
797 2369 877 2452 αὐτῷ
902 2369 1033 2452 βούλοιτο
1056 2373 1092 2433 τά
1114 2394 1145 2433 τε
1168 2371 1319 2452 σωματικὰ
1343 2370 1440 2453 α’γαύδι
1463 2370 1511 2433 καὶ

211 2489 243 2534 20
256 2474 294 2536 τὰ
310 2472 405 2546 ἐκτός,
427 2474 475 2535 καὶ
492 2471 620 2556 παρόντα
641 2496 673 2534 τε
688 2475 826 2556 φυλάττοι
848 2476 895 2536 καὶ
921 2476 961 2558 μὴ
980 2472 1106 2556 παρόντα
1126 2472 1272 2555 έκλέγοιτδ
1295 2496 1326 2536 τε
1341 2475 1388 2536 καὶ
1405 2477 1509 2558 κτῷτο,

256 2577 307 2639 καὶ
330 2575 402 2658 ὑπὲρ
425 2574 520 2638 αὐτῶν
547 2574 662 2660 εὐχοιτο
685 2581 745 2645 τοῖς
768 2576 861 2649 δευῖς,
889 2579 976 2660 δῆλον
1003 2579 1044 2645 ὡς
1067 2576 1273 2657 ἐλαττούμενος
1295 2576 1366 2658 πρὸς
1389 2577 1421 2639 τδ
1444 2599 1510 2658 προ·
1525 2591 1552 2634 ιτ

256 2680 390 2761 κείμενον
412 2678 518 2756 αὐτῶν,
542 2678 568 2740 εἰ
589 2679 628 2762 μὴ
653 2679 756 2761 παρείη
779 2683 878 2753 ταῦτα,
902 2677 1025 2763 βούλοιτ’
1055 2678 1089 2741 δν
1112 2679 1195 2741 αὐτά.
1230 2679 1255 2741 εἰ
1278 2680 1310 2741 δέ
1332 2679 1511 2754 ἐλαττοῦται,

257 2787 318 2844 τῶν
341 2780 476 2843 ἐναντίων
501 2779 611 2850 τούτοις
633 2779 782 2865 παρέντων
805 2781 903 2867 αὐτῷ,
925 2787 989 2851 πῶς
1012 2781 1171 2864 εὐδαίμωνς
1200 2778 1241 2844 ἔτι
1264 2780 1290 2843 εἰ
1312 2783 1360 2844 τὸν
1384 2782 1435 2865 μὲν
1457 2783 1510 2865 την

255 2884 363 2968 ἀρετὴν
392 2883 498 2970 ἔχοντα
526 2882 675 2969 ἐνδέχεται
702 2885 854 2966 μαίνεσθαι
881 2886 928 2947 καὶ
950 2888 1059 2955 νοσεῖν,
1087 2883 1266 2966 εὐδαιμονεῖν
1290 2885 1321 2946 δέ
1343 2885 1391 2947 τδν
1415 2885 1511 2968 μαινύ-

211 3003 240 3046 ’.ο
256 3010 355 3070 μενον,
379 2987 428 3050 ὅτε
449 2988 589 3069 μαίνεται,
612 2989 695 3071 ῆτύν
716 2992 855 3050 νοσοῦντα
879 2987 961 3069 ιἠτύν
978 2991 1158 3071 κοιμώμενον
1182 2986 1276 3054 οὐδεὶς
1298 2984 1331 3047 ἂν
1347 2985 1431 3067 εἴποι,
1456 2987 1509 3050 οὐκ

257 3090 294 3154 ἄν
315 3091 362 3175 εῖη
385 3091 418 3153 τδ
434 3089 614 3174 εὐδαιμονεῖν
636 3091 666 3152 ἐν
687 3094 732 3175 τιγῖ
754 3089 806 3173 τὴν
829 3090 934 3173 ἀρετὴν
957 3087 1044 3174 ἔχειν.
1079 3087 1120 3151 έτι
1143 3089 1169 3151 εἰ
1192 3088 1268 3158 δλως
1290 3090 1361 3172 πρὸς
1383 3088 1415 3150 τὸ
1438 3087 1512 3151 εἶναί

255 3216 289 3256 τε
310 3194 360 3256 καὶ
382 3194 517 3257 ὁπωσοῦν
541 3194 664 3277 ἐνεργεῖν
686 3195 705 3276 4,
729 3193 818 3277 ἀρετὴ
842 3192 935 3255 δεῖταί
954 3214 1047 3266 τινων,
1071 3191 1100 3254 ἐν
1121 3193 1211 3274 δέτῖγ
1238 3189 1300 3254 κατ’
1320 3191 1410 3274 αὐτὴν
1433 3190 1510 3274 ἐνερ-

254 3298 320 3378 γεία
343 3296 376 3358 τδ
399 3294 578 3379 εὐδαιμονεῖν
601 3321 672 3370 τινα,
696 3302 758 3363 πῶς
781 3294 815 3358 ἂν
839 3294 983 3378 αὐτάρκης
1006 3295 1076 3378 πρδς
1099 3294 1279 3377 εὐδαιμονίαν
1303 3292 1360 3378 εἴη,
1384 3295 1507 3380 δεομένη
1522 3311 1550 3353 ευ

253 3406 340 3461 τινῶν
364 3396 473 3468 ἔξωθεν
496 3400 567 3483 πρὸς
591 3399 622 3461 τδ
644 3399 780 3483 ἐνεργεῖν,
806 3398 836 3460 ἐν
860 3395 884 3483 ᾧ
909 3399 941 3459 τδ
964 3397 1156 3478 εὐδαιμονεῖν;
1185 3394 1226 3459 ἔτι
1248 3397 1274 3458 εἰ
1297 3401 1340 3481 τῷ
1364 3402 1449 3482 σοφῷ
1473 3399 1509 3461 τὰ

211 3503 329 3566 νυκατδ
352 3501 437 3586 φύσιν
464 3501 584 3586 δρεκτά,
610 3500 726 3570 οὐδενδς
752 3502 784 3564 δὲ
813 3503 905 3584 μάτην
933 3501 948 3562 δ
972 3501 1062 3583 σοφδς
1085 3498 1229 3582 δρέγεται,
1258 3496 1322 3583 ἔχοι
1351 3498 1384 3562 ἂν
1407 3504 1507 3571 ταῦτα,

256 3606 299 3667 ὧν
322 3603 469 3687 ὀρέγεται,
496 3605 567 3688 πρὸς
589 3604 622 3667 τὸ
645 3603 727 3673 τέλος
751 3604 784 3667 τδ
807 3604 911 3667 οἰκεῖον
940 3601 1029 3664 αὐτοῦ
1058 3601 1108 3684 τὴν
1132 3601 1278 3685 ἀναφορὰν
1307 3603 1354 3664 καὶ
1378 3605 1511 3665 συντελοῖ

254 3707 291 3771 οἷν
315 3730 341 3769 τι
363 3706 445 3791 αὐτηῖ
469 3708 540 3790 πρδς
566 3707 756 3787 εὐδαιμονίαν.
802 3704 844 3768 ἔτι
866 3705 930 3788 ἦτοι
953 3703 1166 3788 προσχρωμένη
1194 3704 1265 3766 τισὶν
1293 3705 1311 3787 4,
1335 3704 1424 3788 ἀρετὴ
1448 3728 1508 3786 τυγ·

255 3813 343 3896 χάνει
366 3814 416 3872 τοῦ
439 3810 537 3877 τέλους
559 3808 671 3892 ᾓδλως
693 3808 768 3892 αὐτὴ
791 3805 858 3871 καθ’
886 3809 986 3891 αὑτήν.
1023 3808 1050 3870 εἰ
1073 3808 1124 3889 μὲν
1147 3806 1183 3889 δὴ
1207 3806 1431 3891 προσχρωμένη,
1455 3806 1508 3870 οὐκ

255 3913 404 3997 αὐτάρκης
427 3910 506 3976 ἔσται
530 3912 601 3998 πρδς
624 3912 657 3974 τδ
679 3911 770 3981 τέλος,
797 3911 822 3973 εἰ
845 3909 968 3974 δὲκαθ’
995 3911 1095 3994 αὐτην,
1118 3909 1221 3972 ταύτδν
1244 3907 1325 3972 ἔσται
1347 3911 1436 3992 ἀρετὴ
1460 3910 1509 3972 καὶ

212 4034 241 4077 ,τε
256 4016 436 4098 εὐδαιμονία.
474 4014 548 4077 ἀλλὰ
572 4014 687 4098 δρῶμεν
710 4013 849 4077 α’δύνατυν
872 4013 920 4076 ἐπὶ
942 4017 999 4074 τῶν
1021 4018 1132 4098 τεχνῶν
1155 4012 1187 4075 τδ
1213 4012 1216 4086 ξ
1241 4016 1382 4074 τοιοῦτον·
1405 4017 1490 4096 τριῶν
1513 4028 1562 4074 τοο

255 4121 312 4203 γὰρ
335 4120 382 4181 δεῖ
403 4117 470 4180 καθ’
497 4119 621 4200 ἑκάστην
644 4118 715 4200 πρὸς
737 4117 769 4178 τδ
791 4116 882 4193 τέλος,
906 4120 956 4177 τοῦ
979 4115 1079 4184 τέλους
1101 4116 1148 4178 καὶ
1170 4119 1221 4177 τοῦ
1243 4116 1434 4198 τυγχάνοντος
1457 4121 1507 4179 τοῦ

258 4224 360 4291 τέλους
382 4221 430 4285 καὶ
452 4225 502 4285 τοῦ
518 4220 703 4306 ἐπιφέροντος
724 4220 756 4281 τδ
780 4218 876 4286 τέλος·
901 4219 916 4280 δ
940 4218 991 4300 μὲν
1013 4217 1068 4300 γὰρ
1091 4219 1240 4302 τυγχάνων
1256 4218 1351 4299 ἰατρὸς
1374 4216 1463 4303 ἧκυβ
1482 4242 1508 4302 ρ-

254 4329 358 4411 νήτης,
385 4324 419 4387 τδ
440 4325 473 4387 δέ
495 4324 577 4392 τέλος
599 4325 618 4407 4,
641 4321 762 4385 εῦπλοια
791 4321 809 4406 4,
833 4321 939 4403 ὑγίεια,
971 4319 1050 4383 τὸδ’
1079 4319 1215 4405 ἐπιφέρον
1239 4325 1328 4384 ταῦτα
1352 4320 1463 4405 ἰατρικὴ
1488 4321 1506 4404 4,

200 4605 215 4655 4
237 4599 366 4670 βοῦλτται]
384 4619 401 4652 α
419 4601 447 4651 in
467 4600 537 4651 lit.v
631 4597 696 4649 δδν
714 4597 780 4648 κατὰ
799 4594 829 4647 δν
847 4597 948 4648 κατύα
1043 4596 1072 4646 12
1091 4593 1259 4667 αὐτάρκῆςλῖ
1357 4595 1458 4648 12-13
1477 4594 1561 4666 ὥσπερ

202 4695 240 4759 τῷ
258 4685 487 4758 αὐλητῇ-αὐλεῖν
507 4684 584 4754 ἐστιν]
608 4684 636 4736 τὸ
655 4684 737 4737 αὐλεῖν
756 4692 816 4751 post
835 4685 899 4735 ἐστιν
922 4683 995 4734 addit
1012 4682 1138 4750 Sylburg,
1162 4683 1254 4734 melius
1278 4681 1337 4750 πρὸς
1356 4682 1468 4747 delebis,
1493 4683 1561 4750 quod

202 4776 315 4829 suadent
333 4776 411 4827 verba
429 4773 614 4841 respondentia
632 4770 653 4823 ελ
671 4775 709 4841 τῷ
727 4769 912 4839 εῦδαιμονυῦντι
930 4771 957 4822 ἐν
975 4776 1011 4839 τῷ
1031 4768 1058 4821 εὐ
1078 4770 1122 4838 ζῇν
1141 4769 1206 4821 ἐστιν
1225 4769 1254 4822 τδ
1274 4768 1426 4837 ιύδαιμονιῖν

206 4863 237 4914 19
256 4862 328 4931 αὐτιρ·
346 4862 471 4929 Sylburg:
492 4860 562 4930 αὐτῷ
582 4861 620 4912 Va
726 4858 760 4911 20
778 4857 888 4931 παρόντα
907 4874 934 4910 a:
954 4875 1033 4929 παρυν
1053 4853 1165 4928 (παρα-λ)
1188 4858 1207 4911 V
1314 4858 1345 4912 31
1367 4856 1476 4912 συντελεῖ
1493 4872 1509 4911 α

205 4949 239 5004 38
257 4949 326 5021 ὐγιία
347 4951 384 5006 Va
1543 4966 1547 4973 ’
