3540 5610
201 345 250 383 xrr
778 336 972 391 PRAEFATIO

201 530 243 577 ex
270 529 389 593 genere
416 516 465 576 est
495 509 778 593 collectaneorum
804 509 900 592 igitur
921 507 1045 592 incipit:
1072 508 1105 572 τὸ
1127 506 1179 576 τὰς
1200 508 1305 593 ἀρετὰς
1327 507 1554 573 ἀντακολουθεῖν

201 631 342 713 ἀλλήλαις
370 630 427 695 καὶ
454 629 558 712 ταύτῃ
587 630 647 710 μὲν
675 627 713 691 ἂν
740 629 952 699 δεικνύοντα,
987 635 1163 710 sequuntur
1195 633 1318 711 sepi-em
1351 633 1553 710 argumenta,

201 772 335 835 quorum
357 749 439 814 2-7
463 747 622 832 particula
644 746 685 811 ἔτι
707 756 926 814 conseruntur.
970 746 1210 813 Problematum
1237 747 1334 832 capiti
1356 746 1482 812 initium
1503 754 1555 812 est

201 870 269 937 sere
291 869 389 937 idem:
412 868 456 933 ὅτι
477 867 742 932 ἀντακολοοθοῦσιν
764 870 794 933 αἱ
816 869 918 953 ἠθικαὶ
932 867 1033 952 ἀρεταὶ
1056 867 1214 932 δεικτέον
1237 867 1294 931 καὶ
1315 866 1383 930 ἀπὸ
1405 873 1448 950 et,
1471 866 1552 931 utin

202 989 368 1072 mantissa,
390 988 526 1054 alteram
547 986 854 1053 demonstrationem
876 985 1049 1052 introducit
1071 985 1123 1053 ἔτι.
1166 986 1225 1053 sed
1247 987 1342 1053 tertia
1363 1006 1428 1053 non
1451 987 1555 1071 sequi·

200 1115 263 1193 tur,
292 1107 401 1174 media
432 1107 536 1172 altera
568 1105 757 1172 terminatur
789 1105 1011 1189 fragmentum.
1061 1106 1152 1173 vides
1180 1126 1220 1174 ex
1247 1106 1363 1173 eodem
1388 1126 1476 1191 penu
1501 1106 1554 1173 de

201 1234 362 1312 sumptum
384 1245 456 1292 esse
479 1232 646 1310 utrumque
669 1231 702 1293 et
722 1245 799 1292 casu
820 1224 940 1291 factum
961 1244 1043 1311 esse,
1066 1226 1152 1310 quod
1166 1226 1240 1310 duo,
1262 1246 1329 1292 non
1343 1245 1442 1291 unum
1457 1232 1555 1310 caput

201 1347 350 1414 formant.
373 1384 415 1394 —
436 1345 484 1411 ita
504 1344 538 1411 in
559 1345 718 1412 Mantinea
738 1344 879 1411 animam
899 1344 1123 1429 incorpoream
1145 1366 1217 1414 esse
1239 1352 1272 1413 et
1295 1365 1336 1412 ex
1357 1346 1431 1431 ipsa
1453 1365 1489 1413 re
1511 1346 1555 1412 ri-

202 1467 267 1536 cies
289 1467 527 1534 demonstratur
560 1473 592 1532 et
626 1471 739 1532 contra
767 1462 858 1530 varia
890 1465 1150 1532 adversariomm
1183 1464 1354 1533 conamina
1386 1465 1555 1549 quinquies

201 1586 384 1655 detenditur
405 1586 641 1671 ο7.114,6-24
663 1583 764 1669 (quod
786 1584 901 1650 melius
925 1585 1037 1670 116,37
1061 1585 1222 1669 posuisset
1248 1585 1412 1668 redactor)
1442 1585 1552 1670 116,37

202 1708 348 1791 -118,4.
393 1707 538 1774 similiter
558 1707 592 1772 in
615 1703 827 1771 Problematis
848 1710 923 1789 post
944 1703 1006 1769 tria
1027 1712 1218 1786 argumenta
1241 1705 1422 1790 138,8-20
1441 1703 1498 1788 (ci.
1513 1702 1555 1767 ἔτι

201 1847 231 1892 v.
257 1828 295 1891 11
319 1834 352 1893 et
375 1826 428 1913 14)
450 1826 593 1910 sequitur
614 1824 731 1909 triplex
752 1822 898 1890 defensio
920 1822 976 1907 (cf.
991 1825 1024 1887 τὸ
1040 1824 1073 1887 δὲ
1087 1822 1179 1907 λέγειν
1203 1823 1329 1909 13820.
1341 1824 1393 1891 28.
1406 1822 1477 1905 30).
1514 1821 1554 1887 ci.

203 1947 317 2030 15415
341 1948 444 2031 155,6.
459 1949 506 2013 19.
519 1947 561 2011 29
584 1944 770 2029 156,10.19.

289 2069 400 2151 [taque
423 2087 464 2134 ne
486 2066 616 2132 moralis
638 2065 766 2150 quidem
788 2062 869 2129 liber
887 2067 1013 2127 constat
1028 2081 1069 2127 ex
1084 2063 1181 2130 meris
1197 2063 1415 2149 problematis.
1459 2061 1555 2128 immo

201 2186 285 2254 inter
317 2186 411 2253 huius
444 2187 553 2271 capita
586 2206 650 2250 non
683 2189 758 2249 sunt
785 2182 988 2268 problemata
1015 2182 1043 2247 2.
1068 2183 1097 2248 3.
1121 2185 1151 2248 4.
1174 2183 1203 2249 6.
1227 2183 1257 2249 9.
1281 2183 1331 2249 10.
1356 2183 1406 2248 11.
1431 2181 1481 2248 13.
1506 2182 1555 2247 15.

204 2307 252 2371 19.
276 2307 327 2371 20.
349 2306 400 2371 21.
424 2306 476 2372 22.
498 2306 549 2371 23.
594 2305 651 2370 sed
673 2324 715 2370 ne
736 2303 817 2370 haec
839 2302 968 2387 quidem
990 2301 1084 2367 unius
1106 2302 1242 2385 generis.
1286 2302 1328 2368 de
1349 2301 1557 2368 collectaneis

202 2425 281 2508 dixi,
308 2424 374 2490 alia
400 2432 535 2509 possunt
558 2422 736 2508 comparari
764 2442 835 2488 cum
862 2420 1067 2507 physicorum
1095 2421 1255 2508 capitibus
1281 2421 1322 2488 de
1348 2419 1463 2504 quibus
1490 2419 1557 2486 dixi

202 2565 233 2628 p.
248 2544 290 2628 X,
305 2544 412 2628 13sq.,
439 2563 523 2628 quae
549 2551 653 2608 utrum
688 2562 729 2608 ex
755 2541 886 2609 scholae
914 2542 1058 2626 reliquiis
1084 2561 1127 2607 an
1155 2561 1195 2608 ex
1222 2539 1347 2608 scriniis
1374 2539 1557 2625 philosophi

203 2664 409 2748 provenerint
429 2664 586 2730 incertum
609 2668 666 2728 est.
711 2682 771 2727 nec
794 2662 910 2729 desunt
925 2670 1038 2748 aperta
1055 2661 1247 2746 fragmenta,
1270 2668 1305 2726 ut
1326 2660 1346 2725 3
1366 2657 1435 2744 (uhi
1451 2657 1558 2725 verbis

202 2782 264 2848 κατ’
292 2782 397 2852 αὐτούς
418 2781 595 2848 adversarii
618 2781 842 2866 respiciuntur,
869 2782 910 2848 de
936 2780 1051 2865 quibus
1072 2789 1171 2849 antea
1196 2777 1402 2847 nondictum
1424 2786 1491 2863 est3
1516 2777 1556 2844 ci.

201 2903 344 2988 λαμβάνοι
377 2910 409 2967 ei
441 2901 586 2987 ἐλάμβανε
621 2901 736 2985 122,34
760 2902 867 2987 123,4)
895 2903 945 2969 15.
981 2902 1032 2968 19.
1066 2902 1118 2967 22.
1173 2899 1263 2966 initio
1297 2899 1341 2965 ad
1373 2897 1559 2984 aporiatum

202 3022 384 3104 exemplum
399 3020 537 3086 formata
552 3026 627 3085 sunt
643 3020 691 3086 18.
708 3020 760 3103 27,
784 3029 927 3088 ceterum
948 3042 970 3088 a
992 3018 1199 3087 collectaneis
1213 3038 1278 3083 non
1293 3017 1423 3084 diversa
1443 3018 1558 3101 (etiam

202 3140 318 3206 hocin
340 3141 498 3206 Mantinea
524 3139 686 3206 invenitur
712 3139 923 3226 ο7.122,17).
968 3140 1128 3207 accedunt
1159 3137 1244 3204 duae
1276 3136 1560 3222 interpretationes

204 3260 253 3325 12.
277 3261 318 3324 29
343 3266 375 3324 et
397 3278 461 3324 una
484 3259 649 3344 epidrome
670 3261 723 3344 25,
746 3260 788 3327 6ο
809 3280 873 3344 qua
895 3260 1016 3326 dictum
1038 3266 1098 3326 est.

286 3381 422 3446 Restant
445 3382 473 3445 1.
496 3383 526 3446 5.
550 3383 579 3448 7.
602 3383 631 3448 8.
657 3383 706 3447 14.
732 3381 781 3446 16.
804 3380 857 3447 24.
880 3380 935 3463 28,
964 3378 1078 3463 quihus
1100 3376 1215 3443 dubius
1241 3397 1311 3443 sum
1341 3396 1417 3442 num
1441 3376 1480 3442 17
1503 3376 1559 3442 ad·

201 3521 375 3567 numerem.
421 3500 472 3565 hio
495 3501 596 3567 hahes
619 3522 690 3567 earn
712 3501 784 3567 libri
808 3507 943 3585 partem,
966 3519 1059 3583 quae,
1082 3505 1117 3563 ut
1138 3497 1172 3563 in
1188 3496 1341 3582 physicis,
1364 3515 1480 3561 caussa
1498 3494 1560 3561 fuit

202 3620 421 3704 inscriptionis
448 3620 505 3684 toti
536 3620 731 3686 collectioni:
769 3620 971 3703 problemata
998 3627 1081 3704 sunt,
1108 3638 1173 3683 non
1199 3616 1328 3683 diversa
1354 3635 1375 3681 a
1401 3614 1559 3701 physicis3

201 3739 297 3821 igitur
319 3739 360 3804 de
376 3739 426 3804 his
441 3761 505 3805 non
522 3760 602 3823 opus
624 3745 673 3804 cst
688 3739 872 3821 singillatim
889 3739 1063 3822 disputare.
1108 3756 1223 3803 moneo
1240 3743 1375 3820 tantum,
1397 3735 1431 3801 in
1446 3735 1560 3819 quinto

201 3859 251 3924 bis
266 3859 477 3944 ἐπνζητεῖσῦαν,
500 3867 533 3924 et
555 3858 689 3941 singulis
703 3857 1008 3941 interrogationibus
1023 3857 1151 3940 singula
1171 3874 1328 3941 responsa
1341 3854 1454 3921 addita
1475 3874 1559 3941 esse,

201 3978 247 4043 ita
270 3985 304 4042 ut
327 3985 392 4043 tres
415 3978 531 4061 plenae
554 3977 760 4060 quaestiones
782 3976 834 4041 hic
856 3977 1046 4043 coniunctae
1067 3975 1142 4042 sint.

287 4095 394 4174 Quare
416 4096 526 4162 similis
549 4104 598 4163 est
620 4096 715 4161 huius
738 4096 809 4162 libri
833 4097 925 4180 origo
947 4104 1047 4180 atque
1069 4095 1284 4182 physicorum.
1327 4114 1435 4179 neque
1449 4097 1560 4164 redac-

202 4215 280 4280 toris
302 4215 394 4280 varia
416 4216 580 4281 miscentis
600 4216 763 4297 ingenium
790 4215 900 4300 dispar
927 4215 996 4300 fuit,
1030 4216 1083 4299 qui
1115 4213 1322 4281 cohaerentia
1348 4215 1488 4282 secrevit
1515 4215 1558 4303 (8.

201 4334 258 4418 28)
280 4342 312 4398 et
334 4354 398 4400 non
421 4335 501 4401 vidit
516 4336 557 4400 ad
574 4335 707 4400 verbum
730 4354 906 4417 congruere
930 4336 970 4400 26
994 4343 1026 4402 et
1049 4337 1089 4401 23
1113 4336 1188 4402 inde
1203 4354 1224 4400 a
1241 4334 1367 4419 144,34.
1410 4334 1559 4400 nimirum

201 4454 286 4520 idem
310 4461 342 4520 ct
370 4453 537 4539 physicam
566 4461 597 4519 et
624 4455 777 4519 moralem
805 4453 1027 4520 collectionem
1054 4455 1192 4521 instituit
1218 4463 1251 4521 ot
1278 4475 1299 4521 a
1325 4452 1559 4540 problematum

201 4581 293 4657 parte
316 4582 483 4657 utramque
506 4573 735 4639 denominavit.
784 4573 939 4656 ,primus“
972 4582 1079 4641 autem
1106 4576 1187 4641 liber
1214 4576 1241 4640 si
1269 4573 1443 4641 moralibus
1470 4594 1561 4658 prae·

202 4695 339 4779 scriptus
361 4702 420 4778 est,
444 4694 505 4758 hoc
527 4693 569 4758 ad
592 4692 768 4758 Alexandri
792 4693 993 4776 problemata
1015 4716 1079 4759 non
1104 4695 1195 4777 redit,
1219 4695 1277 4761 sed
1300 4717 1340 4761 ex
1356 4695 1561 4780 collectione,

201 4834 285 4898 quae
307 4822 377 4882 erat
398 4813 536 4879 fortasse
559 4812 654 4877 trium
668 4813 820 4878 librorum
843 4821 876 4877 ut
891 4813 1036 4897 physica,
1061 4815 1184 4898 periere
1207 4814 1235 4880 ei
1251 4814 1335 4898 libri,
1351 4815 1405 4898 qui
1421 4815 1560 4899 primum

202 4935 277 5001 olim
299 4932 525 5018 sequebantur.
