3540 5610
570 310 798 367 ΑΛΕΞΑΝΔΡΟΥ
819 308 972 367 ΑΙΙΟΡΙΩΝ
994 309 1054 365 ΚΑΙ
1075 308 1208 366 mmm

261 487 409 566 γεννητός,
437 486 511 548 κατά
538 487 589 568 τὴν
612 486 701 548 αὑτοῦ
728 487 812 568 φύσιν
836 486 1020 554 ἀνεπίδεκτός
1047 487 1123 550 ἐστιν
1145 483 1316 567 ἀιδιότητος.
1362 486 1394 547 τδ
1418 483 1444 546 δ’
1472 484 1518 545 οὑ·

262 608 318 654 τως
347 586 350 669 λ
381 588 565 651 ἀνεπίδεκτον
593 588 753 672 ἀιδιότητος
780 589 853 651 κατά
881 590 932 671 τῆν
962 588 1050 650 αὑτοῦ
1081 589 1167 671 φύσιν
1195 587 1333 650 ἀδύνατον
1361 585 1513 670 ἀιδιότητα
1533 592 1572 649 ⁶4

261 688 407 756 δέξασθαι.
452 691 485 752 τό
509 689 534 752 δ’
562 691 655 759 οὑτως
681 691 835 768 ἀδύνατον,
864 696 949 755 πᾶσιν
978 690 1009 752 δν
1037 690 1192 762 ἀδύνατον,
1220 690 1268 752 καλ
1296 695 1356 757 τοῖς
1379 689 1459 757 θεοῖς
1482 687 1518 750 άν

261 789 307 872 είη
331 795 470 854 τοιοῦτον.
512 790 579 854 οὔτε
601 794 655 874 γάρ
678 794 710 854 τδ
733 793 764 862 ἐξ
787 795 914 875 ἀνάγκης
936 794 1067 876 ὑπάρχον
1091 792 1144 852 τινὶ
1166 790 1227 854 οίόν
1250 813 1282 854 τε
1305 792 1446 875 ὑπάρχειν
1469 790 1518 852 αὑ·
1545 806 1561 848 ι

226 897 302 975 υτῷ
327 896 501 977 κωλυθῆναί
524 918 594 957 ποτε
621 896 674 958 οὑκ
703 894 737 978 ῆν
764 895 857 962 οὑτως
884 895 1030 980 ὑπάρχον,
1061 892 1128 956 οὔτε
1150 893 1182 954 τό
1206 893 1345 956 ἀδύνατον
1373 894 1515 979 ὑπάρχειν

261 996 380 1057 δυνατὸν
408 997 540 1080 ὑπάρχον
572 995 717 1078 γενέσθαι.
767 997 841 1080 μόνα
867 997 920 1080 γὰρ
951 996 1049 1059 ἐκεῖνα
1077 996 1246 1076 κωλυθῆναι
1275 997 1417 1081 ὑπάρχειν
1446 997 1518 1059 τισλν

262 1097 310 1159 οἷά
331 1122 373 1171 τε,
396 1099 467 1182 πρὸς
490 1098 509 1160 ἀ
532 1098 579 1161 καλ
602 1102 652 1160 τοῦ
668 1095 748 1184 ἔχειν
772 1099 845 1162 αὐτὰ
868 1099 990 1162 καὶτοῦ
1014 1098 1055 1180 μὴ
1077 1094 1156 1181 ἔχειν
1179 1098 1305 1181 φυσικὴν
1327 1100 1517 1182 παραακευῆν

261 1196 334 1283 ἔχει,
357 1202 406 1263 καὶ
428 1201 447 1262 ἃ
469 1203 562 1285 χωρὶς
585 1205 634 1263 τοῦ
658 1201 826 1265 κωλύεσθαι
849 1201 967 1263 δόναται
990 1201 1019 1262 ἐν
1043 1199 1123 1283 αὐτῷ
1149 1200 1189 1282 μὴ
1214 1199 1359 1281 γενέσθαι.
1397 1201 1419 1263 ά
1439 1201 1517 1263 ἐστιν
1532 1216 1561 1258 ιυ

260 1301 290 1370 ἐξ
313 1303 440 1386 ἀνάγκης
461 1304 518 1366 τισὶ
540 1305 825 1386 παρακολουθοῦντα,
849 1303 907 1387 οὐχ
929 1301 990 1365 οἷόν
1013 1325 1044 1365 τε
1068 1307 1160 1365 ταῦτα
1175 1304 1346 1386 κωλυθῆναι
1368 1304 1516 1384 γενέσθαι.

210 1423 243 1468 ιο
262 1400 341 1466 ἔσται
363 1404 416 1487 γὰρ
440 1405 516 1467 οὑτω
539 1405 643 1468 ταύτόν
666 1406 728 1488 ἅμα
747 1405 896 1489 γινόμενόν
919 1429 950 1468 τε
974 1406 1021 1468 καὶ
1046 1406 1086 1488 μῆ
1109 1403 1268 1486 γινόμενον,
1291 1404 1439 1488 γινόμενον
1465 1407 1516 1488 μὲν

259 1503 331 1566 διότι
354 1507 507 1587 ἀναγκαῖον
530 1505 567 1590 ῆν
590 1509 734 1588 γενέσθαι,
762 1508 796 1570 οὑ
818 1506 965 1590 γινόμενον
989 1508 1021 1570 δέ
1044 1507 1115 1568 διότι
1139 1506 1173 1590 ῆν
1198 1507 1410 1587 κεκωλυμένον,
1432 1512 1517 1570 τοῦτο
1534 1523 1562 1565 ιι

260 1608 292 1669 δὲ
314 1608 465 1673 ἀδύνατον.
500 1610 639 1673 ἀδόνατον
663 1611 710 1673 καὶ
732 1611 764 1673 τδ
788 1610 918 1693 φθαρτὸν
942 1609 1110 1693 κωλυθῆναι
1126 1614 1284 1694 φθαρῆναι,
1309 1610 1410 1693 ἐπειδὴ
1434 1612 1518 1691 ἀναγ-

260 1714 341 1771 καῖον
369 1716 412 1794 τῷ
440 1712 565 1795 φθαρτῷ
594 1712 626 1773 τδ
660 1712 810 1795 φθαρῆναι
844 1712 891 1774 καὶ
919 1712 1057 1773 ἀδὺνατυν
1090 1713 1124 1774 τδ
1153 1714 1193 1794 μῆ
1228 1714 1385 1797 φθαρῆναι.
1436 1710 1519 1775 ἔσται

257 1811 310 1894 γάρ
344 1813 437 1881 οὑτως
465 1813 527 1893 ἅμα
560 1813 755 1896 φθειρόμενός
786 1837 817 1876 τε
852 1815 898 1876 καὶ
929 1815 968 1895 μὴ
1004 1814 1206 1898 φθειρόμενος.
1251 1814 1294 1877 ότι
1329 1815 1361 1877 δὲ
1389 1815 1423 1877 τὰ
1451 1815 1562 1878 dap-m

207 1933 237 1980 15
258 1937 329 1975 νατα
362 1920 399 1996 τῆ
427 1916 523 1978 αὑτῶν
557 1916 642 1999 φύσει
669 1917 717 1978 καὶ
753 1921 811 1985 τοῖς
839 1917 918 1983 θεοῖς
945 1915 1006 1978 ἐστι
1038 1921 1165 1990 τοιαῦτα,
1200 1917 1247 1979 καὶ
1277 1915 1398 1979 Πλάτων
1430 1917 1518 1986 αὐτὸς

257 2023 411 2101 μαρτυρεῖ,
448 2017 484 2079 δι’
525 2019 565 2078 ὧν
599 2019 689 2099 λέγει·
722 2014 812 2080 “ἀλλ’
850 2017 912 2080 οὔτ’
945 2016 1109 2080 ἀπολέσθαι
1143 2017 1178 2079 τά
1213 2019 1288 2081 κακά
1322 2019 1456 2093 δυνατόν,
1490 2015 1517 2103 ᾦ

258 2119 407 2202 Θεόδωρε·
443 2120 608 2182 ὑπεναντίον
636 2123 690 2203 γάρ
717 2145 743 2182 τι
769 2125 812 2203 τῷ
837 2121 941 2202 ἀγαθῷ
966 2121 1012 2182 ἀεὶ
1035 2119 1108 2181 εἶναι
1131 2121 1257 2203 ἀνάγκη,
1289 2119 1350 2183 οὔτ’
1378 2121 1409 2183 ἐν
1437 2123 1562 2191 θεοῑςιιιι

257 2222 330 2285 αὐτὰ
358 2223 505 2305 ἱδρῦσθαι,
533 2224 585 2306 τῆν
615 2224 646 2284 δὲ
674 2223 784 2306 θνητὴν
820 2222 904 2305 φύσιν
932 2225 980 2285 καὶ
1014 2221 1096 2284 τόνδε
1123 2224 1171 2284 τόν
1199 2223 1287 2286 τόπον
1314 2227 1466 2307 περιπολεῖ
1486 2224 1519 2294 ἐξ

258 2324 453 2407 ἀνάγκης”.λ

203 2587 237 2633 νο
256 2566 339 2630 ΧΙΧ.
386 2566 462 2636 [lan
485 2570 503 2650 ῆ
528 2567 613 2649 αὑτῆ
639 2567 784 2649 δόναμις
806 2567 877 2650 ἅμα
898 2572 966 2629 τῶν
990 2567 1156 2631 ἐναντίων
1179 2567 1271 2632 εἶναι
1294 2569 1445 2652 λέγεται.
1536 2579 1572 2635 65

337 2736 372 2800 Ἠ
396 2738 469 2821 αὐτῆ
493 2738 610 2821 δόναμις
633 2737 706 2800 εἶναι
729 2742 787 2800 τῶν
811 2739 946 2800 ἐναντίων
970 2737 1097 2820 λέγεται,
1121 2739 1178 2824 οὐχ
1201 2743 1242 2808 ὡς
1262 2741 1324 2822 ἅμα
1347 2743 1517 2825 δυναμένων

256 2842 304 2901 καὶ
327 2845 383 2902 τῶν
407 2841 542 2902 ἐναντίων
572 2842 637 2924 περὶ
660 2843 691 2902 τό
717 2841 768 2908 τὰς
790 2842 928 2923 δυνάμεις
957 2839 1026 2926 ἔχον
1055 2842 1151 2904 αὐτῶν
1177 2842 1311 2924 γενέσθαι
1338 2844 1438 2924 (τοῦτο
1460 2846 1519 2930 γάρ
1546 2864 1560 2905 5

256 2942 420 3023 ἀδύνατον),
452 2942 510 3004 ἀλλ’
540 2943 582 3004 ότι
606 2945 646 3025 μῆ
670 2944 762 3012 οὑτως
785 2941 864 3027 ἔχειν
893 2944 925 3004 τδ
952 2948 1010 3005 τῶν
1038 2944 1174 3006 ἐναντίων
1203 2941 1272 3029 ἔχον
1295 2944 1346 3014 τάς
1368 2948 1518 3028 δυνάμεις,

257 3047 297 3111 ὡς
320 3050 434 3126 πρῶτον
458 3046 509 3127 μὲν
526 3045 652 3128 δμειλειν
675 3044 742 3107 τόδε
766 3051 825 3107 τῶν
848 3045 983 3108 ἐναντίων
1007 3045 1155 3117 δέξασθαι,
1179 3046 1251 3126 μετὰ
1273 3048 1307 3110 δὲ
1328 3053 1414 3111 τοῦτο
1437 3049 1515 3114 τόδε.

203 3166 235 3214 25
255 3145 285 3207 ἐν
309 3148 391 3208 παντὶ
419 3145 473 3229 γὰρ
496 3145 595 3230 χρόνῳ
622 3146 771 3231 ἐνδέχεται
800 3150 833 3210 τδ
861 3149 890 3209 ἐν
914 3148 1067 3232 μηδετέρῳ
1098 3148 1129 3210 δν
1153 3155 1210 3210 τῶν
1234 3149 1369 3212 ἐναντίων
1392 3153 1560 3217 ἀνόπαια

256 3253 382 3332 τεριροὺν
406 3249 501 3311 αὑτῶν
524 3249 669 3330 γενέσθαι,
693 3249 745 3311 οὐκ
768 3250 981 3333 ἀφωρισμένως
1004 3251 1034 3312 ἐν
1057 3253 1143 3334 τῷδε.
1178 3252 1222 3313 διδ
1245 3254 1292 3315 καὶ
1315 3253 1428 3335 λέγεται
1451 3256 1516 3338 ἅμα

255 3349 333 3435 ἔχειν
357 3353 407 3419 τὰς
430 3357 487 3413 τῶν
510 3351 645 3413 ἐναντίων
669 3353 812 3432 δυνάμεις.
858 3354 891 3414 τό
914 3354 969 3436 γὰρ
993 3352 1180 3437 ἐνδέχεσθαι,
1204 3352 1272 3416 ὅσον
1295 3355 1343 3418 ἐπὶ
1365 3360 1404 3439 τῇ
1427 3359 1515 3442 φὺσει

255 3458 305 3516 τοὺ
330 3454 444 3516 ἐναντία
467 3454 639 3536 δεχομένου,
666 3451 714 3515 ὑτε
737 3455 769 3516 τδ
786 3455 882 3537 ἕτερον
905 3454 962 3539 (ἐν)
984 3456 1064 3539 αὐτῷ
1088 3456 1204 3536 γίνεται,
1228 3458 1318 3539 μηδὲν
1341 3458 1427 3540 ῆττυν
1450 3463 1515 3526 ἀντὶ
1532 3480 1560 3522 ιε

253 3558 357 3620 τούτου
380 3558 412 3618 τό
437 3556 534 3638 ἕτερον
558 3557 588 3618 ἐν
611 3555 691 3640 αὐτῷ
705 3556 849 3638 γενέσθαι,
873 3560 1013 3620 δεικτικὸν
1037 3562 1086 3619 τοὺ
1103 3558 1164 3640 ἅμα
1187 3557 1283 3620 αὐτῶν
1306 3560 1357 3629 τάς
1379 3562 1518 3645 δυνάμεις

201 3679 235 3728 30
254 3657 342 3744 ἔχειν.
386 3659 464 3742 παρά
486 3659 540 3742 γάρ
563 3659 598 3720 τά
622 3658 758 3743 ποιητικὰ
781 3660 877 3723 αὐτῶν
900 3662 967 3724 τόδε
989 3685 1015 3723 τι
1038 3665 1152 3744 πρῶτον
1175 3665 1233 3723 τῶν
1257 3660 1392 3725 ἐναντίων
1415 3664 1445 3727 ἐν
1470 3672 1514 3752 τῷ

201 3836 273 3844 ——
284 3836 298 3842 ..
309 3833 604 3841 ...-.—-‚.——.--—-..

204 3938 214 3988 l
236 3935 339 4006 γενητός
357 3953 373 3986 α
393 3934 435 3998 Sp.
552 3933 567 3984 2
592 3934 670 3986 αὑτοῦ
692 3936 726 3985 V¹
745 3937 821 4000 (corr.
843 3936 888 4002 V'2)
1013 3933 1153 4004 ἀιδιότητα]
1178 3935 1287 3988 alterum
1306 3955 1314 3989 ι
1332 3939 1360 3990 iu
1379 3938 1418 3991 lit.
1437 3944 1462 3991 V

201 4024 255 4076 4.5
275 4023 337 4075 αὑτὸ
357 4022 415 4073 V²B
522 4021 538 4073 5
557 4021 604 4072 οὑκ
624 4022 654 4090 ῆν
669 4023 830 4075 V¹G¹FS¹L2
851 4024 893 4073 καλ
912 4022 960 4074 οὑκ
979 4025 1040 4074 εἶναι
1058 4023 1167 4076 v²S²Ba
1185 4022 1241 4089 Sp:
1260 4023 1289 4075 οὑ
1309 4024 1370 4078 εἶναι
1389 4025 1437 4081 G’:
1457 4027 1572 4084 fortusse

202 4110 238 4166 οίς
255 4109 287 4180 ῆν
377 4108 473 4161 θάδέ
493 4108 557 4160 ἐστιν
577 4107 711 4162 v²13²s²a
730 4110 774 4177 Sp.
882 4111 913 4161 12
939 4110 987 4180 ἀρα
1006 4111 1049 4161 καλ
1067 4109 1218 4177 s²v²asp.
1328 4111 1360 4164 13
1380 4114 1571 4188 καλ-φθαρῆ-

201 4216 240 4249 ναι
264 4199 292 4249 in
318 4212 367 4264 mg.
390 4199 435 4248 V¹:
464 4198 492 4247 in
512 4202 584 4247 textu
610 4199 710 4249 GSBL:
740 4213 789 4248 om.
814 4200 833 4248 F
955 4196 986 4248 15
1014 4195 1098 4248 αὑτῶν
1124 4197 1159 4247 V¹
1182 4197 1257 4262 (corr.
1281 4197 1330 4264 Ψ)
1446 4201 1571 4275 Πλάτων]

201 4286 358 4338 Theaetetus
381 4284 443 4335 176³
595 4284 624 4333 16
653 4283 799 4337 ἀπωλέσθαι
823 4284 858 4333 V¹
877 4284 952 4350 (corr.
975 4283 1022 4349 W)
1168 4285 1197 4335 Π
1227 4284 1265 4336 ἀεὶ
1283 4286 1381 4341 VS²Ba
1402 4289 1460 4357 Sp:
1488 4291 1571 4362 λέγειν

201 4374 276 4425 FS¹L
382 4373 480 4441 ἀνάγκη
500 4369 560 4421 εἶναι
579 4388 595 4421 ε
612 4369 655 4436 Sp.
767 4371 798 4421 18
822 4369 935 4440 ἵδρναθαι
955 4371 990 4421 V¹
1011 4371 1085 4437 (corr.
1107 4370 1152 4436 W)
1259 4371 1347 4441 τόπον]
1367 4377 1461 4445 τρόπον
1480 4397 1496 4429 ι

202 4457 330 4530 περιπολεῖ
349 4460 382 4509 V'
403 4459 470 4510 vict.
491 4458 546 4525 Sp:
575 4456 714 4526 περιπολεῖν
736 4457 901 4510 V⁹BGFSLa
1019 4458 1053 4511 20
1081 4457 1178 4528 λέγεται
1198 4457 1259 4511 εἶναι
1277 4478 1293 4511 υ
1311 4461 1356 4529 Sp.
1464 4465 1494 4517 21
1528 4465 1571 4519 δό-

202 4565 275 4615 ναμις
298 4546 372 4614 (ἅμα)
397 4547 465 4598 coni.
484 4546 527 4612 Sp.
635 4549 687 4596 τῶν
713 4545 831 4597 ἐναντίων
857 4547 917 4598 εἶναι
936 4564 952 4598 τι
970 4547 1015 4614 Sp.
1123 4546 1176 4614 ἀμα
1194 4563 1244 4599 om.
1263 4551 1364 4601 Gpsffi
1471 4551 1505 4604 22
1525 4557 1572 4608 καὶ

201 4637 308 4687 VGFL:
339 4634 387 4685 del.
407 4634 485 4685 S‘2B‘2:
515 4648 565 4683 om.
585 4651 600 4682 a
707 4634 740 4683 23
768 4634 803 4701 μὴ
828 4631 909 4691 οὑτως
935 4632 1012 4703 ἔχειν]
1040 4632 1149 4685 fortasse
1168 4633 1198 4703 δὴ
1219 4632 1302 4693 οὕτως
1320 4636 1385 4709 ἔχειν
1413 4636 1496 4698 οὑτως
1515 4641 1572 4714 ἔχει

202 4722 269 4774 coni.
289 4721 334 4788 Sp.
447 4719 517 4787 ἔχον]
547 4720 613 4790 ἔχειν
632 4723 706 4772 FS'L
807 4720 840 4772 26
869 4722 911 4772 καλ
937 4719 984 4771 οὑκ
1006 4722 1112 4773 V²BS²a
1134 4722 1178 4789 Sp.
1279 4722 1313 4775 28
1331 4728 1377 4776 τοῦ
1396 4727 1428 4777 τὰ
1448 4744 1465 4777 a
1485 4726 1535 4795 Sp.

201 4808 227 4860 ἀν
253 4807 311 4860 add.
336 4805 441 4860 B²S²La
466 4806 509 4873 Sp.
652 4806 733 4876 αὐτῷ]
761 4807 793 4859 αδ
817 4811 844 4859 in
869 4809 907 4859 lit.
932 4811 953 4855 V
1103 4807 1136 4858 29
1164 4809 1290 4864 δεικτικὸν
1312 4813 1419 4882 scripsi:
1449 4813 1572 4870 δεκτικὸν

201 4897 375 4951 vFB¹s¹GL2
395 4895 474 4948 αἴτιον
499 4894 584 4948 B’s²a
607 4895 652 4964 Sp.
