3540 5610
209 329 249 395 16
570 328 798 384 ΑΛΕΞΑΝΔΡΟΥ
817 326 969 385 ΑΠΟΡΙΩΝ
990 325 1049 382 ΚΑΙ
1069 326 1202 384 mm

260 502 335 565 ἀλλά
361 508 420 572 τοῖς
448 505 499 587 μὲν
527 503 694 586 αὐξομένοις
721 503 794 566 κατὰ
820 501 905 586 φόσιν
935 503 1040 584 (ταῦτα
1067 501 1093 564 δ’
1121 502 1182 564 ἐστὶ
1213 501 1249 565 τὰ
1275 507 1328 584 τῆς
1355 502 1513 583 θρεπτικῇς

260 610 357 690 ψυχῆς
379 606 627 691 κεκοινωνηκότα)
652 608 692 675 εἰς
723 606 889 690 τελειότητα
912 608 960 669 καὶ
983 606 1093 669 τέλειον
1117 605 1280 687 μέγεθοςὴ
1304 604 1442 675 ἐπίδοσις,
1474 602 1513 665 τὰ

260 709 292 770 δέ
316 709 473 793 μειούμενα
497 710 640 779 ἐξίσταται
662 714 715 792 τῆς
730 709 910 793 τελειότητος
932 711 980 772 καὶ
1003 711 1044 778 εἰς
1066 711 1099 772 τδ
1116 709 1216 776 ἀτελές
1238 707 1433 771 συστέλλεται.
1471 706 1513 773 εἰς
1526 721 1554 763 ευ

259 813 292 874 τὸ
314 812 422 875 τέλειον
452 810 501 875 οὖν
525 811 649 895 μέγεθος
676 812 724 874 καὶ
751 813 783 874 τὸ
806 812 907 881 ἀτελὲς
932 812 1032 881 αὐτοῖς
1057 814 1076 894 ἡ
1101 812 1246 895 μεταβολὴ
1273 811 1393 892 γίνεται,
1421 814 1512 873 ταῦτα

224 916 292 981 5δέ
314 916 436 992 ἐναντία,
461 917 486 978 εἰ
509 917 557 979 καὶ
582 915 678 998 μὴτὸ
702 915 775 997 μέγα
798 921 839 1000 τῷ
863 920 958 1000 μικρῷ
983 916 1085 984 ἁπλῶς
1107 914 1233 977 ἐναντίον
1256 913 1363 996 έλεγεν.
1397 914 1446 976 καὶ
1467 909 1511 975 ἔτι

260 1019 311 1101 τὴν
327 1019 436 1102 κίνησιν
457 1020 499 1088 εἰς
519 1019 555 1081 τά
571 1018 685 1081 ἐναντία
708 1019 872 1102 μεταβολὴν
895 1019 972 1101 λέγει
987 1019 1023 1081 τά
1038 1018 1151 1081 ἐναντία
1166 1017 1328 1102 κοινότερον
1344 1017 1511 1101 λαμβάνων.

259 1121 372 1186 ἐναντία
393 1122 448 1206 γὰρ
475 1120 544 1190 ἔθος
566 1121 648 1206 αὐτῷ
679 1122 771 1203 λέγειν
794 1122 842 1184 καὶ
864 1122 916 1206 τὴν
945 1121 1076 1205 στέρησιν
1098 1123 1147 1184 καὶ
1175 1121 1231 1190 ἕξιν
1258 1121 1306 1185 καὶ
1334 1120 1369 1183 τὰ
1391 1118 1463 1203 πρός
1485 1142 1512 1180 τι
1526 1134 1554 1176 υτ

259 1224 449 1307 ἀντικείμενα.
474 1224 477 1300 λ
501 1226 554 1307 τὴν
580 1228 649 1305 γοῦν
676 1225 839 1308 ὑπερβολὴν
870 1227 918 1287 καλ
944 1226 997 1308 τὴν
1020 1223 1146 1308 ἔλλειψιν
1176 1225 1206 1288 ἐν
1235 1230 1293 1293 τοῖς
1313 1221 1443 1293 Ἠθικοῖς
1469 1224 1512 1286 ἐν·
1530 1231 1565 1287 35

259 1327 342 1390 αντία
364 1328 442 1409 λέγει
465 1328 538 1390 κατά
560 1327 593 1390 τὸ
616 1326 688 1410 πρός
711 1351 736 1390 τι
759 1327 896 1409 ἀλλήλοις
923 1327 1113 1410 ἀντικείμενα.
1159 1330 1206 1391 καί
1229 1328 1261 1391 τδ
1290 1331 1364 1410 μέγα
1389 1324 1439 1390 οὖν
1463 1328 1511 1389 καί

209 1451 240 1497 10
258 1431 291 1493 τὸ
312 1432 412 1514 μικρὸν
436 1432 503 1494 ὄντα
526 1429 598 1514 πρός
621 1453 646 1491 τι
668 1427 772 1511 λέγοιτ’
793 1429 828 1492 ἀν
852 1430 977 1499 ἐναντία,
1001 1432 1034 1494 οὐ
1056 1431 1092 1493 τά
1115 1431 1220 1513 κυρίως
1242 1430 1365 1503 ἐναντία,
1388 1427 1449 1491 ἀλλ’
1471 1433 1513 1497 ὡς
1538 1447 1553 1488 υ

258 1533 294 1596 τά
317 1533 388 1617 πρός
409 1557 445 1595 τι.
491 1535 509 1615 ἦ
533 1533 601 1595 οὐδὲ
623 1534 727 1614 γίνεται
750 1531 814 1594 κατ’
835 1533 922 1596 αὐτὸν
945 1536 1054 1618 κίνησις
1077 1534 1151 1597 κατά
1173 1535 1205 1598 τδ
1229 1533 1300 1617 πρός
1323 1556 1357 1596 τι.
1400 1532 1433 1595 οὐ
1457 1533 1512 1618 γάρ

260 1635 350 1704 δεξιόν
372 1660 399 1698 τι
420 1637 527 1717 γίνεταί
545 1659 620 1705 τινος
642 1638 758 1704 πάντως
781 1638 900 1719 κινηθὲν
915 1637 997 1703 αὐτό.
1021 1638 1129 1720 θερμὸν
1153 1638 1185 1700 δέ
1207 1660 1233 1700 τι
1254 1637 1384 1718 γίνεσθαι
1407 1661 1425 1719 η
1449 1635 1511 1699 άνω

259 1740 315 1824 οὐχ
338 1738 453 1802 οἷόντε
476 1740 516 1822 μὴ
540 1739 665 1821 κινηθέν.
704 1764 722 1821 η
748 1740 774 1801 εἰ
796 1741 844 1802 καὶ
868 1741 908 1823 μὴ
933 1739 1020 1807 αὐτὸς
1035 1740 1050 1801 ό
1068 1740 1158 1808 δεξιὸς
1180 1738 1335 1821 γενόμενος
1358 1737 1405 1801 διὰ
1428 1763 1511 1821 μετα·
1527 1756 1555 1798 1ο

260 1843 348 1925 βολῆς
376 1847 427 1924 τῆς
455 1840 529 1903 κατὰ
561 1842 614 1924 τὴν
641 1839 742 1926 σχέσιν
772 1847 900 1910 τοιοῦτος
928 1842 1041 1924 ἐγένετο
1073 1842 1136 1924 (διὰ
1163 1847 1248 1904 τοῦτο
1281 1840 1334 1923 γὰρ
1362 1841 1416 1903 οὐκ
1447 1840 1510 1905 ἔστι

209 1965 238 2013 15
257 1945 330 2007 κατά
353 1946 385 2007 τδ
409 1944 480 2028 πρός
501 1967 528 2006 τι
543 1944 660 2026 κίνησις,
685 1943 728 2006 ότι
753 1946 792 2027 μὴ
812 1945 918 2025 γίνεται
940 1944 1012 2008 κατά
1034 1945 1140 2027 ταύτην
1165 1945 1217 2027 τὴν
1234 1943 1335 2028 σχέσιν
1360 1945 1508 2028 μεταβολὴ

259 2051 399 2132 κινήσεως
425 2051 467 2129 τῷ
492 2046 697 2129 μεταβάλλοντι
725 2048 797 2109 κατὰ
823 2048 875 2131 τὴν
904 2048 1018 2131 σχέσιν·
1051 2048 1161 2130 οὐγὰρ
1189 2051 1230 2116 ὡς
1257 2046 1331 2111 κατόι
1358 2046 1450 2110 τόπον
1472 2049 1511 2130 γί-

258 2176 335 2215 νεται
358 2151 503 2235 μεταβολὴ
531 2150 620 2213 αὐτοῦ
648 2154 747 2213 τοῦτον
777 2152 824 2213 τὸν
853 2150 957 2234 τρόπον
986 2153 1181 2219 ἀλλάσσοντος
1208 2153 1255 2212 καὶ
1284 2151 1513 2235 μεταβαλλοντος
1529 2167 1555 2209 ιὸ

258 2255 331 2318 κατὰ
353 2253 450 2324 τόπον,
474 2252 583 2335 ὁμοίως
604 2255 652 2316 καί
675 2254 784 2336 ἡκατά
799 2254 938 2337 ποιότητα
960 2256 1007 2317 καὶ
1030 2257 1048 2336 ἡ
1073 2253 1146 2317 κατόι
1168 2253 1267 2327 ποσόν,
1291 2254 1385 2321 οὕτως
1407 2254 1439 2317 δέ
1463 2257 1510 2318 καὶ

232 2339 235 2348 ¹
258 2361 277 2440 ἡ
301 2356 374 2421 κατά
396 2359 429 2419 τὸ
452 2355 523 2439 πρός
545 2380 585 2431 τι,
614 2358 633 2440 ἡ
656 2358 730 2419 κατὰ
751 2358 803 2439 τὴν
827 2357 928 2442 σχέσιν
957 2359 1107 2441 ὑπαλλαγη
1131 2359 1236 2439 γίνεται
1263 2359 1310 2420 καί
1333 2359 1510 2440 κινουμένων

205 2482 238 2528 20
257 2467 314 2524 τῶν
338 2459 581 2523 ὑπαλλασσόντιυν
603 2461 655 2542 τἠν
679 2459 779 2544 σχέσιν
803 2461 875 2523 κατά
897 2462 948 2546 τὴν
973 2462 1088 2544 σχέσιν·
1119 2465 1166 2523 καὶ
1189 2461 1242 2544 γὰρ
1267 2462 1308 2544 μὴ
1331 2460 1511 2542 κινουμένων
1525 2478 1555 2520 κο

258 2567 276 2649 ἡ
301 2563 402 2648 σχέσις
424 2563 614 2644 ἀλλάσσεται)
632 2563 684 2626 οὐκ
707 2564 770 2626 ἐπεὶ
793 2564 833 2646 μὴ
857 2564 948 2631 οὕτως
971 2562 1021 2626 οὖν
1044 2566 1152 2647 ηκατά
1175 2564 1276 2648 σχέσιν
1299 2566 1450 2647 ὑπαλλαγὴ
1473 2567 1512 2646 γί-

257 2691 346 2740 νεται,
370 2666 417 2728 διὰ
433 2663 515 2728 τοῦθ’
535 2665 596 2728 οἶόν
619 2690 650 2728 τε
666 2667 794 2749 ἀλλαγὴν
818 2666 951 2751 σχέσεως
966 2667 1100 2749 γενέσθαι
1124 2668 1216 2752 χωρὶς
1232 2668 1382 2750 κινήσεως.
1419 2668 1512 2737 δεξιὸς

256 2770 311 2853 γάρ
334 2769 386 2831 οὐκ
409 2767 443 2830 άν
467 2791 508 2835 τις
530 2767 618 2830 ἄλλου
640 2768 750 2850 γένοιτο
779 2772 818 2851 μὴ
842 2769 998 2853 γενομένης
1026 2770 1100 2833 κατὰ
1128 2769 1215 2833 τόπον
1238 2772 1346 2855 ἀμφοῖν
1370 2773 1555 2854 κινήσεωςα

257 2873 275 2954 ἦ
293 2872 432 2956 θατέρου·
457 2871 516 2934 ἀλλ’
537 2871 604 2934 οὐδὲ
628 2874 775 2935 διπλάσιον
799 2871 833 2935 ἀν
849 2873 959 2954 γένοιτο
984 2873 987 2956 γ
1012 2873 1082 2936 ἀλλο
1099 2873 1190 2937 ἄλλου
1214 2875 1346 2957 μὴκατὰ
1368 2877 1401 2938 τὸ
1418 2878 1510 2939 ποσὸν
1531 2885 1566 2942 36

204 2996 236 3044 25
255 2976 411 3059 γενομένης
434 2976 584 3057 κινήσεως.
630 2973 700 3038 ὥστ’
729 2976 755 3038 εἰ
778 2978 825 3038 καὶ
853 2978 893 3059 μὴ
917 2974 978 3039 ἔστι
1001 2977 1110 3059 κίνησις
1132 2977 1205 3040 κατὰ
1226 2979 1259 3040 τδ
1281 2978 1353 3062 πρός
1375 3001 1412 3056 τι,
1435 2981 1512 3043 ἀλλά

258 3080 304 3143 διὰ
327 3078 470 3161 κινήσεώς
491 3079 524 3159 γέ
547 3100 621 3146 τινος
642 3081 660 3160 ἡ
685 3079 726 3146 εἰς
748 3078 799 3146 τὰς
821 3078 976 3163 διαφόρους
999 3079 1115 3164 σχέσεις
1138 3081 1296 3164 μεταβολή.
1338 3083 1414 3145 ὥστε
1436 3086 1513 3146 κατά

256 3206 287 3264 γε
310 3187 394 3244 τοῦτο
417 3181 505 3244 οὐθὲν
534 3179 567 3242 ἀν
591 3181 697 3243 κωλύοι
724 3182 772 3244 καὶ
795 3183 846 3264 τὴν
874 3183 915 3250 εἰς
943 3182 1016 3264 μέγα
1046 3186 1093 3245 καὶ
1122 3184 1222 3267 μικρὸν
1251 3186 1414 3270 μεταβολὴν
1437 3186 1513 3249 κατὰ
1540 3203 1554 3245 ο

257 3286 357 3369 σχέσιν
381 3284 518 3365 ἀλλήλοις
533 3284 713 3366 ἀντικείμενα
736 3284 784 3346 διὰ
806 3287 949 3367 κινήσεως
963 3286 1102 3367 γίνεσθαι,
1127 3287 1372 3370 συγχωρουμένου
1394 3293 1446 3351 τοῦ
1461 3292 1512 3353 καὶ

256 3389 291 3450 τά
315 3392 355 3456 ὡς
377 3388 449 3471 πρός
475 3410 502 3448 τι
524 3387 704 3468 ἀντικείμενα
731 3387 843 3449 ἐναντία
866 3387 1001 3468 λέγεσθαι
1034 3389 1081 3450 καὶ
1104 3388 1176 3451 εἶναι
1202 3391 1251 3452 καὶ
1279 3390 1329 3459 τὰς
1357 3392 1398 3460 εἰς
1419 3397 1512 3456 ταῦτα

204 3511 238 3559 30
258 3491 420 3576 μεταβολὰς
435 3491 558 3553 ἐναντία.
590 3515 608 3573 η
632 3490 665 3553 οὐ
689 3490 802 3571 λέγεται
825 3489 874 3552 ὑπ’
895 3489 984 3552 αὐτοῦ
1006 3490 1042 3553 τὰ
1065 3490 1136 3575 πρός
1159 3515 1184 3554 τι
1200 3492 1324 3556 ἐναντία.
1363 3494 1431 3557 οὐδὲ
1453 3496 1510 3580 γὰρ
1525 3514 1554 3556 ιο

256 3597 275 3677 ἡ
299 3593 445 3678 ὑπερβολὴ
473 3595 521 3655 καὶ
549 3616 568 3675 η
592 3590 717 3677 ἔλλειψις
742 3593 854 3655 ἐναντία
883 3592 931 3655 ὑπ’
956 3591 1174 3677 Ἀριστοτέλους
1201 3595 1314 3678 λέγεται
1339 3598 1417 3660 καθὸ
1439 3600 1513 3684 πρός

256 3721 281 3759 τι
304 3697 396 3769 ἐστὶν,
425 3700 464 3764 ὡς
488 3698 576 3778 δῆλον
600 3695 633 3757 ἐκ
655 3700 705 3757 τοῦ
728 3694 863 3778 λέγεσθαι
886 3698 937 3779 μὲν
961 3696 1033 3759 αὐτὰ
1056 3698 1128 3780 πρὸς
1151 3697 1265 3781 ἄλληλα
1291 3700 1325 3783 (ἡ
1348 3702 1401 3784 γὰρ
1425 3703 1511 3788 ὑπερ

257 3801 329 3884 βολὴ
354 3799 461 3866 ἐνδείας
483 3798 645 3882 ὑπερβολή,
673 3799 720 3861 καὶ
742 3800 761 3880 ἠ
786 3796 880 3861 ἔνδεια
907 3800 1071 3883 ὑπερβολῆς
1093 3799 1217 3884 ἔνδεια),
1245 3803 1359 3867 ἐναντία
1381 3802 1407 3867 δ’
1436 3806 1510 3870 εἶναι
1526 3825 1551 3866 ιο

257 3904 297 3984 μὴ
321 3902 394 3964 κατά
416 3902 467 3984 τὴν
491 3901 591 3985 σχέσιν
617 3901 738 3984 ταύτην,
767 3902 841 3964 ἀλλά
864 3902 990 3966 καθόσον
1019 3906 1051 3967 τδ
1077 3906 1127 3987 μὲν
1155 3910 1205 3968 τοῦ
1229 3909 1397 3991 συμμέτρου
1421 3912 1510 3974 πλέον

203 4024 235 4073 35
256 4004 346 4068 ἐστίν·
371 4005 403 4065 τδ
419 4002 498 4087 <μέν>
520 4003 575 4086 γὰρ
592 4006 700 4084 μᾶλλον
716 4008 839 4076 τοιοῦτο,
863 4006 894 4067 τδ
918 4005 1083 4069 δὲέλαττον
1108 4012 1160 4070 τοῦ
1176 4010 1354 4094 συμμέτρου·
1378 4018 1510 4077 τοιοῦτον

256 4107 309 4191 γάρ
337 4108 370 4169 τὸ
398 4106 541 4168 ἐλλεῖπον.
585 4105 619 4167 οίι
647 4106 700 4189 γὰρ
727 4108 762 4168 τά
789 4108 924 4170 ὁπωσοῦν
953 4111 1168 4194 ὑπερβάλλοντα
1196 4115 1244 4175 καὶ
1271 4114 1439 4179 ἐλλείποντα
1466 4119 1509 4181 ἐν·
1523 4135 1551 4177 κο

255 4210 336 4274 αντία
362 4209 453 4290 λέγει,
483 4207 556 4270 ἀλλά
583 4207 619 4269 τὰ
650 4210 721 4292 πρὸς
748 4210 779 4271 τό
807 4210 969 4295 σύμμετρον
997 4213 1090 4282 οὔτως
1118 4212 1239 4299 ἔχοντα,
1267 4218 1338 4301 πρὸς
1367 4220 1382 4282 δ
1410 4220 1509 4285 οὐκέτι

203 4386 311 4395 -ᾁ-
321 4388 325 4393 -
331 4384 603 4393 ...ᾐρ--α--ο-

201 4491 268 4560 ὀιί]
287 4491 303 4561 ἡ
324 4490 381 4544 FG²
400 4491 466 4543 Vict.
556 4493 592 4560 μὴ
610 4492 639 4544 τό
650 4495 696 4543 VB
718 4493 774 4560 sp.:
794 4494 822 4546 τό
843 4498 900 4547 GF:
917 4495 946 4547 τὸ
965 4496 1000 4564 μὴ
1020 4501 1079 4550 SLa
1168 4499 1278 4551 ἐναντίον
1292 4501 1370 4555 vs²a
1383 4504 1442 4573 sp.:
1463 4506 1564 4560 ἐναντία

203 4581 301 4634 GFS¹L
391 4583 435 4646 μὲν
454 4577 576 4646 ἐλεγτνλ
666 4580 702 4632 ἔτι
722 4582 873 4649 B²s²aSp.:
898 4582 936 4634 ότι
957 4585 1115 4637 VGFB¹S¹L
1205 4589 1270 4640 8ἐν
1289 4597 1340 4648 τοῖς
1359 4588 1483 4659 Ἠθικοῖς]
1504 4594 1564 4647 Em.

202 4667 257 4720 Nic.
278 4668 309 4729 11,
329 4666 352 4718 8.
376 4666 498 4718 11081213
604 4666 716 4736 θλέγειν
736 4673 758 4718 V
886 4672 915 4723 13
938 4672 1046 4725 fortasse
1066 4673 1137 4724 ἀλλ’
1155 4675 1176 4726 εί
1195 4679 1237 4727 καί
1349 4681 1377 4731 Π
1407 4684 1501 4733 τοὺτου
1519 4682 1565 4734 τὸν

201 4754 279 4807 τόπον
297 4755 364 4806 coni.
384 4753 430 4820 Sp.
519 4754 562 4805 καλ
581 4756 640 4806 add.
659 4757 766 4810 V²BS²⁵a
785 4757 828 4825 Sp.
927 4761 958 4811 18
977 4760 1052 4812 τόπον
1069 4762 1134 4813 vict.
1155 4762 1212 4828 Sp.:
1232 4762 1261 4814 τό
1280 4764 1351 4817 ποίαν
1370 4769 1419 4818 V¹:
1438 4769 1469 4820 τδ
1488 4777 1565 4822 ποῖον

202 4845 233 4896 F:
254 4842 282 4894 τὸ
300 4841 371 4896 ποιὸν
392 4842 536 4895 V‘JSGBLa
641 4843 670 4894 21
693 4843 736 4896 οὖν
755 4853 816 4898 ante
835 4847 887 4899 ἐπεὶ
907 4849 997 4899 colloc.
1015 4848 1072 4915 Sp.:
1093 4864 1142 4901 οω.
1162 4868 1178 4900 a
1284 4852 1317 4904 24
1336 4852 1414 4906 ἄλλου
1434 4853 1461 4907 δέ
1481 4874 1498 4909 ιι

202 4930 235 4986 27
255 4929 421 5000 οθδέναὸμ.
528 4930 763 5003 31υ1ι.ηοιιι.α
870 4934 950 4989 35τὸ
971 4936 1017 5005 μέν
1037 4940 1141 4991 GFSLa
1161 4937 1217 5008 Sp.:
1236 4938 1265 4991 τὸ
1286 4942 1332 4993 VB
