3540 5610
203 329 247 394 96
678 326 883 382 Αιοκιιιοιιι
906 328 951 381 nn
973 326 1084 381 λιιιιικ

256 501 276 583 ὴ
294 486 444 585 θρεπτική,
467 505 553 584 σῶμα
575 501 608 564 δὲ
630 502 646 565 δ
667 498 765 583 θώραξ
788 500 839 583 (τὰ
861 498 935 564 ἄλλα
957 500 1012 584 γὰρ
1034 500 1127 585 τοότιρ
1151 500 1379 586 προσπέφυκεν),
1403 500 1505 587 [ὥστε]

255 604 303 666 καὶ
325 603 398 667 κατὰ
420 607 505 666 τοῦτο
534 602 683 686 θνητοῦ
713 607 765 687 ζῆν
788 603 866 688 ἀρχὴ
895 604 960 688 περὶ
982 604 1031 666 τδν
1055 604 1177 687 θώρακα
1199 607 1284 667 πᾶσιν
1308 603 1365 687 εἴη.
1408 603 1506 668 οὐκέτι

255 704 308 789 γὰρ
331 707 422 776 οὕτως
444 705 525 769 κοινά
548 705 583 769 τά
605 705 690 769 ἄλλα.
735 703 877 789 οὔτεγὰρ
899 706 1012 790 κεφαλὴ
1035 711 1121 770 πᾶσιν
1144 705 1237 770 κοινόν
1263 705 1341 789 (ἔστι
1361 706 1416 790 γὰρ
1440 708 1507 793 ζῷά

257 832 319 872 τινα
343 810 436 894 χωρίς
461 809 562 873 τούτου
589 813 640 872 τοῦ
668 807 802 893 μέρους),
826 805 885 870 ἀλλ’
913 807 982 871 οὐδὲ
1008 813 1119 892 χεῖρες,
1145 809 1165 893 ὴ
1187 809 1338 894 πτέρυγες,
1365 810 1384 893 ὴ
1407 810 1504 880 πόδες.
1518 825 1546 869 τι

228 907 314 973 σάλλί
343 913 370 974 εἰ
390 912 439 975 καὶ
460 913 480 995 ὴ
502 912 673 996 κατεργασία
696 915 748 994 τὴς
769 914 878 996 τροφὴς
900 910 948 973 διὰ
970 915 1021 973 τοῦ
1041 912 1153 995 θερμοῦ
1177 913 1311 994 μαλιστα,
1334 910 1452 995 εὔλογον
1475 913 1506 977 ἐν

256 1009 283 1100 ᾤ
307 1015 340 1077 τὸ
355 1017 487 1077 πλεῖστον
510 1014 630 1098 θερμόν,
652 1014 682 1077 ἐν
698 1013 792 1098 τοότιρ
814 1014 863 1076 καὶ
885 1014 936 1096 τὴν
957 1012 1074 1095 δύναμιν
1098 1015 1237 1098 εἶναιτὴν
1260 1014 1418 1099 θρεπτικὴν
1433 1016 1506 1099 πρὸς

254 1122 297 1202 τῷ
321 1117 420 1203 οἰκείῳ
443 1117 571 1201 δργάνιρ,
599 1120 638 1186 ὡς
661 1117 676 1179 ό
701 1117 753 1199 μὲν
775 1116 953 1200 κυβερνήτης
979 1117 1050 1200 πρὸς
1073 1122 1132 1187 τοῖς
1154 1116 1258 1193 οἴαξιν,
1285 1119 1301 1181 ό
1324 1118 1356 1181 δὲ
1378 1118 1506 1202 χαλκεὺς

255 1221 327 1305 πρὸς
348 1223 408 1289 τοῖς
423 1223 622 1304 χαλκευτικοῖς
644 1219 783 1303 ὀργάνοις.
817 1220 865 1282 καί
888 1217 1004 1302 ὅτιμὲν
1026 1220 1056 1283 ἐν
1080 1227 1123 1305 τῷ
1145 1220 1259 1305 θώρακι
1280 1221 1329 1284 καὶ
1351 1221 1416 1304 περὶ
1438 1244 1505 1304 καρ

255 1323 317 1385 δίαν
339 1325 359 1407 ἥ
384 1346 415 1386 τε
438 1323 577 1407 θρεπτικὴ
602 1323 649 1384 καὶ
672 1319 810 1405 αὐξητικὴ
832 1344 864 1384 τε
889 1323 937 1384 καὶ
959 1324 1108 1406 γεννητικὴ
1131 1326 1230 1409 ψυχὴ,
1253 1324 1289 1407 ἢν
1311 1324 1360 1386 καὶ
1382 1324 1504 1407 φυτικὴν

216 1441 243 1486 10
256 1428 415 1509 καλοῦμεν,
441 1425 474 1487 ἐκ
496 1423 604 1487 τούτων
633 1424 680 1487 καὶ
703 1428 761 1486 τῶν
784 1425 920 1487 τοιούτων
944 1424 978 1487 ἂν
1001 1425 1165 1489 δεικνόοιτο.
1211 1424 1375 1489 ἀκόλουθον
1397 1424 1444 1502 δέ,
1474 1425 1504 1487 ἐν

257 1523 283 1615 ᾧ
300 1532 395 1607 τοῦτο,
420 1528 449 1591 ἐν
465 1527 559 1611 τούτῳ
582 1524 716 1588 εἶναικαὶ
738 1527 790 1611 τὴν
807 1527 988 1613 αἰσθητικὴν,
1012 1528 1042 1590 ἐν
1057 1529 1100 1597 οἷς
1123 1529 1193 1592 εἰσιν
1215 1529 1244 1591 αί
1262 1529 1395 1610 δυνάμεις
1410 1528 1504 1611 α’μφό·
1517 1544 1547 1586 ιο

255 1655 343 1717 τεραι.
387 1631 413 1693 εἰ
434 1631 488 1714 γὰρ
511 1629 567 1692 είεν
590 1628 811 1713 κεχωρισμέναι,
834 1629 929 1693 οὐκέτ’
957 1629 992 1693 δν
1015 1629 1050 1693 τὰ
1072 1628 1177 1716 ἔχοντα
1200 1630 1364 1716 ἀμφοτέρας
1386 1629 1436 1699 τὰς
1459 1633 1504 1694 δυ·

255 1736 354 1817 νάμεις
380 1734 446 1817 μίαν
474 1730 539 1818 ἔχοι
565 1734 680 1818 ψυχήν,
711 1730 786 1794 ἀλλὰ
813 1733 939 1802 πλείους.
989 1732 1062 1818 αὐτὴ
1089 1733 1144 1819 γὰρ
1171 1733 1240 1797 καθ’
1267 1733 1357 1816 αδτὴν
1384 1730 1457 1796 οὖσα
1482 1736 1502 1818 ὴ

255 1837 394 1921 θρεπτικὴ
418 1836 537 1919 δύναμις
564 1835 675 1903 ἐντοῖς
701 1838 801 1919 φυτοῖς
822 1831 941 1920 ἔμψυχα
967 1835 1042 1899 αὐτὰ
1064 1841 1211 1921 παρεῖχεν.
1258 1838 1334 1900 ὥστε
1356 1833 1434 1899 ἔσται
1456 1838 1504 1899 καί

216 1955 242 2002 15
255 1939 285 2002 ἑν
311 1945 353 2025 τῷ
378 1938 449 2026 ζῴῳ
475 1936 607 2022 ἔμψυχον
634 1938 666 2000 τδ
695 1935 793 2020 μόριον
820 1937 853 1999 τδ
880 1937 985 2020 ταύτην
1015 1938 1067 2020 τὴν
1090 1939 1207 2021 δύναμιν
1235 1937 1305 2025 ἔχον
1327 1938 1395 2002 καθ’
1422 1937 1503 2003 αὑτό.

256 2045 282 2106 εἰ
304 2043 336 2105 δὲ
357 2047 452 2120 τοῦτο,
475 2044 563 2125 δῆλον
587 2039 630 2103 ὅτι
652 2041 700 2102 καὶ
722 2040 754 2102 τδ
777 2039 829 2122 τὴν
850 2039 1021 2124 αἰσθητικὴν
1044 2038 1114 2125 ἔχον
1137 2045 1221 2105 πάλιν
1246 2041 1279 2105 ἂν
1302 2040 1435 2127 ἔμψυχον
1457 2039 1504 2124 εἴη

257 2145 324 2210 καθ’
351 2143 432 2207 αὑτό.
471 2144 563 2212 οὕτως
585 2142 617 2205 δὲ
639 2141 761 2205 δύναιντ’
787 2141 821 2204 δν
844 2142 908 2206 αἵδε
934 2145 964 2206 αἱ
986 2145 1120 2226 δυνάμεις
1141 2145 1321 2229 χωρίζεσθαι
1342 2143 1393 2208 ἀπ’
1419 2145 1506 2228 ἀλλὴ-
1542 2220 1546 2227 ἱ

255 2252 324 2326 λων,
348 2251 388 2316 ὡς
410 2245 483 2340 εἶναη
503 2245 590 2330 ἐντῷ
615 2241 686 2330 ζῴιρ
709 2245 742 2307 τδ
767 2243 817 2327 μέν
840 2269 867 2307 τι
883 2244 1057 2329 τρεφόμενον
1081 2246 1167 2329 μόνον
1190 2250 1237 2310 καὶ
1260 2248 1308 2311 διὰ
1329 2253 1413 2311 τοῦτο
1436 2250 1504 2324 ζῶν,
1518 2263 1546 2306 ιο

255 2352 288 2415 τδ
310 2352 343 2414 δὲ
364 2347 574 2432 αἰσθανόμενον
597 2345 694 2429 μόνον,
717 2345 812 2409 οὐκέτι
835 2348 937 2411 δὲκαὶ
959 2348 1144 2434 τρεφόμενον.
1186 2350 1263 2414 ἀλλὰ
1285 2351 1342 2434 μὴν
1365 2350 1503 2414 ἀδύνατον

214 2471 242 2516 20
255 2453 326 2517 εἶναι
347 2455 399 2538 τὴν
415 2452 586 2536 αἰσθητικὴν
609 2444 700 2534 χωρὶς
722 2454 774 2533 τῆς
793 2449 959 2534 θρεπτικὴς.
994 2449 1027 2514 οδ
1050 2450 1103 2535 γδρ
1127 2451 1187 2514 οίόν
1209 2452 1241 2516 τέ
1263 2477 1288 2515 τι
1311 2453 1505 2518 αἰσθάνεσθαι

256 2558 319 2642 μέν,
342 2558 382 2641 μὴ
406 2555 564 2641 τρέφεσθαι
587 2552 629 2628 δέ,
651 2552 741 2635 ὴτὴν
763 2551 918 2636 θρεπτικὴν
941 2555 1033 2637 χωρὶς
1055 2559 1107 2637 τῆς
1121 2555 1294 2640 αἰσθητικὴς
1316 2556 1345 2619 ἐν
1369 2556 1411 2625 οίς
1433 2557 1504 2619 εἰσιν

257 2662 356 2747 άμφω.
401 2658 435 2723 οὔ
458 2662 578 2743 σημεῖον
600 2658 633 2720 τὸ
656 2655 848 2742 φθειρομένης
874 2660 927 2739 τὴς
953 2657 1031 2740 ἁφῆς
1058 2658 1133 2740 μηδὲ
1158 2662 1209 2741 ζῆν
1239 2656 1281 2720 ἔτι
1308 2658 1448 2722 δύνασθαι
1471 2660 1504 2722 τδ

256 2770 342 2850 ζῷον.
386 2762 492 2836 καίτοι,
515 2761 541 2823 εἰ
562 2757 598 2842 ὴν
621 2761 640 2842 ὴ
664 2759 804 2842 θρεπτικὴ
827 2758 1043 2843 κεχωρισμένη,
1073 2759 1235 2844 φθαρείσης
1256 2766 1308 2845 τὴς
1330 2762 1505 2845 αἰσθητικῆς

256 2867 362 2931 οἷόντε
385 2865 419 2928 ἂν
434 2862 470 2947 ὴν
487 2867 539 2946 ζῆν
555 2859 596 2925 ἔτι
619 2864 651 2925 τδ
669 2866 755 2946 ζῷον,
777 2859 848 2945 ἔχον
870 2884 902 2942 γε
917 2862 969 2943 τὴν
985 2861 1142 2945 θρεπτικὴν
1155 2863 1294 2946 δύναμιν,
1316 2865 1379 2948 ὴτις
1401 2863 1436 2947 ὴν
1453 2868 1504 2927 τοῦ

216 2988 244 3032 25
257 2970 311 3056 ἰὴν
326 2966 462 3055 χορηγός.
496 2964 538 3029 ἔτι
560 2965 602 3042 δέ,
625 2964 651 3026 εί
665 2965 818 3046 αναγκαῖον
842 2963 874 3026 τδ
894 2963 1062 3046 αἰσθητικόν
1086 2966 1125 3048 μὴ
1144 2966 1328 3041 διεσπάσθαι,
1351 2963 1410 3029 ἀλλ’
1431 2965 1503 3029 εἶναι
1517 2984 1547 3026 ευ

255 3074 341 3159 τήνδε.
363 3072 415 3154 τὴν
438 3069 556 3149 δύναμιν
579 3068 643 3152 περὶ
665 3067 752 3130 ταδτό
772 3090 808 3139 τι,
831 3068 985 3150 προδήλως
1006 3067 1038 3129 δὲ
1059 3068 1105 3129 διὰ
1128 3073 1185 3131 τῶν
1208 3069 1361 3152 ἀνατομῶν
1380 3070 1506 3153 εδρίσκε·

255 3201 301 3241 ται
323 3175 402 3260 ἀρχὴ
426 3169 498 3235 οόσοι
525 3172 544 3253 ὴ
567 3169 670 3253 καρδία
698 3175 750 3252 τῆς
772 3191 803 3230 τε
830 3169 909 3252 ἁφὴς
930 3170 978 3231 καὶ
1005 3175 1057 3254 τὴς
1083 3169 1225 3252 γεύσεως,
1256 3170 1313 3234 εἶεν
1342 3171 1376 3234 δν
1403 3175 1505 3237 καλαί

256 3279 353 3344 λοιπαὶ
375 3276 440 3360 περὶ
462 3275 514 3357 τὴν
536 3273 664 3358 καρδίαν.
697 3271 820 3354 καὶγὰρ
843 3273 872 3333 αἱ
896 3276 972 3356 τρεῖς
993 3273 1081 3336 εἶκαὶ
1105 3273 1145 3356 μὴ
1170 3272 1199 3342 ἐξ
1221 3272 1337 3343 εὐθείας
1358 3277 1429 3359 πρὸς
1451 3264 1505 3361 τὴν

257 3383 374 3467 καρδίαν
398 3377 608 3461 συντέτρηνται,
631 3370 690 3438 ἀλλ’
711 3370 788 3437 ἔστιν
810 3376 830 3459 ὴ
853 3376 920 3444 όδδς
939 3374 1041 3457 αδταῖς
1064 3375 1112 3438 διὰ
1133 3380 1185 3461 τὴς
1206 3380 1345 3462 κεφαλῆς.
1382 3378 1429 3442 διὰ
1450 3380 1505 3465 γὰρ

204 3681 215 3732 l
237 3675 323 3746 σῶμα]
342 3676 387 3728 der
405 3668 732 3743 gemeinschaftliche
750 3668 850 3736 Κὸτροι
928 3667 1011 3736 τοότιμ
1030 3668 1214 3742 προσπέφυκεν]
1234 3671 1294 3721 sind
1312 3686 1361 3722 nur
1379 3687 1421 3723 um
1442 3672 1560 3727 dessent-

202 3765 288 3818 willen
306 3762 453 3833 geschaffen
559 3759 575 3811 3
594 3755 675 3815 οὕτως
693 3771 744 3807 om.
763 3755 848 3808 addit:
867 3756 914 3808 wie
932 3755 974 3809 die
993 3757 1071 3810 Brust
1176 3757 1222 3826 γὰρ
1241 3762 1301 3811 ante
1319 3757 1417 3829 κεφαλὴ
1436 3774 1487 3811 om,

202 3854 285 3906 δοιαὶ
303 3866 354 3903 om.
466 3844 615 3918 Ἱδργάνιρ]
635 3845 737 3914 Organa
849 3842 917 3894 7-8
939 3842 998 3908 δδὲ
1016 3844 1292 3917 χαλκεὺς-ὀργάνοις]
1311 3846 1364 3898 und
1383 3846 1425 3898 die
1444 3847 1561 3902 Ruderer

202 3942 288 3993 neben
306 3939 355 3991 den
373 3935 628 4001 Ruderwerkzeugen
727 3930 760 3982 10
777 3928 929 3999 ἀκόλουθον]
948 3932 1023 3998 τίιιίρ
1123 3933 1153 3984 18
1171 3932 1200 3985 τὸ
1219 3934 1264 4001 μίν
1281 3932 1316 4001 τι]
1336 3935 1379 3986 ein
1397 3934 1454 3986 Teil
1472 3936 1560 3989 seinos

203 4026 307 4080 Glieder
430 4022 463 4075 23
490 4019 573 4073 καίτοι
591 4018 623 4088 εἰ]
643 4019 711 4071 denn
730 4034 805 4071 wenn
922 4018 1109 4091 κεχωρισμένη]
1128 4025 1250 4087 getrennt
1267 4021 1352 4073 κόνδυ
1370 4022 1423 4074 und
1443 4022 1484 4075 ίιῖτ
1502 4025 1559 4077 sich

203 4115 283 4167 selbst
301 4115 421 4179 gotrennt
439 4108 524 4161 wfirde
542 4107 603 4174 (sic)
687 4106 720 4160 25
737 4106 764 4159 δέ
782 4122 832 4159 om.
914 4106 1307 4175 28).02m1]fibn·gensinne
1391 4108 1495 4163 28-29
1514 4112 1560 4164 καὶ

202 4197 408 4274 γὰρ-κεφαλῆς]
428 4198 497 4249 denn
515 4196 558 4248 die
576 4195 631 4247 drei
645 4194 756 4259 Sinne,
774 4194 874 4247 obwohl
893 4195 932 4247 sie
945 4211 976 4246 zu
990 4194 1047 4247 dem
1062 4195 1160 4247 Herzen
1178 4195 1252 4247 nicht
1264 4195 1410 4263 fibergehen
1431 4197 1559 4266 (Passage

202 4288 307 4354 haben),
325 4287 409 4340 haben
428 4285 495 4337 doch
513 4284 590 4336 einen
609 4282 677 4351 Weg
696 4299 731 4335 zu
751 4283 933 4336 demselben
952 4282 1105 4335 vermittelst
1122 4282 1167 4334 des
1184 4282 1280 4350 Kopfes
1368 4282 1496 4351 29-97,1
1516 4283 1559 4339 διὰ

202 4373 395 4446 γὰρ-καρδίαν
413 4389 463 4427 om.

205 4653 355 4705 lfortasse
374 4656 447 4720 σῶμα
465 4649 491 4703 δὲ
509 4648 614 4715 (κοινὸν)
634 4664 659 4701 v.
678 4648 727 4700 int.
746 4647 816 4700 hebr.
922 4645 1009 4716 θῶραξ
1027 4648 1051 4701 V
1157 4646 1223 4699 ὥστε
1242 4647 1325 4701 delevi
1432 4646 1560 4710 3οὔτως

201 4741 234 4792 τά
252 4740 358 4792 κοινὰτι
454 4735 636 4809 θκαρδὴακο
733 4734 794 4786 9ττ
812 4740 874 4786 ante
891 4735 934 4786 καὶ
952 4750 1037 4787 αιτιοι
1133 4736 1287 4805 γενητικὴυ
1385 4736 1416 4788 Π
1436 4736 1461 4788 αἱ
1479 4753 1560 4806 supra

202 4828 284 4886 lin.V
384 4826 414 4879 21
436 4825 518 4896 ὴτὴν
535 4825 572 4878 V:
590 4824 607 4894 ὴ
625 4823 707 4892 τὴνα
807 4821 840 4874 25
860 4821 1046 4890 ἀναγκκαῖονα
1149 4820 1327 4876 διεσπᾶσθαια
1426 4823 1460 4877 θθ
1479 4823 1560 4897 αδτὴς

203 4914 244 4967 διὰ
263 4932 278 4967 ο
382 4914 492 4966 fortasse
513 4910 627 4982 κεφαλῆς
644 4910 706 4983 πρὸς
723 4909 802 4979 αὐτὴν
820 4909 852 4961 cf.
872 4911 921 4962 int.
940 4910 1011 4962 hebr.
