<?xml version="1.0" encoding="UTF-8"?>
<!DOCTYPE html PUBLIC "-//W3C//DTD XHTML 1.0 Transitional//EN"
    "http://www.w3.org/TR/xhtml1/DTD/xhtml1-transitional.dtd">
<html xmlns="http://www.w3.org/1999/xhtml" xml:lang="en" lang="en">
 <head>
  <title>
</title>
<meta http-equiv="Content-Type" content="text/html;charset=utf-8" />
  <meta name='ocr-system' content='tesseract 3.04.00' />
  <meta name='ocr-capabilities' content='ocr_page ocr_carea ocr_par ocr_line ocrx_word'/>
</head>
<body>
  <div class='ocr_page' id='page_1' title='image "./supplementumari02arisgoog/supplementumari02arisgoog_0100.png"; bbox 0 0 3540 5610; ppageno 0'>
   <div class='ocr_carea' id='block_1_1' title="bbox 689 306 1567 373">
    <p class='ocr_par' dir='ltr' id='par_1_1' title="bbox 689 306 1567 373">
     <span class='ocr_line' id='line_1_1' title="bbox 689 306 1567 373; baseline 0.015 -13"><span class='ocrx_word' id='word_1_1' title='bbox 689 306 893 361; x_wconf 71' lang='lat' dir='ltr'>ALEXANDRI</span> <span class='ocrx_word' id='word_1_2' title='bbox 917 307 961 360; x_wconf 79' lang='grc' dir='ltr'>[ιο</span> <span class='ocrx_word' id='word_1_3' title='bbox 983 309 1093 362; x_wconf 80' lang='grc' dir='ltr'>Αινιιιλ</span> <span class='ocrx_word' id='word_1_4' title='bbox 1268 323 1271 330; x_wconf 93' lang='grc'><strong><em>·</em></strong></span> <span class='ocrx_word' id='word_1_5' title='bbox 1527 309 1567 373; x_wconf 80' lang='lat'>73</span> 
     </span>
    </p>
   </div>
   <div class='ocr_carea' id='block_1_2' title="bbox 170 479 1628 2826">
    <p class='ocr_par' dir='ltr' id='par_1_2' title="bbox 266 479 1514 565">
     <span class='ocr_line' id='line_1_2' title="bbox 266 479 1514 565; baseline 0 -22"><span class='ocrx_word' id='word_1_6' title='bbox 266 481 420 549; x_wconf 86' lang='grc' dir='ltr'>κατάθεσις</span> <span class='ocrx_word' id='word_1_7' title='bbox 442 480 476 543; x_wconf 88' lang='grc' dir='ltr'>οῦ</span> <span class='ocrx_word' id='word_1_8' title='bbox 500 484 638 564; x_wconf 78' lang='grc' dir='ltr'>παροῦσιν</span> <span class='ocrx_word' id='word_1_9' title='bbox 662 484 703 550; x_wconf 81' lang='grc' dir='ltr'>ὡς</span> <span class='ocrx_word' id='word_1_10' title='bbox 724 481 848 565; x_wconf 87' lang='grc' dir='ltr'>αἱρετοῖς</span> <span class='ocrx_word' id='word_1_11' title='bbox 870 481 958 564; x_wconf 92' lang='grc' dir='ltr'>ὁρμή,</span> <span class='ocrx_word' id='word_1_12' title='bbox 980 480 1063 561; x_wconf 81' lang='grc' dir='ltr'>τὸδ’</span> <span class='ocrx_word' id='word_1_13' title='bbox 1091 480 1162 545; x_wconf 85' lang='grc' dir='ltr'>αύτὸ</span> <span class='ocrx_word' id='word_1_14' title='bbox 1186 483 1233 546; x_wconf 87' lang='grc' dir='ltr'>καὶ</span> <span class='ocrx_word' id='word_1_15' title='bbox 1257 480 1357 565; x_wconf 73' lang='grc' dir='ltr'>ὄρεξις.</span> <span class='ocrx_word' id='word_1_16' title='bbox 1399 479 1514 544; x_wconf 85' lang='grc' dir='ltr'>ἔστιδὲ</span> 
     </span>
    </p>

    <p class='ocr_par' dir='ltr' id='par_1_3' title="bbox 265 582 1513 668">
     <span class='ocr_line' id='line_1_3' title="bbox 265 582 1513 668; baseline -0.001 -22"><span class='ocrx_word' id='word_1_17' title='bbox 265 582 313 666; x_wconf 86' lang='grc' dir='ltr'>ἐφ’</span> <span class='ocrx_word' id='word_1_18' title='bbox 334 584 374 645; x_wconf 87' lang='grc' dir='ltr'>ὧν</span> <span class='ocrx_word' id='word_1_19' title='bbox 391 584 439 645; x_wconf 85' lang='grc' dir='ltr'>καὶ</span> <span class='ocrx_word' id='word_1_20' title='bbox 454 582 634 667; x_wconf 78' lang='grc' dir='ltr'>ὁρμήσαντες</span> <span class='ocrx_word' id='word_1_21' title='bbox 655 583 707 647; x_wconf 89' lang='grc' dir='ltr'>οἰικ</span> <span class='ocrx_word' id='word_1_22' title='bbox 722 582 895 667; x_wconf 78' lang='grc' dir='ltr'>ἐπράξαμεν,</span> <span class='ocrx_word' id='word_1_23' title='bbox 919 582 1021 667; x_wconf 92' lang='grc' dir='ltr'>μηκέτι</span> <span class='ocrx_word' id='word_1_24' title='bbox 1036 589 1088 667; x_wconf 75' lang='grc' dir='ltr'>τῆς</span> <span class='ocrx_word' id='word_1_25' title='bbox 1104 585 1272 668; x_wconf 78' lang='grc' dir='ltr'>βουλήσεως</span> <span class='ocrx_word' id='word_1_26' title='bbox 1287 582 1513 668; x_wconf 73' lang='grc' dir='ltr'>συνδραμούσης.</span> 
     </span>
    </p>

    <p class='ocr_par' dir='ltr' id='par_1_4' title="bbox 263 682 1514 771">
     <span class='ocr_line' id='line_1_4' title="bbox 263 682 1514 771; baseline 0.001 -25"><span class='ocrx_word' id='word_1_27' title='bbox 263 685 297 746; x_wconf 88' lang='grc' dir='ltr'>τὸ</span> <span class='ocrx_word' id='word_1_28' title='bbox 319 685 352 747; x_wconf 84' lang='grc' dir='ltr'>δὲ</span> <span class='ocrx_word' id='word_1_29' title='bbox 373 682 466 768; x_wconf 81' lang='grc' dir='ltr'>ὄνομα</span> <span class='ocrx_word' id='word_1_30' title='bbox 487 689 525 768; x_wconf 77' lang='grc' dir='ltr'>τῇ</span> <span class='ocrx_word' id='word_1_31' title='bbox 549 686 693 770; x_wconf 72' lang='grc' dir='ltr'>φαντασία</span> <span class='ocrx_word' id='word_1_32' title='bbox 714 686 773 749; x_wconf 86' lang='grc' dir='ltr'>άπὸ</span> <span class='ocrx_word' id='word_1_33' title='bbox 795 690 848 769; x_wconf 77' lang='grc' dir='ltr'>τῆς</span> <span class='ocrx_word' id='word_1_34' title='bbox 870 686 1047 765; x_wconf 89' lang='grc' dir='ltr'>αἰσθήσεως,</span> <span class='ocrx_word' id='word_1_35' title='bbox 1070 684 1121 771; x_wconf 81' lang='grc' dir='ltr'>ἀφ’</span> <span class='ocrx_word' id='word_1_36' title='bbox 1149 688 1187 770; x_wconf 87' lang='grc' dir='ltr'>ής</span> <span class='ocrx_word' id='word_1_37' title='bbox 1208 688 1255 750; x_wconf 84' lang='grc' dir='ltr'>καὶ</span> <span class='ocrx_word' id='word_1_38' title='bbox 1279 686 1414 749; x_wconf 83' lang='grc' dir='ltr'>τὸεῖναι.</span> <span class='ocrx_word' id='word_1_39' title='bbox 1452 686 1514 748; x_wconf 82' lang='grc' dir='ltr'>ἐπεὶ</span> 
     </span>
    </p>

    <p class='ocr_par' dir='ltr' id='par_1_5' title="bbox 234 785 1614 976">
     <span class='ocr_line' id='line_1_5' title="bbox 264 785 1587 873; baseline 0.001 -25"><span class='ocrx_word' id='word_1_40' title='bbox 264 787 319 871; x_wconf 77' lang='grc' dir='ltr'>γὰρ</span> <span class='ocrx_word' id='word_1_41' title='bbox 341 788 506 871; x_wconf 75' lang='grc' dir='ltr'>κυριωτάτη</span> <span class='ocrx_word' id='word_1_42' title='bbox 534 793 592 850; x_wconf 86' lang='grc' dir='ltr'>τῶν</span> <span class='ocrx_word' id='word_1_43' title='bbox 615 788 783 872; x_wconf 85' lang='grc' dir='ltr'>αἰσθήσεων</span> <span class='ocrx_word' id='word_1_44' title='bbox 811 789 831 872; x_wconf 79' lang='grc' dir='ltr'>ἡ</span> <span class='ocrx_word' id='word_1_45' title='bbox 855 785 920 872; x_wconf 79' lang='grc' dir='ltr'>ὄψις</span> <span class='ocrx_word' id='word_1_46' title='bbox 947 787 1135 866; x_wconf 85' lang='grc' dir='ltr'>εἶναιδοκεῖ,</span> <span class='ocrx_word' id='word_1_47' title='bbox 1162 789 1268 873; x_wconf 80' lang='grc' dir='ltr'>ταύτης</span> <span class='ocrx_word' id='word_1_48' title='bbox 1290 790 1323 852; x_wconf 86' lang='grc' dir='ltr'>δέ</span> <span class='ocrx_word' id='word_1_49' title='bbox 1344 791 1363 873; x_wconf 86' lang='grc' dir='ltr'>ή</span> <span class='ocrx_word' id='word_1_50' title='bbox 1387 788 1515 871; x_wconf 86' lang='grc' dir='ltr'>ἐνέργεια</span> <span class='ocrx_word' id='word_1_51' title='bbox 1581 839 1587 849; x_wconf 88' lang='grc'>.</span> 
     </span>
     <span class='ocr_line' id='line_1_6' title="bbox 234 881 1614 976; baseline -0.001 -26"><span class='ocrx_word' id='word_1_52' title='bbox 234 889 312 951; x_wconf 70' lang='grc' dir='ltr'>οδιὰ</span> <span class='ocrx_word' id='word_1_53' title='bbox 333 888 433 973; x_wconf 83' lang='grc' dir='ltr'>φωτός</span> <span class='ocrx_word' id='word_1_54' title='bbox 458 889 541 972; x_wconf 85' lang='grc' dir='ltr'>(ἄνευ</span> <span class='ocrx_word' id='word_1_55' title='bbox 562 891 617 975; x_wconf 88' lang='grc' dir='ltr'>γὰρ</span> <span class='ocrx_word' id='word_1_56' title='bbox 643 892 741 975; x_wconf 87' lang='grc' dir='ltr'>φωτδς</span> <span class='ocrx_word' id='word_1_57' title='bbox 763 881 915 954; x_wconf 88' lang='grc' dir='ltr'>οἰδύνατονΙ</span> <span class='ocrx_word' id='word_1_58' title='bbox 930 890 981 973; x_wconf 80' lang='grc' dir='ltr'>τήν</span> <span class='ocrx_word' id='word_1_59' title='bbox 1004 888 1067 952; x_wconf 87' lang='grc' dir='ltr'>κατ’</span> <span class='ocrx_word' id='word_1_60' title='bbox 1095 891 1236 974; x_wconf 88' lang='grc' dir='ltr'>ἐνέργειαν</span> <span class='ocrx_word' id='word_1_61' title='bbox 1264 889 1328 976; x_wconf 83' lang='grc' dir='ltr'>ὄψιν</span> <span class='ocrx_word' id='word_1_62' title='bbox 1355 891 1514 975; x_wconf 86' lang='grc' dir='ltr'>γενέσθαι),</span> <span class='ocrx_word' id='word_1_63' title='bbox 1541 907 1554 949; x_wconf 76' lang='grc' dir='ltr'>ο</span> <span class='ocrx_word' id='word_1_64' title='bbox 1611 926 1614 934; x_wconf 91' lang='lat'>·</span> 
     </span>
    </p>

    <p class='ocr_par' dir='ltr' id='par_1_6' title="bbox 266 992 1595 1078">
     <span class='ocr_line' id='line_1_7' title="bbox 266 992 1595 1078; baseline 0.002 -23"><span class='ocrx_word' id='word_1_65' title='bbox 266 994 325 1055; x_wconf 87' lang='grc' dir='ltr'>άπὸ</span> <span class='ocrx_word' id='word_1_66' title='bbox 347 996 399 1056; x_wconf 92' lang='grc' dir='ltr'>τοῦ</span> <span class='ocrx_word' id='word_1_67' title='bbox 422 996 460 1075; x_wconf 73' lang='grc' dir='ltr'>τῇ</span> <span class='ocrx_word' id='word_1_68' title='bbox 484 994 649 1076; x_wconf 85' lang='grc' dir='ltr'>κυριωτάτη</span> <span class='ocrx_word' id='word_1_69' title='bbox 672 997 730 1056; x_wconf 83' lang='grc' dir='ltr'>τῶν</span> <span class='ocrx_word' id='word_1_70' title='bbox 750 993 919 1077; x_wconf 86' lang='grc' dir='ltr'>αἰσθήσεων</span> <span class='ocrx_word' id='word_1_71' title='bbox 941 992 1033 1056; x_wconf 86' lang='grc' dir='ltr'>αἰτίου</span> <span class='ocrx_word' id='word_1_72' title='bbox 1055 997 1108 1077; x_wconf 77' lang='grc' dir='ltr'>τής</span> <span class='ocrx_word' id='word_1_73' title='bbox 1129 993 1280 1078; x_wconf 82' lang='grc' dir='ltr'>ἐνεργείας,</span> <span class='ocrx_word' id='word_1_74' title='bbox 1304 994 1375 1078; x_wconf 87' lang='grc' dir='ltr'>ὁπερ</span> <span class='ocrx_word' id='word_1_75' title='bbox 1398 995 1458 1058; x_wconf 87' lang='grc' dir='ltr'>ἐστὶ</span> <span class='ocrx_word' id='word_1_76' title='bbox 1482 996 1513 1057; x_wconf 84' lang='grc' dir='ltr'>τὸ</span> <span class='ocrx_word' id='word_1_77' title='bbox 1592 1063 1595 1069; x_wconf 61' lang='grc'>,</span> 
     </span>
    </p>

    <p class='ocr_par' dir='ltr' id='par_1_7' title="bbox 263 1093 1513 1180">
     <span class='ocr_line' id='line_1_8' title="bbox 263 1093 1513 1180; baseline 0.002 -24"><span class='ocrx_word' id='word_1_78' title='bbox 263 1100 343 1179; x_wconf 80' lang='grc' dir='ltr'>φῶς,</span> <span class='ocrx_word' id='word_1_79' title='bbox 372 1094 430 1157; x_wconf 80' lang='grc' dir='ltr'>ἀπὸ</span> <span class='ocrx_word' id='word_1_80' title='bbox 453 1095 555 1158; x_wconf 90' lang='grc' dir='ltr'>τούτου</span> <span class='ocrx_word' id='word_1_81' title='bbox 581 1100 620 1180; x_wconf 74' lang='grc' dir='ltr'>τῇ</span> <span class='ocrx_word' id='word_1_82' title='bbox 649 1097 792 1180; x_wconf 73' lang='grc' dir='ltr'>φαντασία</span> <span class='ocrx_word' id='word_1_83' title='bbox 818 1095 954 1178; x_wconf 89' lang='grc' dir='ltr'>τοῦνομα.</span> <span class='ocrx_word' id='word_1_84' title='bbox 999 1093 1060 1159; x_wconf 89' lang='grc' dir='ltr'>ἔστι</span> <span class='ocrx_word' id='word_1_85' title='bbox 1082 1097 1114 1160; x_wconf 84' lang='grc' dir='ltr'>δὲ</span> <span class='ocrx_word' id='word_1_86' title='bbox 1140 1098 1158 1180; x_wconf 84' lang='grc' dir='ltr'>ή</span> <span class='ocrx_word' id='word_1_87' title='bbox 1182 1097 1391 1180; x_wconf 73' lang='grc' dir='ltr'>συγκατάθεσις</span> <span class='ocrx_word' id='word_1_88' title='bbox 1419 1099 1437 1180; x_wconf 80' lang='grc' dir='ltr'>ἡ</span> <span class='ocrx_word' id='word_1_89' title='bbox 1462 1097 1513 1179; x_wconf 87' lang='grc' dir='ltr'>μὲν</span> 
     </span>
    </p>

    <p class='ocr_par' dir='ltr' id='par_1_8' title="bbox 170 1192 1512 1387">
     <span class='ocr_line' id='line_1_9' title="bbox 170 1192 1512 1284; baseline 0.001 -23"><span class='ocrx_word' id='word_1_90' title='bbox 170 1192 174 1199; x_wconf 70' lang='grc'><strong>’</strong></span> <span class='ocrx_word' id='word_1_91' title='bbox 264 1198 312 1262; x_wconf 75' lang='grc' dir='ltr'>ἐπὶ</span> <span class='ocrx_word' id='word_1_92' title='bbox 340 1203 401 1268; x_wconf 83' lang='grc' dir='ltr'>τοῖς</span> <span class='ocrx_word' id='word_1_93' title='bbox 428 1198 529 1267; x_wconf 81' lang='grc' dir='ltr'>ἁπλοῖς</span> <span class='ocrx_word' id='word_1_94' title='bbox 556 1200 604 1261; x_wconf 85' lang='grc' dir='ltr'>καὶ</span> <span class='ocrx_word' id='word_1_95' title='bbox 631 1198 661 1261; x_wconf 89' lang='grc' dir='ltr'>ἐν</span> <span class='ocrx_word' id='word_1_96' title='bbox 689 1204 731 1283; x_wconf 78' lang='grc' dir='ltr'>τῷ</span> <span class='ocrx_word' id='word_1_97' title='bbox 760 1197 834 1261; x_wconf 80' lang='grc' dir='ltr'>εἶναί</span> <span class='ocrx_word' id='word_1_98' title='bbox 859 1223 885 1261; x_wconf 93' lang='grc' dir='ltr'>τι</span> <span class='ocrx_word' id='word_1_99' title='bbox 910 1199 930 1281; x_wconf 83' lang='grc' dir='ltr'>ή</span> <span class='ocrx_word' id='word_1_100' title='bbox 954 1198 995 1282; x_wconf 82' lang='grc' dir='ltr'>μὴ</span> <span class='ocrx_word' id='word_1_101' title='bbox 1022 1197 1093 1261; x_wconf 86' lang='grc' dir='ltr'>εἰναι</span> <span class='ocrx_word' id='word_1_102' title='bbox 1121 1199 1255 1284; x_wconf 72' lang='grc' dir='ltr'>γινομένη</span> <span class='ocrx_word' id='word_1_103' title='bbox 1287 1198 1341 1262; x_wconf 87' lang='grc' dir='ltr'>οῦκ</span> <span class='ocrx_word' id='word_1_104' title='bbox 1369 1197 1512 1283; x_wconf 81' lang='grc' dir='ltr'>ἐφ’ήμῖν</span> 
     </span>
     <span class='ocr_line' id='line_1_10' title="bbox 264 1288 1512 1387; baseline 0 -23"><span class='ocrx_word' id='word_1_105' title='bbox 264 1302 381 1383; x_wconf 78' lang='grc' dir='ltr'>(ἕπεται</span> <span class='ocrx_word' id='word_1_106' title='bbox 407 1302 461 1386; x_wconf 81' lang='grc' dir='ltr'>γάρ</span> <span class='ocrx_word' id='word_1_107' title='bbox 491 1306 528 1384; x_wconf 75' lang='grc' dir='ltr'>τῇ</span> <span class='ocrx_word' id='word_1_108' title='bbox 551 1324 583 1364; x_wconf 89' lang='grc' dir='ltr'>τε</span> <span class='ocrx_word' id='word_1_109' title='bbox 604 1300 741 1387; x_wconf 75' lang='grc' dir='ltr'>αἰσθήσει</span> <span class='ocrx_word' id='word_1_110' title='bbox 763 1302 811 1364; x_wconf 84' lang='grc' dir='ltr'>καί</span> <span class='ocrx_word' id='word_1_111' title='bbox 834 1306 871 1384; x_wconf 77' lang='grc' dir='ltr'>τῇ</span> <span class='ocrx_word' id='word_1_112' title='bbox 895 1301 1037 1386; x_wconf 74' lang='grc' dir='ltr'>φαντασία</span> <span class='ocrx_word' id='word_1_113' title='bbox 1063 1302 1082 1383; x_wconf 87' lang='grc' dir='ltr'>ή</span> <span class='ocrx_word' id='word_1_114' title='bbox 1109 1302 1206 1364; x_wconf 85' lang='grc' dir='ltr'>τοιάδε</span> <span class='ocrx_word' id='word_1_115' title='bbox 1228 1288 1467 1385; x_wconf 75' lang='grc' dir='ltr'>συγκατάθεσις),</span> <span class='ocrx_word' id='word_1_116' title='bbox 1493 1305 1512 1386; x_wconf 83' lang='grc' dir='ltr'>ή</span> 
     </span>
    </p>

    <p class='ocr_par' dir='ltr' id='par_1_9' title="bbox 224 1402 1585 1794">
     <span class='ocr_line' id='line_1_11' title="bbox 224 1402 1585 1489; baseline 0.003 -25"><span class='ocrx_word' id='word_1_117' title='bbox 224 1420 252 1464; x_wconf 86' lang='grc' dir='ltr'>ιο</span> <span class='ocrx_word' id='word_1_118' title='bbox 266 1405 298 1467; x_wconf 77' lang='grc' dir='ltr'>δὲ</span> <span class='ocrx_word' id='word_1_119' title='bbox 320 1404 370 1467; x_wconf 82' lang='grc' dir='ltr'>ἐπὶ</span> <span class='ocrx_word' id='word_1_120' title='bbox 391 1408 452 1472; x_wconf 84' lang='grc' dir='ltr'>τοῖς</span> <span class='ocrx_word' id='word_1_121' title='bbox 466 1403 618 1488; x_wconf 82' lang='grc' dir='ltr'>πρακτέοις</span> <span class='ocrx_word' id='word_1_122' title='bbox 640 1404 717 1489; x_wconf 81' lang='grc' dir='ltr'>ήμὴ</span> <span class='ocrx_word' id='word_1_123' title='bbox 742 1403 893 1488; x_wconf 86' lang='grc' dir='ltr'>πρακτέοις</span> <span class='ocrx_word' id='word_1_124' title='bbox 908 1403 1054 1487; x_wconf 81' lang='grc' dir='ltr'>γινομένη,</span> <span class='ocrx_word' id='word_1_125' title='bbox 1078 1404 1118 1466; x_wconf 85' lang='grc' dir='ltr'>ὧν</span> <span class='ocrx_word' id='word_1_126' title='bbox 1134 1405 1374 1487; x_wconf 84' lang='grc' dir='ltr'>συγκαταθέσεων</span> <span class='ocrx_word' id='word_1_127' title='bbox 1398 1402 1514 1488; x_wconf 86' lang='grc' dir='ltr'>ὁλὸγος</span> <span class='ocrx_word' id='word_1_128' title='bbox 1540 1462 1546 1473; x_wconf 85' lang='grc'>.</span> <span class='ocrx_word' id='word_1_129' title='bbox 1583 1433 1585 1438; x_wconf 55' lang='lat'><strong>⁴</strong></span> 
     </span>
     <span class='ocr_line' id='line_1_12' title="bbox 264 1505 1513 1592; baseline -0.002 -21"><span class='ocrx_word' id='word_1_130' title='bbox 264 1507 370 1578; x_wconf 77' lang='grc' dir='ltr'>αἴτιος,</span> <span class='ocrx_word' id='word_1_131' title='bbox 399 1505 446 1592; x_wconf 90' lang='grc' dir='ltr'>ἐφ’</span> <span class='ocrx_word' id='word_1_132' title='bbox 473 1508 553 1590; x_wconf 85' lang='grc' dir='ltr'>ήμῖν.</span> <span class='ocrx_word' id='word_1_133' title='bbox 598 1508 630 1569; x_wconf 91' lang='grc' dir='ltr'>τὸ</span> <span class='ocrx_word' id='word_1_134' title='bbox 653 1509 707 1591; x_wconf 84' lang='grc' dir='ltr'>γὰρ</span> <span class='ocrx_word' id='word_1_135' title='bbox 737 1508 785 1571; x_wconf 82' lang='grc' dir='ltr'>διὰ</span> <span class='ocrx_word' id='word_1_136' title='bbox 806 1512 856 1574; x_wconf 94' lang='grc' dir='ltr'>τοῦ</span> <span class='ocrx_word' id='word_1_137' title='bbox 880 1506 1094 1592; x_wconf 83' lang='grc' dir='ltr'>βουλεύσασθαι</span> <span class='ocrx_word' id='word_1_138' title='bbox 1121 1508 1273 1592; x_wconf 88' lang='grc' dir='ltr'>προκρῖναί</span> <span class='ocrx_word' id='word_1_139' title='bbox 1297 1531 1323 1570; x_wconf 92' lang='grc' dir='ltr'>τι</span> <span class='ocrx_word' id='word_1_140' title='bbox 1349 1508 1397 1571; x_wconf 84' lang='grc' dir='ltr'>καὶ</span> <span class='ocrx_word' id='word_1_141' title='bbox 1419 1508 1513 1590; x_wconf 85' lang='grc' dir='ltr'>τούτῳ</span> 
     </span>
     <span class='ocr_line' id='line_1_13' title="bbox 264 1601 1554 1695; baseline -0.005 -21"><span class='ocrx_word' id='word_1_142' title='bbox 264 1608 500 1693; x_wconf 80' lang='grc' dir='ltr'>συγκαταθέσθαι</span> <span class='ocrx_word' id='word_1_143' title='bbox 528 1607 575 1695; x_wconf 88' lang='grc' dir='ltr'>ἐφ’</span> <span class='ocrx_word' id='word_1_144' title='bbox 602 1611 682 1694; x_wconf 87' lang='grc' dir='ltr'>ήμῖν.</span> <span class='ocrx_word' id='word_1_145' title='bbox 727 1611 790 1695; x_wconf 81' lang='grc' dir='ltr'>ἥτις</span> <span class='ocrx_word' id='word_1_146' title='bbox 817 1610 1025 1691; x_wconf 86' lang='grc' dir='ltr'>συγκατάθεσις</span> <span class='ocrx_word' id='word_1_147' title='bbox 1051 1608 1146 1674; x_wconf 78' lang='grc' dir='ltr'>οὐκέτ’</span> <span class='ocrx_word' id='word_1_148' title='bbox 1175 1610 1210 1675; x_wconf 79' lang='grc' dir='ltr'>ἂν</span> <span class='ocrx_word' id='word_1_149' title='bbox 1237 1610 1284 1674; x_wconf 83' lang='grc' dir='ltr'>ἐπὶ</span> <span class='ocrx_word' id='word_1_150' title='bbox 1310 1601 1453 1695; x_wconf 71' lang='grc' dir='ltr'>φαντασία</span> <span class='ocrx_word' id='word_1_151' title='bbox 1474 1610 1512 1693; x_wconf 90' lang='grc' dir='ltr'>γί-</span> <span class='ocrx_word' id='word_1_152' title='bbox 1528 1627 1554 1668; x_wconf 83' lang='grc' dir='ltr'>ιο</span> 
     </span>
     <span class='ocr_line' id='line_1_14' title="bbox 264 1707 509 1794; baseline 0 -19"><span class='ocrx_word' id='word_1_153' title='bbox 264 1707 370 1777; x_wconf 83' lang='grc' dir='ltr'>νεσθαι</span> <span class='ocrx_word' id='word_1_154' title='bbox 387 1712 509 1794; x_wconf 88' lang='grc' dir='ltr'>λέγοιτο.</span> 
     </span>
    </p>

    <p class='ocr_par' dir='ltr' id='par_1_10' title="bbox 282 1813 1513 1902">
     <span class='ocr_line' id='line_1_15' title="bbox 282 1813 1513 1902; baseline 0.001 -23"><span class='ocrx_word' id='word_1_155' title='bbox 282 1826 288 1839; x_wconf 88' lang='grc'><strong>“</strong></span> <span class='ocrx_word' id='word_1_156' title='bbox 349 1814 388 1879; x_wconf 72' lang='lat' dir='ltr'>A!</span> <span class='ocrx_word' id='word_1_157' title='bbox 405 1816 457 1897; x_wconf 78' lang='grc' dir='ltr'>μὲν</span> <span class='ocrx_word' id='word_1_158' title='bbox 473 1813 522 1878; x_wconf 89' lang='grc' dir='ltr'>οῦν</span> <span class='ocrx_word' id='word_1_159' title='bbox 539 1815 660 1898; x_wconf 81' lang='grc' dir='ltr'>κριτικαί</span> <span class='ocrx_word' id='word_1_160' title='bbox 682 1816 815 1898; x_wconf 89' lang='grc' dir='ltr'>δυνάμεις</span> <span class='ocrx_word' id='word_1_161' title='bbox 829 1821 882 1900; x_wconf 75' lang='grc' dir='ltr'>της</span> <span class='ocrx_word' id='word_1_162' title='bbox 897 1815 1003 1899; x_wconf 80' lang='grc' dir='ltr'>ἀλόγου</span> <span class='ocrx_word' id='word_1_163' title='bbox 1019 1823 1118 1902; x_wconf 78' lang='grc' dir='ltr'>ψυχῆς</span> <span class='ocrx_word' id='word_1_164' title='bbox 1137 1817 1209 1885; x_wconf 90' lang='grc' dir='ltr'>τίνες</span> <span class='ocrx_word' id='word_1_165' title='bbox 1223 1816 1294 1880; x_wconf 84' lang='grc' dir='ltr'>εἰσὶν</span> <span class='ocrx_word' id='word_1_166' title='bbox 1311 1815 1422 1901; x_wconf 80' lang='grc' dir='ltr'>εἴρηται</span> <span class='ocrx_word' id='word_1_167' title='bbox 1444 1817 1513 1899; x_wconf 88' lang='grc' dir='ltr'>(τοι-</span> 
     </span>
    </p>

    <p class='ocr_par' dir='ltr' id='par_1_11' title="bbox 218 1918 1613 2418">
     <span class='ocr_line' id='line_1_16' title="bbox 218 1918 1512 2004; baseline 0.003 -25"><span class='ocrx_word' id='word_1_168' title='bbox 218 1936 249 1980; x_wconf 81' lang='lat'>15</span> <span class='ocrx_word' id='word_1_169' title='bbox 261 1922 347 1981; x_wconf 90' lang='grc' dir='ltr'>αῦται</span> <span class='ocrx_word' id='word_1_170' title='bbox 368 1918 422 2002; x_wconf 79' lang='grc' dir='ltr'>γάρ</span> <span class='ocrx_word' id='word_1_171' title='bbox 444 1920 511 2002; x_wconf 84' lang='grc' dir='ltr'>ήτε</span> <span class='ocrx_word' id='word_1_172' title='bbox 533 1918 689 2003; x_wconf 81' lang='grc' dir='ltr'>αἰσθητικὴ</span> <span class='ocrx_word' id='word_1_173' title='bbox 712 1919 761 1981; x_wconf 84' lang='grc' dir='ltr'>καὶ</span> <span class='ocrx_word' id='word_1_174' title='bbox 784 1920 802 2002; x_wconf 79' lang='grc' dir='ltr'>ἡ</span> <span class='ocrx_word' id='word_1_175' title='bbox 824 1921 1016 2004; x_wconf 90' lang='grc' dir='ltr'>φανταστική·</span> <span class='ocrx_word' id='word_1_176' title='bbox 1041 1919 1132 2004; x_wconf 86' lang='grc' dir='ltr'>ήγδιρ</span> <span class='ocrx_word' id='word_1_177' title='bbox 1155 1921 1255 2004; x_wconf 90' lang='grc' dir='ltr'>λογική</span> <span class='ocrx_word' id='word_1_178' title='bbox 1278 1944 1310 1984; x_wconf 91' lang='grc' dir='ltr'>τε</span> <span class='ocrx_word' id='word_1_179' title='bbox 1332 1922 1379 1985; x_wconf 87' lang='grc' dir='ltr'>καὶ</span> <span class='ocrx_word' id='word_1_180' title='bbox 1401 1922 1512 2003; x_wconf 89' lang='grc' dir='ltr'>διανοη-</span> 
     </span>
     <span class='ocr_line' id='line_1_17' title="bbox 260 2018 1511 2107; baseline -0.002 -21"><span class='ocrx_word' id='word_1_181' title='bbox 260 2024 326 2106; x_wconf 82' lang='grc' dir='ltr'>τική</span> <span class='ocrx_word' id='word_1_182' title='bbox 350 2021 478 2105; x_wconf 89' lang='grc' dir='ltr'>δύναμις,</span> <span class='ocrx_word' id='word_1_183' title='bbox 500 2018 574 2084; x_wconf 89' lang='grc' dir='ltr'>οῦσα</span> <span class='ocrx_word' id='word_1_184' title='bbox 596 2022 644 2084; x_wconf 80' lang='grc' dir='ltr'>καὶ</span> <span class='ocrx_word' id='word_1_185' title='bbox 666 2020 739 2105; x_wconf 82' lang='grc' dir='ltr'>αύτίη</span> <span class='ocrx_word' id='word_1_186' title='bbox 764 2018 979 2106; x_wconf 79' lang='grc' dir='ltr'>κριτική,”ίδιὸς</span> <span class='ocrx_word' id='word_1_187' title='bbox 1000 2021 1076 2085; x_wconf 87' lang='grc' dir='ltr'>ἐστιν</span> <span class='ocrx_word' id='word_1_188' title='bbox 1100 2023 1272 2107; x_wconf 82' lang='grc' dir='ltr'>ἀνθρώπου·</span> <span class='ocrx_word' id='word_1_189' title='bbox 1306 2025 1350 2087; x_wconf 92' lang='grc' dir='ltr'>διδ</span> <span class='ocrx_word' id='word_1_190' title='bbox 1372 2024 1511 2107; x_wconf 83' lang='grc' dir='ltr'>περὶμὲν</span> 
     </span>
     <span class='ocr_line' id='line_1_18' title="bbox 262 2117 1553 2211; baseline -0.003 -23"><span class='ocrx_word' id='word_1_191' title='bbox 262 2125 370 2209; x_wconf 83' lang='grc' dir='ltr'>ταύτης</span> <span class='ocrx_word' id='word_1_192' title='bbox 393 2124 510 2208; x_wconf 77' lang='grc' dir='ltr'>ὕστερον</span> <span class='ocrx_word' id='word_1_193' title='bbox 534 2117 684 2209; x_wconf 80' lang='grc' dir='ltr'>ἐροῦμεν),</span> <span class='ocrx_word' id='word_1_194' title='bbox 712 2123 874 2187; x_wconf 81' lang='grc' dir='ltr'>ἀκόλουθον</span> <span class='ocrx_word' id='word_1_195' title='bbox 902 2124 934 2188; x_wconf 92' lang='grc' dir='ltr'>δέ</span> <span class='ocrx_word' id='word_1_196' title='bbox 959 2124 1020 2188; x_wconf 87' lang='grc' dir='ltr'>ἐστι</span> <span class='ocrx_word' id='word_1_197' title='bbox 1047 2130 1106 2194; x_wconf 88' lang='grc' dir='ltr'>τοῖς</span> <span class='ocrx_word' id='word_1_198' title='bbox 1132 2126 1349 2211; x_wconf 89' lang='grc' dir='ltr'>προειρημένοις</span> <span class='ocrx_word' id='word_1_199' title='bbox 1375 2129 1440 2211; x_wconf 87' lang='grc' dir='ltr'>περὶ</span> <span class='ocrx_word' id='word_1_200' title='bbox 1462 2131 1513 2209; x_wconf 76' lang='grc' dir='ltr'>τῆς</span> <span class='ocrx_word' id='word_1_201' title='bbox 1528 2143 1553 2184; x_wconf 73' lang='grc' dir='ltr'>ιο</span> 
     </span>
     <span class='ocr_line' id='line_1_19' title="bbox 261 2213 1613 2314; baseline 0.003 -24"><span class='ocrx_word' id='word_1_202' title='bbox 261 2229 424 2312; x_wconf 77' lang='grc' dir='ltr'>ὁρμητικῆς</span> <span class='ocrx_word' id='word_1_203' title='bbox 439 2227 539 2289; x_wconf 88' lang='grc' dir='ltr'>εἰπεῖν.</span> <span class='ocrx_word' id='word_1_204' title='bbox 574 2227 647 2310; x_wconf 88' lang='grc' dir='ltr'>αῦτη</span> <span class='ocrx_word' id='word_1_205' title='bbox 669 2228 724 2312; x_wconf 84' lang='grc' dir='ltr'>γὰρ</span> <span class='ocrx_word' id='word_1_206' title='bbox 739 2232 798 2297; x_wconf 86' lang='grc' dir='ltr'>τοῖς</span> <span class='ocrx_word' id='word_1_207' title='bbox 821 2224 908 2312; x_wconf 82' lang='grc' dir='ltr'>ζῴοις</span> <span class='ocrx_word' id='word_1_208' title='bbox 929 2227 1008 2313; x_wconf 84' lang='grc' dir='ltr'>ἀρχή</span> <span class='ocrx_word' id='word_1_209' title='bbox 1032 2213 1079 2290; x_wconf 76' lang='grc' dir='ltr'>κάὶ</span> <span class='ocrx_word' id='word_1_210' title='bbox 1094 2228 1171 2291; x_wconf 89' lang='grc' dir='ltr'>αἰτία</span> <span class='ocrx_word' id='word_1_211' title='bbox 1193 2229 1325 2312; x_wconf 77' lang='grc' dir='ltr'>πράξεώς</span> <span class='ocrx_word' id='word_1_212' title='bbox 1345 2253 1376 2293; x_wconf 89' lang='grc' dir='ltr'>τε</span> <span class='ocrx_word' id='word_1_213' title='bbox 1392 2231 1440 2293; x_wconf 80' lang='grc' dir='ltr'>καὶ</span> <span class='ocrx_word' id='word_1_214' title='bbox 1461 2237 1514 2314; x_wconf 80' lang='grc' dir='ltr'>τῆς</span> <span class='ocrx_word' id='word_1_215' title='bbox 1611 2230 1613 2235; x_wconf 71' lang='grc'><strong>’</strong></span> 
     </span>
     <span class='ocr_line' id='line_1_20' title="bbox 262 2328 1513 2418; baseline 0.003 -25"><span class='ocrx_word' id='word_1_216' title='bbox 262 2329 338 2393; x_wconf 81' lang='grc' dir='ltr'>κατὰ</span> <span class='ocrx_word' id='word_1_217' title='bbox 353 2328 441 2393; x_wconf 91' lang='grc' dir='ltr'>τὸπον</span> <span class='ocrx_word' id='word_1_218' title='bbox 457 2331 609 2413; x_wconf 86' lang='grc' dir='ltr'>κινήσεως,</span> <span class='ocrx_word' id='word_1_219' title='bbox 632 2328 687 2393; x_wconf 87' lang='grc' dir='ltr'>ὁσα</span> <span class='ocrx_word' id='word_1_220' title='bbox 701 2352 734 2413; x_wconf 90' lang='grc' dir='ltr'>γε</span> <span class='ocrx_word' id='word_1_221' title='bbox 750 2329 846 2393; x_wconf 82' lang='grc' dir='ltr'>αὐτῶν</span> <span class='ocrx_word' id='word_1_222' title='bbox 869 2333 968 2393; x_wconf 91' lang='grc' dir='ltr'>τοῦτον</span> <span class='ocrx_word' id='word_1_223' title='bbox 985 2334 1101 2394; x_wconf 86' lang='grc' dir='ltr'>κινεῖται</span> <span class='ocrx_word' id='word_1_224' title='bbox 1116 2331 1165 2394; x_wconf 91' lang='grc' dir='ltr'>τὸν</span> <span class='ocrx_word' id='word_1_225' title='bbox 1181 2331 1296 2416; x_wconf 81' lang='grc' dir='ltr'>τρόπον,</span> <span class='ocrx_word' id='word_1_226' title='bbox 1319 2334 1368 2397; x_wconf 84' lang='grc' dir='ltr'>καὶ</span> <span class='ocrx_word' id='word_1_227' title='bbox 1383 2330 1446 2418; x_wconf 81' lang='grc' dir='ltr'>ἔχει</span> <span class='ocrx_word' id='word_1_228' title='bbox 1461 2334 1513 2417; x_wconf 81' lang='grc' dir='ltr'>τὴν</span> 
     </span>
    </p>

    <p class='ocr_par' dir='ltr' id='par_1_12' title="bbox 213 2431 1628 2826">
     <span class='ocr_line' id='line_1_21' title="bbox 213 2431 1628 2520; baseline 0.002 -24"><span class='ocrx_word' id='word_1_229' title='bbox 213 2450 246 2495; x_wconf 77' lang='lat'>2⁰</span> <span class='ocrx_word' id='word_1_230' title='bbox 260 2433 338 2502; x_wconf 77' lang='grc' dir='ltr'>τάξιν</span> <span class='ocrx_word' id='word_1_231' title='bbox 355 2432 427 2514; x_wconf 81' lang='grc' dir='ltr'>μετὰ</span> <span class='ocrx_word' id='word_1_232' title='bbox 442 2433 495 2516; x_wconf 79' lang='grc' dir='ltr'>τὴν</span> <span class='ocrx_word' id='word_1_233' title='bbox 511 2433 713 2517; x_wconf 85' lang='grc' dir='ltr'>φανταστικήν.</span> <span class='ocrx_word' id='word_1_234' title='bbox 748 2434 830 2496; x_wconf 86' lang='grc' dir='ltr'>δοκεῖ</span> <span class='ocrx_word' id='word_1_235' title='bbox 842 2434 897 2517; x_wconf 83' lang='grc' dir='ltr'>γὰρ</span> <span class='ocrx_word' id='word_1_236' title='bbox 913 2433 1037 2496; x_wconf 87' lang='grc' dir='ltr'>έπεσθαι</span> <span class='ocrx_word' id='word_1_237' title='bbox 1053 2431 1124 2516; x_wconf 80' lang='grc' dir='ltr'>μετὰ</span> <span class='ocrx_word' id='word_1_238' title='bbox 1140 2434 1191 2517; x_wconf 85' lang='grc' dir='ltr'>τὴν</span> <span class='ocrx_word' id='word_1_239' title='bbox 1207 2434 1255 2497; x_wconf 84' lang='grc' dir='ltr'>ἐπὶ</span> <span class='ocrx_word' id='word_1_240' title='bbox 1269 2440 1332 2504; x_wconf 87' lang='grc' dir='ltr'>ταῖς</span> <span class='ocrx_word' id='word_1_241' title='bbox 1346 2436 1513 2520; x_wconf 82' lang='grc' dir='ltr'>φαντασίαις</span> <span class='ocrx_word' id='word_1_242' title='bbox 1550 2498 1555 2507; x_wconf 84' lang='grc'>,</span> <span class='ocrx_word' id='word_1_243' title='bbox 1623 2502 1628 2513; x_wconf 64' lang='lat'>‚</span> 
     </span>
     <span class='ocr_line' id='line_1_22' title="bbox 261 2530 1512 2623; baseline 0.002 -23"><span class='ocrx_word' id='word_1_244' title='bbox 261 2535 474 2618; x_wconf 83' lang='grc' dir='ltr'>συγκατάθεσιν</span> <span class='ocrx_word' id='word_1_245' title='bbox 497 2537 574 2621; x_wconf 82' lang='grc' dir='ltr'>ὁρμή</span> <span class='ocrx_word' id='word_1_246' title='bbox 591 2536 689 2620; x_wconf 81' lang='grc' dir='ltr'>ὥσπερ</span> <span class='ocrx_word' id='word_1_247' title='bbox 705 2533 778 2600; x_wconf 89' lang='grc' dir='ltr'>οῦσα</span> <span class='ocrx_word' id='word_1_248' title='bbox 800 2535 882 2604; x_wconf 85' lang='grc' dir='ltr'>τέλος</span> <span class='ocrx_word' id='word_1_249' title='bbox 897 2535 997 2620; x_wconf 77' lang='grc' dir='ltr'>αὐτῆς,</span> <span class='ocrx_word' id='word_1_250' title='bbox 1020 2535 1116 2600; x_wconf 79' lang='grc' dir='ltr'>ούκέτ’</span> <span class='ocrx_word' id='word_1_251' title='bbox 1137 2534 1211 2600; x_wconf 88' lang='grc' dir='ltr'>οῦσα</span> <span class='ocrx_word' id='word_1_252' title='bbox 1225 2540 1348 2623; x_wconf 83' lang='grc' dir='ltr'>κριτική,</span> <span class='ocrx_word' id='word_1_253' title='bbox 1370 2539 1446 2602; x_wconf 79' lang='grc' dir='ltr'>ἀλλὰ</span> <span class='ocrx_word' id='word_1_254' title='bbox 1454 2530 1512 2602; x_wconf 90' lang='grc' dir='ltr'>Ιτοῦ</span> 
     </span>
     <span class='ocr_line' id='line_1_23' title="bbox 259 2637 1511 2728; baseline 0.002 -26"><span class='ocrx_word' id='word_1_255' title='bbox 259 2639 364 2723; x_wconf 83' lang='grc' dir='ltr'>ἑτέρου</span> <span class='ocrx_word' id='word_1_256' title='bbox 387 2637 492 2723; x_wconf 86' lang='grc' dir='ltr'>μέρους</span> <span class='ocrx_word' id='word_1_257' title='bbox 514 2643 566 2723; x_wconf 81' lang='grc' dir='ltr'>τῆς</span> <span class='ocrx_word' id='word_1_258' title='bbox 588 2644 702 2723; x_wconf 77' lang='grc' dir='ltr'>ψυχῆς,</span> <span class='ocrx_word' id='word_1_259' title='bbox 731 2642 781 2702; x_wconf 90' lang='grc' dir='ltr'>τοῦ</span> <span class='ocrx_word' id='word_1_260' title='bbox 803 2643 970 2724; x_wconf 90' lang='grc' dir='ltr'>πρακτικοῦ.</span> <span class='ocrx_word' id='word_1_261' title='bbox 1014 2644 1134 2723; x_wconf 78' lang='grc' dir='ltr'>κριτικῷ</span> <span class='ocrx_word' id='word_1_262' title='bbox 1161 2640 1215 2724; x_wconf 80' lang='grc' dir='ltr'>γὰρ</span> <span class='ocrx_word' id='word_1_263' title='bbox 1242 2642 1290 2703; x_wconf 87' lang='grc' dir='ltr'>καὶ</span> <span class='ocrx_word' id='word_1_264' title='bbox 1316 2647 1465 2728; x_wconf 76' lang='grc' dir='ltr'>πρακτικῷ</span> <span class='ocrx_word' id='word_1_265' title='bbox 1492 2644 1511 2725; x_wconf 90' lang='grc' dir='ltr'>ή</span> 
     </span>
     <span class='ocr_line' id='line_1_24' title="bbox 259 2738 1554 2826; baseline -0.001 -22"><span class='ocrx_word' id='word_1_266' title='bbox 259 2746 320 2804; x_wconf 82' lang='grc' dir='ltr'>τῶν</span> <span class='ocrx_word' id='word_1_267' title='bbox 344 2739 429 2825; x_wconf 81' lang='grc' dir='ltr'>ζῴων</span> <span class='ocrx_word' id='word_1_268' title='bbox 451 2742 535 2826; x_wconf 81' lang='grc' dir='ltr'>ψυχὴ</span> <span class='ocrx_word' id='word_1_269' title='bbox 559 2738 704 2826; x_wconf 75' lang='grc' dir='ltr'>διῄρηται,</span> <span class='ocrx_word' id='word_1_270' title='bbox 731 2745 783 2804; x_wconf 91' lang='grc' dir='ltr'>τοῦ</span> <span class='ocrx_word' id='word_1_271' title='bbox 805 2742 897 2811; x_wconf 88' lang='grc' dir='ltr'>οῦτως</span> <span class='ocrx_word' id='word_1_272' title='bbox 920 2747 1046 2826; x_wconf 90' lang='grc' dir='ltr'>κριτικοῦ</span> <span class='ocrx_word' id='word_1_273' title='bbox 1068 2766 1100 2805; x_wconf 88' lang='grc' dir='ltr'>τε</span> <span class='ocrx_word' id='word_1_274' title='bbox 1122 2744 1171 2806; x_wconf 80' lang='grc' dir='ltr'>καὶ</span> <span class='ocrx_word' id='word_1_275' title='bbox 1192 2747 1350 2825; x_wconf 91' lang='grc' dir='ltr'>γνωστικοῦ</span> <span class='ocrx_word' id='word_1_276' title='bbox 1373 2744 1425 2825; x_wconf 80' lang='grc' dir='ltr'>τὴν</span> <span class='ocrx_word' id='word_1_277' title='bbox 1448 2745 1513 2809; x_wconf 88' lang='grc' dir='ltr'>άνα-</span> <span class='ocrx_word' id='word_1_278' title='bbox 1526 2762 1554 2803; x_wconf 80' lang='grc' dir='ltr'>ου</span> 
     </span>
    </p>
   </div>
   <div class='ocr_carea' id='block_1_3' title="bbox 219 2843 1601 3445">
    <p class='ocr_par' dir='ltr' id='par_1_13' title="bbox 219 2843 1601 3445">
     <span class='ocr_line' id='line_1_25' title="bbox 259 2843 1512 2934; baseline 0.002 -27"><span class='ocrx_word' id='word_1_279' title='bbox 259 2845 354 2930; x_wconf 82' lang='grc' dir='ltr'>φορὰν</span> <span class='ocrx_word' id='word_1_280' title='bbox 378 2847 419 2913; x_wconf 83' lang='grc' dir='ltr'>ὡς</span> <span class='ocrx_word' id='word_1_281' title='bbox 440 2845 489 2908; x_wconf 81' lang='grc' dir='ltr'>ἐπὶ</span> <span class='ocrx_word' id='word_1_282' title='bbox 511 2845 594 2913; x_wconf 85' lang='grc' dir='ltr'>τέλος</span> <span class='ocrx_word' id='word_1_283' title='bbox 619 2844 671 2927; x_wconf 78' lang='grc' dir='ltr'>τἠν</span> <span class='ocrx_word' id='word_1_284' title='bbox 698 2844 797 2927; x_wconf 72' lang='grc' dir='ltr'>πρᾶξιν</span> <span class='ocrx_word' id='word_1_285' title='bbox 821 2843 953 2930; x_wconf 85' lang='grc' dir='ltr'>ἔχοντος,</span> <span class='ocrx_word' id='word_1_286' title='bbox 980 2843 1128 2909; x_wconf 85' lang='grc' dir='ltr'>καὶέστιν</span> <span class='ocrx_word' id='word_1_287' title='bbox 1151 2847 1286 2929; x_wconf 77' lang='grc' dir='ltr'>ἑκάτερον</span> <span class='ocrx_word' id='word_1_288' title='bbox 1314 2846 1410 2909; x_wconf 81' lang='grc' dir='ltr'>αὐτῶν</span> <span class='ocrx_word' id='word_1_289' title='bbox 1433 2849 1512 2934; x_wconf 81' lang='grc' dir='ltr'>ἀρχή</span> 
     </span>
     <span class='ocr_line' id='line_1_26' title="bbox 219 2947 1513 3036; baseline 0.002 -26"><span class='ocrx_word' id='word_1_290' title='bbox 219 2964 249 3010; x_wconf 76' lang='lat'>25</span> <span class='ocrx_word' id='word_1_291' title='bbox 263 2952 315 3012; x_wconf 90' lang='grc' dir='ltr'>τοῦ</span> <span class='ocrx_word' id='word_1_292' title='bbox 339 2947 456 3030; x_wconf 80' lang='grc' dir='ltr'>ἑτέρου,</span> <span class='ocrx_word' id='word_1_293' title='bbox 484 2947 560 3010; x_wconf 82' lang='grc' dir='ltr'>ἀλλὰ</span> <span class='ocrx_word' id='word_1_294' title='bbox 581 2948 614 3010; x_wconf 90' lang='grc' dir='ltr'>τὸ</span> <span class='ocrx_word' id='word_1_295' title='bbox 638 2947 690 3030; x_wconf 74' lang='grc' dir='ltr'>μὲν</span> <span class='ocrx_word' id='word_1_296' title='bbox 712 2947 881 3032; x_wconf 84' lang='grc' dir='ltr'>αἰσθητικὸν</span> <span class='ocrx_word' id='word_1_297' title='bbox 909 2952 960 3012; x_wconf 92' lang='grc' dir='ltr'>τοῦ</span> <span class='ocrx_word' id='word_1_298' title='bbox 983 2952 1139 3032; x_wconf 89' lang='grc' dir='ltr'>πρακτικοῦ</span> <span class='ocrx_word' id='word_1_299' title='bbox 1162 2952 1203 3018; x_wconf 87' lang='grc' dir='ltr'>ὁις</span> <span class='ocrx_word' id='word_1_300' title='bbox 1225 2949 1294 3012; x_wconf 76' lang='grc' dir='ltr'>ὅθεν</span> <span class='ocrx_word' id='word_1_301' title='bbox 1316 2951 1335 3033; x_wconf 87' lang='grc' dir='ltr'>ή</span> <span class='ocrx_word' id='word_1_302' title='bbox 1360 2950 1437 3035; x_wconf 79' lang='grc' dir='ltr'>ἀρχὴ</span> <span class='ocrx_word' id='word_1_303' title='bbox 1461 2958 1513 3036; x_wconf 80' lang='grc' dir='ltr'>τῆς</span> 
     </span>
     <span class='ocr_line' id='line_1_27' title="bbox 265 3049 1505 3135; baseline 0.002 -20"><span class='ocrx_word' id='word_1_304' title='bbox 265 3053 418 3135; x_wconf 85' lang='grc' dir='ltr'>κινήσεως,</span> <span class='ocrx_word' id='word_1_305' title='bbox 436 3049 474 3125; x_wconf 41' lang='grc' dir='ltr'>,τὸ</span> <span class='ocrx_word' id='word_1_306' title='bbox 497 3050 530 3112; x_wconf 86' lang='grc' dir='ltr'>δὲ</span> <span class='ocrx_word' id='word_1_307' title='bbox 552 3050 707 3133; x_wconf 83' lang='grc' dir='ltr'>πρακτικὸν</span> <span class='ocrx_word' id='word_1_308' title='bbox 731 3053 781 3113; x_wconf 91' lang='grc' dir='ltr'>τοῦ</span> <span class='ocrx_word' id='word_1_309' title='bbox 803 3051 976 3135; x_wconf 84' lang='grc' dir='ltr'>αἰσθητικοῦ</span> <span class='ocrx_word' id='word_1_310' title='bbox 999 3055 1039 3121; x_wconf 86' lang='grc' dir='ltr'>ὡς</span> <span class='ocrx_word' id='word_1_311' title='bbox 1061 3050 1096 3114; x_wconf 89' lang='grc' dir='ltr'>ού</span> <span class='ocrx_word' id='word_1_312' title='bbox 1118 3051 1204 3115; x_wconf 78' lang='grc' dir='ltr'>ἕνεκα</span> <span class='ocrx_word' id='word_1_313' title='bbox 1226 3053 1274 3114; x_wconf 85' lang='grc' dir='ltr'>καὶ</span> <span class='ocrx_word' id='word_1_314' title='bbox 1297 3052 1387 3121; x_wconf 90' lang='grc' dir='ltr'>τέλος.</span> <span class='ocrx_word' id='word_1_315' title='bbox 1425 3055 1458 3128; x_wconf 84' lang='grc' dir='ltr'>τὸ</span> <span class='ocrx_word' id='word_1_316' title='bbox 1481 3053 1505 3117; x_wconf 78' lang='grc' dir='ltr'>δ’</span> 
     </span>
     <span class='ocr_line' id='line_1_28' title="bbox 262 3152 1601 3247; baseline 0.002 -30"><span class='ocrx_word' id='word_1_317' title='bbox 262 3154 419 3238; x_wconf 82' lang='grc' dir='ltr'>ὁρμητικὸν</span> <span class='ocrx_word' id='word_1_318' title='bbox 443 3152 626 3224; x_wconf 77' lang='grc' dir='ltr'>συνέζευκται</span> <span class='ocrx_word' id='word_1_319' title='bbox 648 3157 690 3237; x_wconf 81' lang='grc' dir='ltr'>τῷ</span> <span class='ocrx_word' id='word_1_320' title='bbox 715 3152 871 3238; x_wconf 76' lang='grc' dir='ltr'>ὁρεκτικιγῦ·</span> <span class='ocrx_word' id='word_1_321' title='bbox 898 3153 972 3237; x_wconf 90' lang='grc' dir='ltr'>αῦτη</span> <span class='ocrx_word' id='word_1_322' title='bbox 994 3154 1048 3237; x_wconf 81' lang='grc' dir='ltr'>γάρ</span> <span class='ocrx_word' id='word_1_323' title='bbox 1072 3155 1090 3236; x_wconf 87' lang='grc' dir='ltr'>ή</span> <span class='ocrx_word' id='word_1_324' title='bbox 1114 3153 1233 3236; x_wconf 89' lang='grc' dir='ltr'>δύναμις</span> <span class='ocrx_word' id='word_1_325' title='bbox 1253 3160 1307 3238; x_wconf 84' lang='grc' dir='ltr'>τής</span> <span class='ocrx_word' id='word_1_326' title='bbox 1329 3157 1403 3218; x_wconf 85' lang='grc' dir='ltr'>κατὰ</span> <span class='ocrx_word' id='word_1_327' title='bbox 1425 3155 1511 3220; x_wconf 89' lang='grc' dir='ltr'>τύπον</span> <span class='ocrx_word' id='word_1_328' title='bbox 1597 3236 1601 3247; x_wconf 33' lang='grc' dir='ltr'>Ι</span> 
     </span>
     <span class='ocr_line' id='line_1_29' title="bbox 264 3251 1512 3342; baseline 0.004 -24"><span class='ocrx_word' id='word_1_329' title='bbox 264 3256 414 3325; x_wconf 74' lang='grc' dir='ltr'>ἐξαύτιὸν</span> <span class='ocrx_word' id='word_1_330' title='bbox 437 3255 580 3338; x_wconf 88' lang='grc' dir='ltr'>κινήσεως</span> <span class='ocrx_word' id='word_1_331' title='bbox 601 3259 661 3323; x_wconf 88' lang='grc' dir='ltr'>τοῖς</span> <span class='ocrx_word' id='word_1_332' title='bbox 685 3251 772 3339; x_wconf 82' lang='grc' dir='ltr'>ζῴοις</span> <span class='ocrx_word' id='word_1_333' title='bbox 794 3255 873 3341; x_wconf 82' lang='grc' dir='ltr'>άρχή</span> <span class='ocrx_word' id='word_1_334' title='bbox 896 3279 928 3319; x_wconf 92' lang='grc' dir='ltr'>τε</span> <span class='ocrx_word' id='word_1_335' title='bbox 951 3258 1106 3320; x_wconf 84' lang='grc' dir='ltr'>καὶαίτία.</span> <span class='ocrx_word' id='word_1_336' title='bbox 1140 3257 1159 3340; x_wconf 77' lang='grc' dir='ltr'><strong>ἢ</strong></span> <span class='ocrx_word' id='word_1_337' title='bbox 1182 3258 1236 3339; x_wconf 86' lang='grc' dir='ltr'>γὰρ</span> <span class='ocrx_word' id='word_1_338' title='bbox 1258 3257 1417 3342; x_wconf 78' lang='grc' dir='ltr'>δρεγὸμενά</span> <span class='ocrx_word' id='word_1_339' title='bbox 1438 3283 1512 3330; x_wconf 91' lang='grc' dir='ltr'>τινος</span> 
     </span>
     <span class='ocr_line' id='line_1_30' title="bbox 226 3348 1591 3445; baseline 0.004 -24"><span class='ocrx_word' id='word_1_340' title='bbox 226 3388 229 3393; x_wconf 60' lang='grc'><strong>’</strong></span> <span class='ocrx_word' id='word_1_341' title='bbox 261 3360 310 3422; x_wconf 83' lang='grc' dir='ltr'>ἐπὶ</span> <span class='ocrx_word' id='word_1_342' title='bbox 339 3360 372 3422; x_wconf 87' lang='grc' dir='ltr'>τὸ</span> <span class='ocrx_word' id='word_1_343' title='bbox 399 3358 498 3443; x_wconf 89' lang='grc' dir='ltr'>λαβεῖν</span> <span class='ocrx_word' id='word_1_344' title='bbox 524 3356 596 3420; x_wconf 88' lang='grc' dir='ltr'>αύτδ</span> <span class='ocrx_word' id='word_1_345' title='bbox 624 3357 702 3441; x_wconf 79' lang='grc' dir='ltr'>ὁρμᾷ</span> <span class='ocrx_word' id='word_1_346' title='bbox 728 3380 760 3420; x_wconf 89' lang='grc' dir='ltr'>τε</span> <span class='ocrx_word' id='word_1_347' title='bbox 788 3359 837 3421; x_wconf 85' lang='grc' dir='ltr'>καὶ</span> <span class='ocrx_word' id='word_1_348' title='bbox 863 3364 995 3439; x_wconf 86' lang='grc' dir='ltr'>κινεῖται,</span> <span class='ocrx_word' id='word_1_349' title='bbox 1026 3358 1310 3445; x_wconf 82' lang='grc' dir='ltr'>ήάποστρεφύμενα</span> <span class='ocrx_word' id='word_1_350' title='bbox 1336 3360 1384 3424; x_wconf 85' lang='grc' dir='ltr'>ἐπὶ</span> <span class='ocrx_word' id='word_1_351' title='bbox 1413 3363 1446 3425; x_wconf 90' lang='grc' dir='ltr'>τδ</span> <span class='ocrx_word' id='word_1_352' title='bbox 1469 3363 1512 3426; x_wconf 89' lang='grc' dir='ltr'>ἐκ·</span> <span class='ocrx_word' id='word_1_353' title='bbox 1588 3348 1591 3355; x_wconf 42' lang='lat'><strong>¹</strong></span> 
     </span>
    </p>
   </div>
   <div class='ocr_carea' id='block_1_4' title="bbox 201 3499 1608 4461">
    <p class='ocr_par' dir='ltr' id='par_1_14' title="bbox 205 3499 1459 3587">
     <span class='ocr_line' id='line_1_31' title="bbox 205 3499 1459 3587; baseline 0.005 -25"><span class='ocrx_word' id='word_1_354' title='bbox 205 3515 218 3565; x_wconf 95' lang='lat' dir='ltr'>l</span> <span class='ocrx_word' id='word_1_355' title='bbox 250 3509 383 3583; x_wconf 83' lang='grc' dir='ltr'>παροῦσιν]</span> <span class='ocrx_word' id='word_1_356' title='bbox 402 3499 552 3563; x_wconf 76' lang='grc' dir='ltr'>νυιίιαυύοιι</span> <span class='ocrx_word' id='word_1_357' title='bbox 569 3513 625 3565; x_wconf 82' lang='lat' dir='ltr'>und</span> <span class='ocrx_word' id='word_1_358' title='bbox 644 3514 765 3566; x_wconf 77' lang='lat' dir='ltr'>bleibend</span> <span class='ocrx_word' id='word_1_359' title='bbox 887 3515 902 3567; x_wconf 84' lang='grc' dir='ltr'>ὁ</span> <span class='ocrx_word' id='word_1_360' title='bbox 930 3518 976 3584; x_wconf 80' lang='grc' dir='ltr'>τῆς</span> <span class='ocrx_word' id='word_1_361' title='bbox 994 3515 1121 3585; x_wconf 83' lang='grc' dir='ltr'>ἐνεργείας,</span> <span class='ocrx_word' id='word_1_362' title='bbox 1140 3513 1201 3587; x_wconf 85' lang='grc' dir='ltr'>ὁπιρ</span> <span class='ocrx_word' id='word_1_363' title='bbox 1219 3517 1271 3569; x_wconf 80' lang='grc' dir='ltr'>ἐστὶ</span> <span class='ocrx_word' id='word_1_364' title='bbox 1288 3515 1318 3569; x_wconf 89' lang='grc' dir='ltr'>τδ</span> <span class='ocrx_word' id='word_1_365' title='bbox 1337 3523 1391 3585; x_wconf 84' lang='grc' dir='ltr'>φῶς</span> <span class='ocrx_word' id='word_1_366' title='bbox 1410 3533 1459 3570; x_wconf 88' lang='lat' dir='ltr'>om.</span> 
     </span>
    </p>

    <p class='ocr_par' dir='ltr' id='par_1_15' title="bbox 201 3597 1608 4461">
     <span class='ocr_line' id='line_1_32' title="bbox 202 3597 1566 3674; baseline 0.006 -21"><span class='ocrx_word' id='word_1_367' title='bbox 202 3599 276 3653; x_wconf 80' lang='lat'>7-8</span> <span class='ocrx_word' id='word_1_368' title='bbox 303 3598 355 3650; x_wconf 74' lang='grc' dir='ltr'>ἔστι</span> <span class='ocrx_word' id='word_1_369' title='bbox 374 3597 517 3668; x_wconf 80' lang='grc' dir='ltr'>δὲ-ήμῐν]</span> <span class='ocrx_word' id='word_1_370' title='bbox 537 3600 600 3652; x_wconf 82' lang='lat' dir='ltr'>Was</span> <span class='ocrx_word' id='word_1_371' title='bbox 619 3600 662 3653; x_wconf 82' lang='lat' dir='ltr'>die</span> <span class='ocrx_word' id='word_1_372' title='bbox 680 3601 793 3653; x_wconf 76' lang='lat' dir='ltr'>Ansicht</span> <span class='ocrx_word' id='word_1_373' title='bbox 811 3602 922 3667; x_wconf 82' lang='lat' dir='ltr'>betrifft‚</span> <span class='ocrx_word' id='word_1_374' title='bbox 944 3618 972 3656; x_wconf 83' lang='lat' dir='ltr'>so</span> <span class='ocrx_word' id='word_1_375' title='bbox 991 3604 1025 3655; x_wconf 86' lang='lat' dir='ltr'>ist</span> <span class='ocrx_word' id='word_1_376' title='bbox 1042 3604 1097 3656; x_wconf 82' lang='lat' dir='ltr'><strong>ihre</strong></span> <span class='ocrx_word' id='word_1_377' title='bbox 1115 3603 1280 3674; x_wconf 78' lang='lat' dir='ltr'>Entstehung</span> <span class='ocrx_word' id='word_1_378' title='bbox 1298 3606 1340 3659; x_wconf 82' lang='lat' dir='ltr'>bei</span> <span class='ocrx_word' id='word_1_379' title='bbox 1360 3605 1410 3658; x_wconf 82' lang='lat' dir='ltr'>den</span> <span class='ocrx_word' id='word_1_380' title='bbox 1429 3606 1566 3660; x_wconf 79' lang='lat' dir='ltr'><strong>einfachen</strong></span> 
     </span>
     <span class='ocr_line' id='line_1_33' title="bbox 202 3684 1566 3762; baseline 0.004 -21"><span class='ocrx_word' id='word_1_381' title='bbox 202 3688 311 3756; x_wconf 82' lang='lat' dir='ltr'>Dingen</span> <span class='ocrx_word' id='word_1_382' title='bbox 335 3684 401 3754; x_wconf 90' lang='lat' dir='ltr'>[und</span> <span class='ocrx_word' id='word_1_383' title='bbox 423 3685 469 3755; x_wconf 89' lang='lat' dir='ltr'>ob]</span> <span class='ocrx_word' id='word_1_384' title='bbox 492 3688 535 3739; x_wconf 83' lang='lat' dir='ltr'>ein</span> <span class='ocrx_word' id='word_1_385' title='bbox 556 3687 626 3754; x_wconf 78' lang='lat' dir='ltr'>Ding</span> <span class='ocrx_word' id='word_1_386' title='bbox 649 3689 799 3741; x_wconf 79' lang='lat' dir='ltr'><strong>vorhanden</strong></span> <span class='ocrx_word' id='word_1_387' title='bbox 823 3690 861 3741; x_wconf 79' lang='lat' dir='ltr'>sei</span> <span class='ocrx_word' id='word_1_388' title='bbox 885 3690 946 3742; x_wconf 86' lang='lat' dir='ltr'>oder</span> <span class='ocrx_word' id='word_1_389' title='bbox 965 3691 1051 3756; x_wconf 83' lang='lat' dir='ltr'><strong>nicht,</strong></span> <span class='ocrx_word' id='word_1_390' title='bbox 1074 3706 1102 3743; x_wconf 89' lang='lat' dir='ltr'>so</span> <span class='ocrx_word' id='word_1_391' title='bbox 1125 3693 1160 3745; x_wconf 88' lang='lat' dir='ltr'>ist</span> <span class='ocrx_word' id='word_1_392' title='bbox 1183 3692 1224 3745; x_wconf 85' lang='lat' dir='ltr'>die</span> <span class='ocrx_word' id='word_1_393' title='bbox 1248 3693 1456 3762; x_wconf 79' lang='lat' dir='ltr'>Angelegenheit</span> <span class='ocrx_word' id='word_1_394' title='bbox 1481 3694 1566 3747; x_wconf 82' lang='lat' dir='ltr'>dieser</span> 
     </span>
     <span class='ocr_line' id='line_1_34' title="bbox 203 3773 1564 3848; baseline 0.004 -21"><span class='ocrx_word' id='word_1_395' title='bbox 203 3775 372 3842; x_wconf 74' lang='lat' dir='ltr'><strong>Entstehung</strong></span> <span class='ocrx_word' id='word_1_396' title='bbox 390 3773 417 3825; x_wconf 89' lang='lat' dir='ltr'>in</span> <span class='ocrx_word' id='word_1_397' title='bbox 435 3789 487 3826; x_wconf 88' lang='lat' dir='ltr'>uns</span> <span class='ocrx_word' id='word_1_398' title='bbox 505 3775 578 3827; x_wconf 85' lang='lat' dir='ltr'><strong>nicht</strong></span> <span class='ocrx_word' id='word_1_399' title='bbox 595 3790 688 3827; x_wconf 84' lang='lat' dir='ltr'>unsere</span> <span class='ocrx_word' id='word_1_400' title='bbox 793 3777 880 3829; x_wconf 81' lang='lat'>9-10</span> <span class='ocrx_word' id='word_1_401' title='bbox 904 3777 920 3847; x_wconf 80' lang='grc' dir='ltr'>ἡ</span> <span class='ocrx_word' id='word_1_402' title='bbox 939 3777 1140 3848; x_wconf 77' lang='grc' dir='ltr'>ὁὲ-γινομένη]</span> <span class='ocrx_word' id='word_1_403' title='bbox 1164 3795 1216 3831; x_wconf 79' lang='lat' dir='ltr'>was</span> <span class='ocrx_word' id='word_1_404' title='bbox 1234 3780 1295 3832; x_wconf 80' lang='lat' dir='ltr'>aber</span> <span class='ocrx_word' id='word_1_405' title='bbox 1314 3794 1365 3832; x_wconf 83' lang='grc' dir='ltr'>νου</span> <span class='ocrx_word' id='word_1_406' title='bbox 1383 3781 1423 3832; x_wconf 85' lang='lat' dir='ltr'>ihr</span> <span class='ocrx_word' id='word_1_407' title='bbox 1441 3783 1564 3848; x_wconf 81' lang='lat' dir='ltr'><strong>entsteht,</strong></span> 
     </span>
     <span class='ocr_line' id='line_1_35' title="bbox 202 3860 1565 3935; baseline 0.004 -19"><span class='ocrx_word' id='word_1_408' title='bbox 202 3861 284 3917; x_wconf 74' lang='lat' dir='ltr'><strong>nach</strong></span> <span class='ocrx_word' id='word_1_409' title='bbox 303 3861 584 3929; x_wconf 74' lang='lat' dir='ltr'>derSpeculation</span> <span class='ocrx_word' id='word_1_410' title='bbox 603 3860 679 3914; x_wconf 75' lang='lat' dir='ltr'><strong>fiber</strong></span> <span class='ocrx_word' id='word_1_411' title='bbox 697 3862 1002 3932; x_wconf 66' lang='lat' dir='ltr'><strong>dieGegenstfinde‚</strong></span> <span class='ocrx_word' id='word_1_412' title='bbox 1021 3864 1075 3933; x_wconf 78' lang='lat' dir='ltr'>[die</span> <span class='ocrx_word' id='word_1_413' title='bbox 1093 3865 1228 3935; x_wconf 77' lang='lat' dir='ltr'>betreffen]</span> <span class='ocrx_word' id='word_1_414' title='bbox 1247 3882 1300 3918; x_wconf 76' lang='grc' dir='ltr'>που</span> <span class='ocrx_word' id='word_1_415' title='bbox 1319 3883 1350 3918; x_wconf 89' lang='lat' dir='ltr'>zu</span> <span class='ocrx_word' id='word_1_416' title='bbox 1369 3868 1435 3919; x_wconf 83' lang='lat' dir='ltr'>thun</span> <span class='ocrx_word' id='word_1_417' title='bbox 1453 3870 1491 3921; x_wconf 86' lang='lat' dir='ltr'>sei</span> <span class='ocrx_word' id='word_1_418' title='bbox 1504 3869 1565 3922; x_wconf 87' lang='lat' dir='ltr'>oder</span> 
     </span>
     <span class='ocr_line' id='line_1_36' title="bbox 202 3945 1608 4023; baseline 0.006 -22"><span class='ocrx_word' id='word_1_419' title='bbox 202 3949 278 4001; x_wconf 81' lang='lat' dir='ltr'><strong>nicht</strong></span> <span class='ocrx_word' id='word_1_420' title='bbox 296 3964 328 4000; x_wconf 84' lang='lat' dir='ltr'>zu</span> <span class='ocrx_word' id='word_1_421' title='bbox 346 3949 413 4018; x_wconf 63' lang='lat' dir='ltr'>thqm</span> <span class='ocrx_word' id='word_1_422' title='bbox 431 3948 468 4000; x_wconf 83' lang='lat' dir='ltr'><strong>&#39;sei</strong></span> <span class='ocrx_word' id='word_1_423' title='bbox 549 3948 579 4000; x_wconf 88' lang='grc'>19</span> <span class='ocrx_word' id='word_1_424' title='bbox 599 3945 783 4019; x_wconf 47' lang='grc' dir='ltr'>ὁσακτρόπον]</span> <span class='ocrx_word' id='word_1_425' title='bbox 803 3966 853 4003; x_wconf 82' lang='lat' dir='ltr'>von</span> <span class='ocrx_word' id='word_1_426' title='bbox 873 3952 992 4005; x_wconf 72' lang='lat' dir='ltr'><strong>walchem</strong></span> <span class='ocrx_word' id='word_1_427' title='bbox 1013 3951 1115 4023; x_wconf 77' lang='lat' dir='ltr'><strong>[Orte?]</strong></span> <span class='ocrx_word' id='word_1_428' title='bbox 1134 3970 1161 4006; x_wconf 84' lang='lat' dir='ltr'>es</span> <span class='ocrx_word' id='word_1_429' title='bbox 1181 3952 1239 4021; x_wconf 80' lang='lat' dir='ltr'><strong>[das</strong></span> <span class='ocrx_word' id='word_1_430' title='bbox 1258 3951 1348 4021; x_wconf 84' lang='lat' dir='ltr'><strong>Thier]</strong></span> <span class='ocrx_word' id='word_1_431' title='bbox 1367 3955 1397 4006; x_wconf 92' lang='lat' dir='ltr'>in</span> <span class='ocrx_word' id='word_1_432' title='bbox 1415 3955 1498 4009; x_wconf 79' lang='lat' dir='ltr'>dieser</span> <span class='ocrx_word' id='word_1_433' title='bbox 1516 3957 1564 4010; x_wconf 84' lang='lat' dir='ltr'>Be·</span> <span class='ocrx_word' id='word_1_434' title='bbox 1602 3975 1608 3987; x_wconf 79' lang='lat'><strong><em>¹</em></strong></span> 
     </span>
     <span class='ocr_line' id='line_1_37' title="bbox 201 4036 1563 4115; baseline 0.006 -27"><span class='ocrx_word' id='word_1_435' title='bbox 201 4051 317 4105; x_wconf 71' lang='lat' dir='ltr'>vegung</span> <span class='ocrx_word' id='word_1_436' title='bbox 334 4036 515 4104; x_wconf 74' lang='lat' dir='ltr'>bowegt·wird</span> <span class='ocrx_word' id='word_1_437' title='bbox 614 4036 645 4088; x_wconf 75' lang='lat'>21</span> <span class='ocrx_word' id='word_1_438' title='bbox 665 4039 710 4088; x_wconf 79' lang='grc' dir='ltr'>τοῦ</span> <span class='ocrx_word' id='word_1_439' title='bbox 729 4037 814 4107; x_wconf 78' lang='grc' dir='ltr'>ἑτέρου</span> <span class='ocrx_word' id='word_1_440' title='bbox 833 4038 934 4108; x_wconf 75' lang='grc' dir='ltr'>μέρους]</span> <span class='ocrx_word' id='word_1_441' title='bbox 953 4054 1012 4092; x_wconf 84' lang='lat' dir='ltr'>vom</span> <span class='ocrx_word' id='word_1_442' title='bbox 1032 4040 1153 4093; x_wconf 78' lang='lat' dir='ltr'>letzten</span> <span class='ocrx_word' id='word_1_443' title='bbox 1172 4040 1227 4094; x_wconf 82' lang='lat' dir='ltr'><strong>Tei}</strong></span> <span class='ocrx_word' id='word_1_444' title='bbox 1329 4040 1363 4094; x_wconf 77' lang='lat'>23</span> <span class='ocrx_word' id='word_1_445' title='bbox 1381 4047 1494 4115; x_wconf 81' lang='grc' dir='ltr'>κριτικοῦ</span> <span class='ocrx_word' id='word_1_446' title='bbox 1513 4059 1563 4096; x_wconf 91' lang='lat' dir='ltr'>om.</span> 
     </span>
     <span class='ocr_line' id='line_1_38' title="bbox 202 4116 1565 4197; baseline 0.007 -21"><span class='ocrx_word' id='word_1_447' title='bbox 202 4123 309 4176; x_wconf 75' lang='lat'>23-24</span> <span class='ocrx_word' id='word_1_448' title='bbox 327 4123 375 4192; x_wconf 77' lang='grc' dir='ltr'>τήν</span> <span class='ocrx_word' id='word_1_449' title='bbox 387 4122 666 4197; x_wconf 73' lang='grc' dir='ltr'>ἀναφορὰν-ἔχοντος]</span> <span class='ocrx_word' id='word_1_450' title='bbox 687 4126 787 4179; x_wconf 77' lang='lat' dir='ltr'><strong>wendet</strong></span> <span class='ocrx_word' id='word_1_451' title='bbox 800 4127 854 4179; x_wconf 69' lang='lat' dir='ltr'><strong>siah</strong></span> <span class='ocrx_word' id='word_1_452' title='bbox 868 4126 970 4193; x_wconf 82' lang='lat' dir='ltr'>(wird?)</span> <span class='ocrx_word' id='word_1_453' title='bbox 987 4128 1034 4181; x_wconf 79' lang='lat' dir='ltr'>auf</span> <span class='ocrx_word' id='word_1_454' title='bbox 1045 4116 1102 4181; x_wconf 78' lang='lat' dir='ltr'>dem</span> <span class='ocrx_word' id='word_1_455' title='bbox 1115 4129 1197 4197; x_wconf 78' lang='lat' dir='ltr'>Wege</span> <span class='ocrx_word' id='word_1_456' title='bbox 1215 4128 1260 4181; x_wconf 85' lang='lat' dir='ltr'>des</span> <span class='ocrx_word' id='word_1_457' title='bbox 1273 4128 1438 4193; x_wconf 79' lang='lat' dir='ltr'><strong>Endzweeks‚</strong></span> <span class='ocrx_word' id='word_1_458' title='bbox 1458 4131 1565 4185; x_wconf 80' lang='lat' dir='ltr'>welcher</span> 
     </span>
     <span class='ocr_line' id='line_1_39' title="bbox 201 4210 1564 4283; baseline 0.006 -19"><span class='ocrx_word' id='word_1_459' title='bbox 201 4211 382 4279; x_wconf 79' lang='lat' dir='ltr'><strong>beabsichtigt</strong></span> <span class='ocrx_word' id='word_1_460' title='bbox 398 4212 443 4276; x_wconf 68' lang='lat' dir='ltr'>ist,</span> <span class='ocrx_word' id='word_1_461' title='bbox 461 4228 507 4264; x_wconf 85' lang='lat' dir='ltr'>zur</span> <span class='ocrx_word' id='word_1_462' title='bbox 525 4211 618 4264; x_wconf 72' lang='lat' dir='ltr'><strong>Praxis</strong></span> <span class='ocrx_word' id='word_1_463' title='bbox 685 4210 693 4225; x_wconf 91' lang='lat'>&#39;</span> <span class='ocrx_word' id='word_1_464' title='bbox 724 4212 757 4265; x_wconf 72' lang='lat'>26</span> <span class='ocrx_word' id='word_1_465' title='bbox 782 4211 945 4283; x_wconf 74' lang='grc' dir='ltr'>οῦς-τέλος]</span> <span class='ocrx_word' id='word_1_466' title='bbox 964 4215 1099 4268; x_wconf 81' lang='lat' dir='ltr'><strong>inwiefern</strong></span> <span class='ocrx_word' id='word_1_467' title='bbox 1118 4233 1160 4269; x_wconf 90' lang='lat' dir='ltr'>um</span> <span class='ocrx_word' id='word_1_468' title='bbox 1181 4216 1353 4270; x_wconf 75' lang='lat' dir='ltr'>seinetwillen</span> <span class='ocrx_word' id='word_1_469' title='bbox 1371 4217 1416 4270; x_wconf 83' lang='lat' dir='ltr'>der</span> <span class='ocrx_word' id='word_1_470' title='bbox 1435 4218 1564 4272; x_wconf 80' lang='lat' dir='ltr'><strong>sinuliche</strong></span> 
     </span>
     <span class='ocr_line' id='line_1_40' title="bbox 202 4295 1564 4376; baseline 0.007 -26"><span class='ocrx_word' id='word_1_471' title='bbox 202 4295 286 4367; x_wconf 82' lang='lat' dir='ltr'>[Teil]</span> <span class='ocrx_word' id='word_1_472' title='bbox 306 4299 341 4350; x_wconf 85' lang='lat' dir='ltr'>ist</span> <span class='ocrx_word' id='word_1_473' title='bbox 359 4298 413 4350; x_wconf 88' lang='lat' dir='ltr'>und</span> <span class='ocrx_word' id='word_1_474' title='bbox 433 4314 460 4350; x_wconf 85' lang='grc' dir='ltr'>ει</span> <span class='ocrx_word' id='word_1_475' title='bbox 478 4299 523 4351; x_wconf 85' lang='lat' dir='ltr'>der</span> <span class='ocrx_word' id='word_1_476' title='bbox 540 4299 576 4351; x_wconf 90' lang='lat' dir='ltr'>im</span> <span class='ocrx_word' id='word_1_477' title='bbox 595 4298 743 4352; x_wconf 77' lang='lat' dir='ltr'>sinnlichen</span> <span class='ocrx_word' id='word_1_478' title='bbox 761 4300 951 4370; x_wconf 74' lang='lat' dir='ltr'><strong>boabsiehtigte</strong></span> <span class='ocrx_word' id='word_1_479' title='bbox 971 4301 1064 4354; x_wconf 81' lang='lat' dir='ltr'>Zweck</span> <span class='ocrx_word' id='word_1_480' title='bbox 1081 4302 1117 4354; x_wconf 84' lang='lat' dir='ltr'>ist</span> <span class='ocrx_word' id='word_1_481' title='bbox 1207 4303 1240 4356; x_wconf 72' lang='lat'>‘29</span> <span class='ocrx_word' id='word_1_482' title='bbox 1259 4302 1337 4374; x_wconf 80' lang='grc' dir='ltr'>ὁρμηῖ]</span> <span class='ocrx_word' id='word_1_483' title='bbox 1357 4305 1419 4369; x_wconf 80' lang='lat' dir='ltr'>wjrd</span> <span class='ocrx_word' id='word_1_484' title='bbox 1437 4314 1564 4376; x_wconf 77' lang='lat' dir='ltr'>angeregt</span> 
     </span>
     <span class='ocr_line' id='line_1_41' title="bbox 203 4383 1486 4461; baseline 0.005 -22"><span class='ocrx_word' id='word_1_485' title='bbox 203 4384 346 4455; x_wconf 84' lang='grc' dir='ltr'>[ὁρμητική</span> <span class='ocrx_word' id='word_1_486' title='bbox 364 4383 387 4437; x_wconf 81' lang='grc' dir='ltr'>ὁ.</span> <span class='ocrx_word' id='word_1_487' title='bbox 406 4384 448 4437; x_wconf 81' lang='lat' dir='ltr'>die</span> <span class='ocrx_word' id='word_1_488' title='bbox 466 4384 613 4454; x_wconf 78' lang='lat' dir='ltr'>auregende</span> <span class='ocrx_word' id='word_1_489' title='bbox 630 4384 717 4454; x_wconf 67' lang='grc' dir='ltr'>Κακία]</span> <span class='ocrx_word' id='word_1_490' title='bbox 824 4388 1041 4461; x_wconf 75' lang='grc' dir='ltr'>ἀποστρεφόμενα]</span> <span class='ocrx_word' id='word_1_491' title='bbox 1061 4391 1277 4444; x_wconf 72' lang='grc' dir='ltr'>νεικὸσοὸουτιυο</span> <span class='ocrx_word' id='word_1_492' title='bbox 1295 4390 1342 4444; x_wconf 75' lang='lat' dir='ltr'>das</span> <span class='ocrx_word' id='word_1_493' title='bbox 1360 4391 1439 4460; x_wconf 67' lang='grc' dir='ltr'>Βίας,</span> <span class='ocrx_word' id='word_1_494' title='bbox 1458 4408 1486 4446; x_wconf 76' lang='grc' dir='ltr'>νο</span> 
     </span>
    </p>
   </div>
   <div class='ocr_carea' id='block_1_5' title="bbox 204 4478 607 4501">
    <p class='ocr_par' dir='ltr' id='par_1_16' title="bbox 204 4478 607 4501">
     <span class='ocr_line' id='line_1_42' title="bbox 204 4478 607 4501; baseline 0.005 -13"><span class='ocrx_word' id='word_1_495' title='bbox 204 4478 607 4501; x_wconf 36' lang='grc' dir='ltr'>φ...-.-..-..-..</span> 
     </span>
    </p>
   </div>
   <div class='ocr_carea' id='block_1_6' title="bbox 93 4520 1563 4603">
    <p class='ocr_par' dir='ltr' id='par_1_17' title="bbox 93 4520 1563 4603">
     <span class='ocr_line' id='line_1_43' title="bbox 93 4520 1563 4603; baseline 0.011 -32"><span class='ocrx_word' id='word_1_496' title='bbox 93 4584 100 4597; x_wconf 87' lang='lat'><strong><em>.</em></strong></span> <span class='ocrx_word' id='word_1_497' title='bbox 200 4521 219 4573; x_wconf 82' lang='grc'>8</span> <span class='ocrx_word' id='word_1_498' title='bbox 238 4520 337 4590; x_wconf 78' lang='grc' dir='ltr'>ἁπλοῖς]</span> <span class='ocrx_word' id='word_1_499' title='bbox 357 4537 412 4575; x_wconf 86' lang='lat' dir='ltr'>non</span> <span class='ocrx_word' id='word_1_500' title='bbox 424 4523 556 4593; x_wconf 76' lang='lat' dir='ltr'><strong>intellego.</strong></span> <span class='ocrx_word' id='word_1_501' title='bbox 584 4530 720 4594; x_wconf 78' lang='lat' dir='ltr'><strong>exspectas</strong></span> <span class='ocrx_word' id='word_1_502' title='bbox 732 4529 840 4599; x_wconf 81' lang='grc' dir='ltr'>κριτίοις</span> <span class='ocrx_word' id='word_1_503' title='bbox 852 4529 908 4583; x_wconf 78' lang='lat' dir='ltr'>sivo</span> <span class='ocrx_word' id='word_1_504' title='bbox 919 4530 992 4584; x_wconf 77' lang='lat' dir='ltr'><strong>aliud</strong></span> <span class='ocrx_word' id='word_1_505' title='bbox 1004 4530 1111 4583; x_wconf 81' lang='lat' dir='ltr'>verbum</span> <span class='ocrx_word' id='word_1_506' title='bbox 1124 4532 1272 4600; x_wconf 84' lang='lat' dir='ltr'><strong>oppositum</strong></span> <span class='ocrx_word' id='word_1_507' title='bbox 1288 4538 1340 4591; x_wconf 83' lang='grc' dir='ltr'>τοῖς</span> <span class='ocrx_word' id='word_1_508' title='bbox 1353 4533 1488 4603; x_wconf 81' lang='grc' dir='ltr'>πρακτέοις</span> <span class='ocrx_word' id='word_1_509' title='bbox 1505 4535 1563 4603; x_wconf 90' lang='grc'>(10)</span> 
     </span>
    </p>
   </div>
   <div class='ocr_carea' id='block_1_7' title="bbox 200 4610 1565 4946">
    <p class='ocr_par' dir='ltr' id='par_1_18' title="bbox 200 4610 1565 4946">
     <span class='ocr_line' id='line_1_44' title="bbox 204 4610 1565 4691; baseline 0.01 -31"><span class='ocrx_word' id='word_1_510' title='bbox 204 4610 233 4661; x_wconf 88' lang='lat' dir='ltr'>ll</span> <span class='ocrx_word' id='word_1_511' title='bbox 254 4610 342 4661; x_wconf 72' lang='lat' dir='ltr'>touV</span> <span class='ocrx_word' id='word_1_512' title='bbox 451 4611 482 4663; x_wconf 81' lang='lat'>17</span> <span class='ocrx_word' id='word_1_513' title='bbox 510 4613 579 4682; x_wconf 81' lang='grc' dir='ltr'>,περὶ</span> <span class='ocrx_word' id='word_1_514' title='bbox 597 4611 677 4684; x_wconf 82' lang='grc' dir='ltr'>ὁρμῆς</span> <span class='ocrx_word' id='word_1_515' title='bbox 696 4615 739 4667; x_wconf 85' lang='grc' dir='ltr'>καί</span> <span class='ocrx_word' id='word_1_516' title='bbox 756 4619 804 4686; x_wconf 84' lang='grc' dir='ltr'>τῆς</span> <span class='ocrx_word' id='word_1_517' title='bbox 821 4614 962 4689; x_wconf 79' lang='grc' dir='ltr'>ὁρμητικῆς</span> <span class='ocrx_word' id='word_1_518' title='bbox 979 4617 1133 4686; x_wconf 78' lang='grc' dir='ltr'>δυνάμεως“.</span> <span class='ocrx_word' id='word_1_519' title='bbox 1169 4617 1310 4672; x_wconf 79' lang='grc' dir='ltr'>ἀκόλουθον</span> <span class='ocrx_word' id='word_1_520' title='bbox 1328 4619 1354 4672; x_wconf 79' lang='grc' dir='ltr'>δὲ</span> <span class='ocrx_word' id='word_1_521' title='bbox 1373 4620 1413 4672; x_wconf 82' lang='lat' dir='ltr'>Va</span> <span class='ocrx_word' id='word_1_522' title='bbox 1518 4626 1565 4691; x_wconf 78' lang='grc' dir='ltr'>τῆς</span> 
     </span>
     <span class='ocr_line' id='line_1_45' title="bbox 201 4697 1564 4779; baseline 0.011 -32"><span class='ocrx_word' id='word_1_523' title='bbox 201 4711 286 4748; x_wconf 77' lang='grc' dir='ltr'>σακε</span> <span class='ocrx_word' id='word_1_524' title='bbox 389 4697 423 4750; x_wconf 79' lang='grc'>20</span> <span class='ocrx_word' id='word_1_525' title='bbox 441 4703 494 4756; x_wconf 82' lang='grc' dir='ltr'>ταῖς</span> <span class='ocrx_word' id='word_1_526' title='bbox 512 4714 597 4752; x_wconf 71' lang='grc' dir='ltr'>σακε</span> <span class='ocrx_word' id='word_1_527' title='bbox 702 4701 733 4754; x_wconf 78' lang='grc' dir='ltr'>θλ</span> <span class='ocrx_word' id='word_1_528' title='bbox 755 4701 873 4755; x_wconf 74' lang='grc' dir='ltr'>οῦυοαὸἰ</span> <span class='ocrx_word' id='word_1_529' title='bbox 980 4703 1014 4756; x_wconf 74' lang='lat'>24</span> <span class='ocrx_word' id='word_1_530' title='bbox 1032 4703 1068 4763; x_wconf 81' lang='grc' dir='ltr'>ὡς</span> <span class='ocrx_word' id='word_1_531' title='bbox 1086 4705 1126 4757; x_wconf 82' lang='grc' dir='ltr'>ἐπὶ</span> <span class='ocrx_word' id='word_1_532' title='bbox 1144 4705 1216 4764; x_wconf 83' lang='grc' dir='ltr'>τέλος</span> <span class='ocrx_word' id='word_1_533' title='bbox 1233 4708 1280 4777; x_wconf 83' lang='grc' dir='ltr'>τὴν</span> <span class='ocrx_word' id='word_1_534' title='bbox 1298 4706 1397 4779; x_wconf 82' lang='grc' dir='ltr'>πρᾶξιν]</span> <span class='ocrx_word' id='word_1_535' title='bbox 1417 4707 1449 4760; x_wconf 85' lang='grc' dir='ltr'>σί.</span> <span class='ocrx_word' id='word_1_536' title='bbox 1469 4707 1505 4768; x_wconf 84' lang='grc' dir='ltr'>ὡς</span> <span class='ocrx_word' id='word_1_537' title='bbox 1523 4710 1564 4762; x_wconf 82' lang='grc' dir='ltr'>ἐπὶ</span> 
     </span>
     <span class='ocr_line' id='line_1_46' title="bbox 200 4783 1562 4864; baseline 0.012 -32"><span class='ocrx_word' id='word_1_538' title='bbox 200 4783 283 4854; x_wconf 79' lang='grc' dir='ltr'>ἀργήν</span> <span class='ocrx_word' id='word_1_539' title='bbox 301 4784 349 4854; x_wconf 78' lang='grc' dir='ltr'>τἠν</span> <span class='ocrx_word' id='word_1_540' title='bbox 367 4784 472 4856; x_wconf 81' lang='grc' dir='ltr'>καρδίαν</span> <span class='ocrx_word' id='word_1_541' title='bbox 492 4786 590 4839; x_wconf 83' lang='lat' dir='ltr'>141r1.</span> <span class='ocrx_word' id='word_1_542' title='bbox 627 4786 663 4845; x_wconf 84' lang='grc' dir='ltr'>ὡς</span> <span class='ocrx_word' id='word_1_543' title='bbox 680 4787 730 4840; x_wconf 81' lang='grc' dir='ltr'>ἀπὸ</span> <span class='ocrx_word' id='word_1_544' title='bbox 748 4791 879 4861; x_wconf 82' lang='grc' dir='ltr'>παρόντων</span> <span class='ocrx_word' id='word_1_545' title='bbox 897 4796 949 4843; x_wconf 82' lang='grc' dir='ltr'>τῶν</span> <span class='ocrx_word' id='word_1_546' title='bbox 968 4791 997 4844; x_wconf 89' lang='grc' dir='ltr'>οὐ</span> <span class='ocrx_word' id='word_1_547' title='bbox 1015 4791 1147 4864; x_wconf 78' lang='grc' dir='ltr'>παρέντων</span> <span class='ocrx_word' id='word_1_548' title='bbox 1164 4793 1251 4858; x_wconf 80' lang='grc'>70,16.</span> <span class='ocrx_word' id='word_1_549' title='bbox 1270 4794 1328 4860; x_wconf 78' lang='grc' dir='ltr'>Ί1,1</span> <span class='ocrx_word' id='word_1_550' title='bbox 1426 4794 1460 4848; x_wconf 80' lang='grc'>28</span> <span class='ocrx_word' id='word_1_551' title='bbox 1478 4794 1562 4849; x_wconf 84' lang='grc' dir='ltr'>αύτῶν</span> 
     </span>
     <span class='ocr_line' id='line_1_47' title="bbox 201 4871 1356 4946; baseline 0.011 -22"><span class='ocrx_word' id='word_1_552' title='bbox 201 4871 312 4940; x_wconf 73' lang='lat' dir='ltr'><strong>scripsi:</strong></span> <span class='ocrx_word' id='word_1_553' title='bbox 331 4871 418 4925; x_wconf 70' lang='grc' dir='ltr'>αὐτῶν</span> <span class='ocrx_word' id='word_1_554' title='bbox 436 4875 477 4930; x_wconf 78' lang='lat' dir='ltr'>Va</span> <span class='ocrx_word' id='word_1_555' title='bbox 582 4873 616 4928; x_wconf 77' lang='lat'>29</span> <span class='ocrx_word' id='word_1_556' title='bbox 634 4873 741 4946; x_wconf 82' lang='grc' dir='ltr'>ὁρμᾶται</span> <span class='ocrx_word' id='word_1_557' title='bbox 759 4878 837 4932; x_wconf 80' lang='grc' dir='ltr'>καίο</span> <span class='ocrx_word' id='word_1_558' title='bbox 1352 4898 1356 4905; x_wconf 93' lang='grc'><strong><em>·</em></strong></span> 
     </span>
    </p>
   </div>
   <div class='ocr_carea' id='block_1_8' title="bbox 0 0 1774 5610">
    <p class='ocr_par' dir='ltr' id='par_1_19' title="bbox 0 0 1774 5610">
     <span class='ocr_line' id='line_1_48' title="bbox 0 0 1774 5610; baseline 0 1"><span class='ocrx_word' id='word_1_559' title='bbox 0 0 1774 5610; x_wconf 95' lang='lat' dir='ltr'> </span> 
     </span>
    </p>
   </div>
  </div>
 </body>
</html>
