3540 5610
653 307 709 378 [DE
733 310 843 364 ANIMA
866 310 969 363 LIBER
992 308 1118 379 ALTER]
1502 309 1561 374 167

260 480 1509 567 τώηψῶῶῶωῷωωῶωὼάὣκῆωῇάωῶώω

259 585 413 669 αὐτάρκεις
434 587 505 669 πρὸς
528 585 719 666 εὐδαιμονίαν,
746 586 789 648 ὅτι
812 584 887 667 μηδέ
909 609 983 654 τινος
1005 585 1081 654 ὅλως
1104 583 1211 655 ἔξωθεν
1234 587 1431 669 προσδέονται,
1454 585 1511 669 οὐχ

260 688 349 770 ὑγιῶς
371 689 440 773 ἐρεῖ.
478 691 593 752 πολλῶν
616 688 670 772 γάρ
693 686 812 762 ἔξωθεν,
835 689 934 771 ῶσπερ
956 690 986 751 αἱ
1009 689 1118 773 τέχναι,
1141 688 1233 756 οὕτως
1254 690 1286 752 δὲ
1308 690 1357 752 καὶ
1377 691 1397 773 ῆ
1420 688 1509 772 ἀρετῆ

258 792 365 865 δεῖται,
391 795 432 860 ῶς
460 792 597 876 ἐδείχθη,
624 791 693 875 πρδς
725 791 757 853 τδ
780 796 966 875 περιποιῆσαι
991 790 1136 859 τὸτέλος.
1181 792 1213 853 τδ
1240 792 1272 854 δὲ
1299 793 1387 876 φάναι
1409 793 1508 873 ὥσπερ

227 893 312 976 στῆν
335 893 495 979 αὐλητικὴν
523 894 607 957 παντὶ
633 896 676 976 τῷ
704 891 817 955 δοθέντι
845 892 927 975 μέλει
955 892 1053 976 ὀρθῶς
1076 892 1216 956 δύνασθαι
1244 895 1390 978 χρῆσθαι,
1417 892 1509 961 οὕτως

258 997 308 1059 καὶ
332 997 384 1080 τῆν
406 997 511 1082 ἀρετὴν
535 997 618 1060 παντὶ
641 997 800 1080 πράγματι,
827 995 905 1077 ὑγιὲς
927 994 979 1078 μέν
1002 995 1093 1071 ἐστιν,
1120 995 1380 1079 προσδιασταλτέον
1403 995 1445 1071 δέ,
1469 997 1509 1063 ῶς
1523 1011 1550 1053 ω

257 1098 328 1162 οὔτε
349 1101 369 1182 ῆ
392 1099 535 1184 αὐλητικὴ
563 1098 631 1162 ἀνευ
660 1101 717 1160 τῶν
744 1097 856 1160 οἰκείων
888 1097 1017 1181 δργάνων
1040 1099 1146 1181 δυνατὴ
1169 1103 1288 1182 ποιῆσαι
1311 1102 1410 1175 τοῦτο,
1438 1096 1503 1163 οὐθ’

258 1184 1510 1287 ῆῲώ,ωάᾤψμωώᾞτύῂωὼάώωοὴῴχψάμ

258 1310 317 1366 τῶν
342 1305 384 1374 είς
398 1303 470 1368 αὐτὸ
493 1309 649 1388 συνεργῶν.
684 1300 726 1365 ἔτι
748 1302 812 1379 οὐκ,
834 1302 897 1365 ἐπεὶ
920 1307 1006 1366 πᾶσιν
1021 1307 1080 1370 τοῖς
1103 1305 1265 1388 πράγμασιν
1280 1307 1377 1374 καλῶς
1392 1309 1508 1390 χρῆται,

216 1422 244 1465 ιο
259 1406 317 1491 ῆδη
342 1409 391 1470 καὶ
414 1409 433 1491 ῆ
450 1408 556 1475 παντὸς
571 1411 677 1490 χρῆσις
699 1404 897 1490 εὐδαιμονική,
920 1403 979 1468 ἀλλ’
999 1407 1018 1489 ῆ
1042 1411 1099 1468 τῶν
1116 1407 1266 1490 βουλητῶν
1282 1408 1380 1470 τοιάδε
1394 1412 1509 1492 χρῆσις.

257 1507 320 1573 ἔστι
342 1509 376 1572 δέ
391 1532 452 1573 τινα
475 1510 523 1572 καὶ
545 1507 694 1593 ἀβούλητα
715 1513 758 1591 τῷ
781 1508 930 1593 σπουδαίῳ
952 1508 1175 1591 προσπίπτοντα,
1199 1509 1241 1579 οἷς
1263 1507 1295 1573 εὐ
1317 1510 1369 1593 μὲν
1391 1510 1440 1573 καὶ
1462 1507 1510 1572 αὐ·

259 1618 321 1681 τοῖς
343 1617 461 1697 χρῆται,
485 1611 519 1675 οὐ
535 1612 593 1696 μῆν
615 1612 680 1694 περὶ
703 1613 793 1673 ταῦτα
815 1609 943 1695 ἐνέργεια
958 1609 1038 1695 αὐτῷ
1063 1613 1110 1674 καὶ
1132 1613 1151 1694 ῆ
1174 1614 1271 1676 τοιάδε
1292 1616 1397 1698 χρῆσις
1418 1613 1510 1675 τῶνδε

258 1714 457 1799 εὐδαιμονικῆ.
507 1712 549 1777 ἔτι
577 1714 612 1776 τά
639 1713 733 1776 οἰκεῖα
760 1713 927 1798 προηγμένα
961 1714 1009 1776 καὶ
1036 1712 1186 1798 εὔχρηστα
1218 1718 1266 1778 καὶ
1294 1715 1374 1785 ἀξίαν
1403 1713 1509 1800 ἔχοντα
1523 1731 1551 1774 ιο

259 1819 332 1900 πρὸς
356 1818 384 1880 τί
403 1841 474 1881 ποτε
496 1816 600 1885 ταύτας
623 1813 687 1901 ἔχει
709 1816 760 1885 τὰς
782 1816 949 1899 δνομασύκη
972 1817 998 1879 εί
1021 1819 1111 1901 μηδὲν
1135 1823 1264 1901 συνεργεῖ
1286 1819 1357 1902 πρύς
1379 1818 1510 1903 εὐδαιμο-

216 1935 243 1979 15
258 1920 339 2000 νίαν;
363 1924 419 1982 πᾶν
441 1918 495 2004 γὰρ
518 1920 551 1982 τύ
574 1918 755 2003 προηγμένον
778 1917 849 2003 πρύς
871 1943 896 1982 τι
920 1924 1070 2003 προῆκται,
1098 1921 1146 1983 καὶ
1169 1926 1210 2005 τῷ
1233 1921 1323 2005 ρορύν
1345 1919 1417 1984 εἶναι
1439 1923 1511 2006 πρὸς

257 2023 292 2085 τὸ
316 2023 505 2106 προκείμενον
528 2020 638 2104 μᾶλλον
655 2020 744 2084 άλλου
768 2023 814 2085 διά
837 2025 921 2084 τοῦτο
944 2022 1056 2104 λέγεται
1079 2024 1127 2086 καὶ
1146 2024 1297 2107 προῆχθαι
1318 2023 1390 2108 πρὸς
1412 2025 1445 2088 τδ
1468 2025 1511 2088 τέ·

256 2123 1511 2210 λῳκάῆψωωῆώῶῶᾒωῶωωψάηὰώὴμώνεΜὲ

256 2229 299 2310 μῆ
323 2229 395 2312 πρὸς
417 2231 501 2291 τοῦτο
524 2231 663 2311 συνεργεῖ,
690 2227 762 2311 πρὸς
783 2227 816 2289 δὲ
838 2227 886 2290 τύν
909 2227 1089 2313 κατὰφύσιν
1112 2229 1182 2313 βίον,
1206 2227 1282 2297 ἀξιον
1305 2229 1424 2314 ἐρέσθαι
1446 2231 1510 2315 περὶ

258 2334 312 2392 τοῦ
335 2329 409 2393 κατὰ
430 2330 516 2415 φύσιν
538 2328 644 2398 αὐτοὺς
667 2328 746 2415 βίου,
775 2329 895 2414 πότερον
918 2328 1001 2399 οὐτος
1028 2329 1137 2412 ἀγαθόν
1165 2331 1255 2412 ἐστιν,
1283 2332 1302 2417 ῆ
1325 2332 1377 2396 οὐκ
1400 2334 1510 2416 ἀγαθὸν
1524 2351 1551 2394 ιο

213 2448 245 2493 20
259 2434 325 2517 μέν,
349 2434 452 2496 οἰκεῖον
475 2433 508 2496 δὲ
530 2434 578 2496 καὶ
600 2431 672 2495 αὐτὸ
695 2433 743 2496 καὶ
765 2432 960 2516 προηγμένον,
987 2435 1005 2516 ῆ
1029 2432 1177 2518 ἀλλότριον
1200 2436 1248 2497 καὶ
1270 2435 1510 2521 ἀποπροηγμένον

257 2537 278 2619 ῆ
305 2536 428 2620 ἀρρεπὲς
451 2534 537 2605 δ’λως.
582 2534 661 2619 παρὰ
682 2535 736 2618 γάρ
758 2539 848 2598 ταῦτα
876 2536 960 2599 οὐδὲν
987 2535 1048 2599 οίύν
1076 2560 1107 2599 τε
1134 2537 1354 2621 ἀποκρίνασθαι.
1398 2539 1432 2602 οὐ
1455 2541 1509 2624 γάρ

256 2640 296 2722 δῆ
319 2636 408 2702 κακύν
436 2661 468 2720 γε
496 2637 609 2721 έρούσα
637 2636 723 2700 αὐτόν
778 2639 804 2700 εί
826 2638 878 2721 μὲν
907 2636 956 2701 οὐν
980 2639 1104 2720 ἀγαθόν,
1134 2646 1248 2724 πρῶτον
1272 2641 1323 2722 μὲν
1351 2648 1413 2712 πῶς
1440 2643 1509 2729 οὐχὶ

259 2741 297 2805 τὰ
319 2739 548 2825 συμπληρωτικὰ
569 2738 658 2803 αὐτοῦ
682 2742 729 2803 καὶ
744 2741 877 2823 ποιητικὰ
900 2741 997 2822 ἀγαθὰ
1021 2740 1054 2804 ἂν
1074 2743 1122 2804 καὶ
1137 2742 1211 2805 αὐτὰ
1233 2742 1290 2828 εἴη,
1313 2745 1390 2808 ὥστε
1411 2745 1510 2827 ἀγαθὰ

257 2843 296 2906 τὰ
320 2843 502 2928 προηγμένα;
538 2841 638 2906 ἔπειτα
664 2844 696 2905 δὲ
723 2843 757 2906 οὐ
785 2843 871 2924 μόνον
899 2842 979 2908 ἔσται
1007 2846 1039 2908 τδ
1066 2847 1155 2907 καλδν
1183 2845 1306 2929 ἀγαθόν·
1341 2849 1389 2911 καὶ
1416 2847 1469 2931 γὰρ
1493 2850 1509 2912 δ

212 2963 243 3006 25
257 2947 333 3012 κατὰ
355 2945 441 3030 φύσιν
464 2947 535 3031 βίος,
557 2943 632 3027 εἴγε
654 2945 765 3028 ἀγαθὸν
788 2947 836 3009 καὶ
859 2948 930 3032 πρὸς
951 2946 1134 3030 εὐδαιμονίαν
1157 2946 1236 3012 ἔσται
1260 2952 1414 3025 συντελῶν,
1436 2950 1510 3034 εἴγε

257 3052 279 3133 ῆ
302 3049 471 3130 εὐδαιμονία
494 3049 703 3131 συμπλήρωσις
724 3049 859 3131 ἀγαθῶν,
885 3051 963 3113 ὥστε
984 3050 1038 3114 οὐκ
1060 3049 1206 3135 αὐτάρκης
1232 3051 1304 3136 πρὸς
1326 3050 1508 3136 εὐδαιμονίαν
1522 3070 1550 3113 αι

259 3156 279 3237 ῆ
302 3153 403 3236 ἀρετῆ.
441 3151 466 3213 εἰ
489 3149 521 3213 δὲ
544 3149 763 3236 ἀλλότριονκαὶ
786 3152 1025 3237 ἀποπροηγμένον
1048 3154 1067 3235 ῆ
1090 3153 1228 3236 ἀρρεπές,
1256 3159 1319 3224 πῶς
1341 3154 1375 3218 οὐ
1397 3159 1509 3239 γελοῖον

257 3257 294 3318 τά
317 3253 453 3336 ποιητικὰ
475 3251 564 3316 αὐτοῦ
591 3253 758 3339 προηγμένα
780 3254 887 3337 λέγειν;
921 3256 949 3317 τί
967 3255 1021 3340 γάρ
1045 3260 1153 3339 μᾶλλον
1176 3257 1211 3320 τὰ
1233 3258 1304 3341 πρὸς
1326 3263 1410 3322 τούτο
1433 3260 1509 3345 φορὰ

258 3354 440 3441 προηγμένα,
462 3355 482 3439 ῆ
504 3354 541 3418 τὰ
563 3356 634 3440 πρὸς
656 3358 689 3420 τὸ
713 3358 907 3442 ἀντικείμενον
929 3357 1027 3444 αὐτοῖς
1050 3359 1076 3421 εἰ
1097 3360 1129 3422 δὲ
1151 3362 1198 3423 καὶ
1221 3358 1308 3429 αὐτὸς
1329 3363 1510 3446 προηγμένος

215 3476 243 3519 ιιο
258 3484 290 3523 τε
312 3459 361 3521 καὶ
390 3458 470 3529 ἀξίαν
497 3455 575 3543 ἔχων
603 3459 680 3523 ἐστὶν
709 3461 817 3543 δμοίως
839 3460 969 3538 ἐκείνοις,
1000 3462 1048 3524 καὶ
1070 3461 1116 3524 διά
1138 3467 1238 3526 τοῦτον
1262 3468 1380 3527 τοιαῦτα
1402 3462 1438 3548 ῆν
1460 3466 1509 3528 καὶ

257 3562 294 3626 τά
317 3560 456 3644 ποιητικὰ
470 3560 570 3638 αὐτοῦ,
593 3562 634 3631 εἰς
656 3563 684 3625 τί
697 3568 841 3647 προῆκται
863 3563 911 3626 καὶ
930 3563 1009 3632 ἀξίαν
1025 3561 1098 3648 ἔχει,
1121 3563 1291 3648 πευσόμεθα
1313 3565 1381 3650 παρ’
1402 3566 1509 3642 αὐτῶν,

257 3667 359 3748 ὥσπερ
382 3664 431 3728 καὶ
453 3665 520 3748 περὶ
542 3669 599 3727 τῶν
623 3666 726 3728 τούτου
749 3671 916 3749 ποιητικῶν,
939 3665 1003 3728 ἐπεὶ
1025 3671 1081 3728 πᾶν
1104 3668 1137 3730 τὸ
1160 3667 1340 3751 προηγμένον
1363 3667 1434 3753 πρός
1456 3693 1482 3732 τι
1504 3668 1507 3751 1

256 3764 1562 3854 mmmdwwssssfflmwffmwmmfflmfflm

256 3867 1510 3959 ρωὴῷωψῶωωωωᾶωάώψωωῶω

213 3970 1510 4060 ωώωῶωήῲώψωώῶάἂψωῶωψψωώὠ-

206 4133 386 4144 .....--—-——-

204 4215 333 4286 Ιούτως]
354 4215 463 4268 fortasse
482 4213 570 4271 ἁπλῶς
675 4213 852 4286 θαύτάριιεις]
872 4233 893 4267 ει
911 4216 940 4268 in
958 4215 1034 4268 lit.V
1140 4213 1225 4275 ἔξωε
1330 4215 1488 4286 3ὐγειῶςο

200 4307 272 4361 4-5
296 4304 327 4357 τὸ
345 4302 373 4355 δὲ
391 4302 479 4372 φάναι,
503 4299 587 4372 ῶσπερ
604 4339 629 4354 ..
646 4300 795 4355 δύνασθαι
814 4302 935 4373 χρῆσθαι,
958 4301 1040 4362 οὕτως
1059 4302 1125 4372 κτλ]
1150 4305 1181 4357 cf.
1201 4302 1381 4375 ἀντπαίσθητος
1399 4306 1459 4376 γάρ,
1480 4303 1507 4356 δν
1524 4305 1563 4357 λί-

201 4410 286 4465 γουσιν
305 4390 496 4464 προεμπίπτειν,
517 4387 531 4441 δ
550 4388 610 4460 ἀῆρ,
635 4387 664 4440 οὐ
681 4390 714 4462 τῆ
733 4389 852 4461 ποσότητι
870 4390 899 4443 τύ
918 4389 1041 4460 διάστημα
1060 4389 1250 4460 ἀναμετρεῖσθαι
1269 4392 1384 4459 ρ.135,5
1403 4398 1458 4461 φῶς
1476 4393 1521 4461 γάρ
1540 4410 1563 4443 τι

201 4475 377 4549 ἐκπέμπεσθαι
394 4476 444 4530 ἀπὸ
462 4481 508 4547 τῆς
526 4476 616 4545 ὄψεως,
635 4475 648 4528 δ
665 4480 699 4548 τῆ
717 4477 894 4549 ἀπορροίη...
914 4478 1069 4548 ἀναγγέλλων
1089 4495 1114 4546 p.
1128 4479 1204 4544 13ss
1328 4479 1344 4532 6
1371 4478 1431 4550 πρὸς
1449 4478 1563 4531 διασταλ-

201 4573 259 4622 τίον
277 4569 301 4620 V
429 4565 461 4617 13
479 4564 570 4635 ἔχοντα
589 4581 612 4616 ν.
626 4580 648 4617 c.
667 4563 725 4635 ἔχον
744 4565 779 4617 m¹
792 4566 825 4617 V:
844 4564 934 4635 ἔχοντα
953 4582 969 4617 a
1095 4566 1124 4617 16
1143 4564 1251 4634 λέγεται]
1270 4584 1296 4618 αι
1312 4567 1341 4619 in
1359 4566 1434 4619 lit.v

202 4653 344 4727 προῆχθαι]
364 4671 389 4705 αι
407 4654 434 4704 in
452 4651 527 4704 lit.V
652 4651 684 4704 18
707 4650 806 4723 ἐρέσθαι
824 4653 929 4720 scripsi:
948 4650 1047 4724 ἔρεσθαι
1066 4669 1093 4704 οι
1111 4651 1224 4722 ὀιίρεσθαι
1242 4653 1302 4721 (sic)
1321 4654 1344 4706 V
1467 4653 1502 4706 20
1519 4655 1563 4707 καὶ

204 4750 263 4811 post
280 4741 344 4793 αὐτὸ
362 4755 447 4793 σακε
549 4739 755 4811 ἀποπροηγμένον
775 4742 796 4792 V
815 4740 941 4808 Sylburg:
960 4739 1008 4792 ἀπὸ
1026 4742 1211 4810 προηγουμένων
1229 4757 1245 4793 α
1351 4740 1382 4792 21
1402 4739 1419 4809 ῆ
1437 4741 1562 4793 Vualder:

200 4819 220 4899 4,
239 4831 279 4882 Va
386 4825 418 4878 27
438 4824 487 4878 ἀπύ
506 4827 702 4896 προηγμένονλί
818 4827 1239 4900 28φορὰν3γ1οωγιφοροα
1344 4827 1377 4879 29
1397 4827 1563 4905 προηγμένος]

206 4924 265 4970 ante
286 4935 298 4978 ς
315 4918 368 4971 υιιθ
386 4915 424 4969 lit.
444 4929 508 4968 τιατ.
529 4914 551 4966 V
658 4913 691 4969 32
709 4915 865 4988 προηγμένον
884 4916 906 4968 V
925 4915 1040 4971 Vualder
1058 4914 1181 4991 Sylburg:
1206 4917 1343 4992 προγμὲνον
1363 4931 1378 4976 ε
