3540 5610
211 304 272 371 158
528 305 731 364 Αισκκιιυιτι
753 307 798 379 ορ
820 307 930 364 οιιιιιο
954 306 1045 364 unm
1067 305 1239 365 κουνιευι

263 477 367 563 μένοις.
411 480 445 545 τό
467 505 498 545 τε
522 482 576 567 γάρ
605 482 750 547 αἰδεῖσθαι
779 481 846 567 τρύς
871 482 1081 569 πρεσβυτέρους
1115 484 1163 546 καὶ
1189 483 1221 546 τὸ
1248 482 1341 569 σέβειν
1369 482 1401 545 τδ
1430 482 1510 545 θεῖον

182 596 185 600 ’
211 618 214 623 -
263 582 311 645 καὶ
340 585 374 646 τὸ
401 589 484 668 τιμάν
510 585 577 653 τούς
607 585 706 668 γονέας
732 586 781 648 καὶ
806 586 872 655 τοὺς
899 586 1056 670 βελτίονας,
1088 584 1205 671 ἄγραφα
1230 587 1278 649 καῖ
1306 584 1388 650 κοινὰ
1413 585 1510 648 δίκαια
1524 600 1553 642 ιυ

263 684 342 769 παρὰ
364 690 450 751 πᾶσιν
472 688 638 771 ἀνθρώποις
660 687 744 771 φύσει
766 687 938 773 τηρούμενα.
970 687 1009 766 Ιοδ
1031 687 1085 772 γάρ
1103 690 1177 772 ,περὶ
1198 689 1307 752 τούτων
1329 687 1397 751 ούτε
1420 689 1510 751 συντί-

263 786 359 851 θενται
381 790 453 875 πρὸς
475 792 620 875 ἀλλήλους
645 789 711 853 οὔτε
736 792 906 876 γράφουσιν,
933 790 994 854 ἀλλ’
1021 793 1062 860 ύς
1089 791 1328 875 ὁμολογουμένων
1359 792 1408 855 καὶ
1429 815 1511 854 κεκυ·

236 891 401 973 ὁρωμένων
424 892 481 955 ύπδ
503 898 555 976 τῆς
577 892 692 977 φύσεως
714 893 806 961 οὕτως
829 890 924 978 ἔχειν,
952 894 1017 977 περὶ
1044 897 1094 957 τού
1117 892 1224 978 τρόπου
1245 900 1298 979 τῆς
1319 898 1405 978 τιμῆς
1426 917 1511 978 νομυ

263 994 409 1070 θετοδσιν,
435 996 463 1057 οἱ
486 995 538 1078 μὲν
561 996 666 1072 οὸτως,
693 997 720 1058 οἱ
743 995 902 1072 δὲούτως,
928 997 1026 1060 καλοί
1050 996 1101 1080 μὲν
1125 996 1173 1060 διά
1194 999 1329 1072 τοιῶνδε,
1356 998 1383 1060 οἱ
1407 997 1441 1060 δὲ
1463 996 1511 1058 διά

262 1098 380 1159 τοιῶνδε
402 1101 493 1161 ταῦτα
514 1099 645 1183 ποιήσειν
665 1098 829 1183 ἡγούμενοι,
851 1098 881 1161 ἐν
897 1098 940 1167 οῖς
963 1097 996 1162 ἀν
1012 1097 1133 1168 ἕκαστος
1154 1095 1175 1184 ή
1193 1099 1422 1184 προειθισμένυς,
1445 1099 1510 1182 περὶ

264 1197 404 1263 ἀλοιπδν
426 1201 458 1263 τδ
482 1201 555 1264 κατὰ
577 1201 725 1285 συνθήκην
752 1201 858 1264 δίκαιον
886 1200 970 1286 ίσχύν
993 1199 1066 1286 ἔχει.
1110 1203 1168 1264 ὧδε
1192 1203 1243 1286 μὲν
1264 1202 1319 1286 γάρ
1342 1202 1361 1285 ἢ
1384 1202 1444 1263 ὧδε
1466 1198 1511 1262 σε’-

263 1302 321 1386 βειν
343 1304 376 1366 τδ
399 1303 479 1367 θεῖον
502 1303 521 1387 ἢ
549 1307 633 1386 τιμᾶν
659 1304 727 1372 τούς
752 1309 844 1386 γονεῖς
875 1304 908 1366 τδ
934 1304 1007 1366 κατὰ
1030 1305 1180 1390 συνθήκην
1207 1303 1314 1368 δίκαιόν
1342 1327 1374 1367 τε
1396 1305 1444 1366 καὶ
1466 1301 1512 1365 νό-
1526 1319 1554 1360 ιο

223 1420 250 1465 10
263 1428 350 1489 μιμον
380 1405 466 1489 λέγει
513 1407 558 1469 διὸ
584 1407 632 1470 καὶ
662 1406 767 1470 ἄλλοτε
798 1405 895 1475 άλλως
925 1405 994 1489 παρ’
1022 1405 1119 1476 ἀλλοις
1150 1407 1259 1475 τούτων
1287 1407 1419 1471 ἕκαστον.
1462 1406 1508 1468 ἀεὶ

263 1508 296 1571 δὲ
322 1508 369 1571 καλ
396 1508 474 1593 παρὰ
495 1508 582 1572 πᾶσίν
605 1508 665 1572 ἔστι
693 1509 727 1573 τδ
750 1513 833 1591 τιμοῖν
859 1533 889 1572 τε
916 1510 963 1572 καὶ
985 1509 1080 1595 σέβειν
1106 1511 1139 1572 τὸ
1164 1510 1243 1573 θεῖον
1270 1509 1300 1572 έν
1322 1513 1360 1593 τῇ
1383 1514 1441 1572 τῶν
1464 1509 1511 1571 ἀν-

262 1612 390 1695 θρώπων
416 1610 597 1695 ἐνιδρυμένον
620 1611 715 1696 φύσει.
760 1614 803 1675 διδ
826 1613 873 1676 καί
901 1611 957 1697 οὐχ
980 1613 1029 1675 ὁτὲ
1051 1612 1118 1696 μέν,
1146 1613 1195 1675 ὁτὲ
1222 1612 1248 1676 δ’
1276 1609 1321 1687 ού,
1344 1612 1413 1675 ούδὲ
1434 1608 1503 1694 παρ’

264 1714 306 1784 οίς
329 1714 392 1798 μέν,
414 1712 481 1798 πὰρ’
509 1713 551 1783 οῖς
573 1712 599 1777 δ’
626 1710 671 1776 ού.
715 1712 845 1778 καθόλου
868 1716 901 1779 δὲ
922 1716 1013 1778 ταῦτά
1033 1738 1075 1783 τις
1097 1714 1189 1797 λέγων
1211 1714 1283 1777 εῖναι
1304 1714 1388 1800 φύσει
1412 1715 1509 1777 δίκαια

225 1936 251 1981 15
263 1920 317 2004 γὰρ
343 1921 435 2004 δήτὸ
459 1920 510 2001 μὲν
537 1925 590 2003 τῆς
612 1919 758 1989 κοινωνίας
784 1918 884 2004 φύσει,
910 1920 943 1984 ού
970 1921 1055 2006 φύσει
1082 1920 1115 1983 δὲ
1141 1921 1173 1983 τὸ
1200 1917 1235 1982 δι’
1265 1920 1305 1982 ὧν
1332 1921 1352 2003 ή
1378 1919 1512 1983 κοινωνία

264 2027 399 2103 σώζεται,
424 2022 483 2086 ἀλλ’
509 2020 584 2086 ἔστιν
607 2023 728 2106 ἀνάγκη,
750 2028 875 2107 φυσικῆς
897 2021 985 2107 οὔσης
1007 2028 1059 2107 τῆς
1082 2023 1239 2092 κοινωνίας,
1261 2021 1333 2085 εῖναι
1356 2022 1441 2107 φύσει
1464 2023 1512 2086 καῖ

263 2126 299 2189 τά
320 2126 425 2200 δίκαια,
448 2122 485 2188 δι’
513 2126 554 2188 ὧν
577 2125 653 2188 ἐστιν
674 2126 694 2207 ή
719 2125 859 2189 κοινωνία.
904 2124 948 2189 ὁτι
969 2126 1023 2210 γάρ
1046 2127 1078 2189 τδ
1102 2127 1210 2189 δίκαιον
1238 2125 1354 2209 συνέχει
1380 2126 1432 2208 τήν
1455 2142 1554 2188 ›tot-w

264 2229 367 2292 νωνίαν
390 2227 477 2312 δῆλόν
504 2228 580 2291 ἐστιν
603 2227 650 2290 ἐπὶ
678 2233 735 2290 τῶν
762 2228 948 2290 ἀδικωτάτων
975 2227 1048 2291 εἶναι
1070 2228 1240 2291 δοκούντων.
1285 2225 1364 2290 οὔτοι
1386 2227 1418 2291 δέ
1441 2228 1512 2292 εἰσιν

265 2333 292 2394 οῖ
307 2330 421 2415 λησταί,
444 2330 487 2399 οἷς
505 2332 524 2414 ή
540 2330 612 2414 πρὸς
634 2330 778 2412 ἀλλήλους
797 2331 930 2393 κοινωνία
951 2330 1007 2393 ύπδ
1023 2330 1205 2414 δικαιοσύνης
1227 2333 1351 2402 σώζεται
1373 2335 1425 2414 τῆς
1441 2331 1514 2416 πρὸς

224 2435 420 2519 κυάλλήλους.
465 2433 513 2496 διά
534 2455 565 2495 τε
587 2433 641 2515 γὰρ
662 2432 695 2494 τδ
719 2432 760 2515 μὴ
783 2424 962 2496 πλέονεκτεῖν
985 2434 1131 2518 ἀλλήλους
1152 2434 1200 2496 καλ
1222 2432 1269 2496 διά
1291 2433 1324 2495 τδ
1348 2433 1389 2516 μὴ
1412 2432 1513 2517 ψεύδε-

265 2540 348 2612 σθαι,
374 2537 424 2601 καλ
446 2535 493 2598 διὰ
512 2535 546 2597 τδ
569 2539 653 2616 τιμᾶν
680 2534 712 2597 τὸ
735 2538 862 2617 κρεῖττον
890 2536 992 2598 δοκοῦν
1019 2537 1066 2598 καὶ
1093 2537 1126 2598 τὸ
1153 2535 1188 2598 τά
1211 2535 1383 2619 συγκείμενα
1406 2537 1513 2620 φυλάτ·

264 2664 339 2715 τειν,
368 2639 416 2703 καὶ
439 2637 486 2702 διά
506 2640 540 2701 τὸ
563 2637 682 2723 βοηθεῖν
709 2643 769 2706 τοῖς
790 2637 1023 2723 ἀσθενεστέροις,
1052 2638 1098 2701 διὰ
1120 2641 1210 2701 ταῦτα
1232 2640 1251 2722 ή
1274 2638 1345 2721 πρδς
1368 2638 1515 2721 ἀλλήλους

264 2740 363 2811 αὐτοῖς
383 2740 516 2804 κοινωνία
539 2740 691 2822 σομμένει,
722 2741 762 2803 ὧν
791 2743 847 2802 πᾶν
875 2740 1036 2805 τούναντίον
1063 2744 1103 2812 εἰς
1131 2741 1181 2810 οδς
1202 2743 1348 2804 ἀδικοῦσιν
1370 2744 1511 2803 ποιοῦσιν.

266 2844 309 2908 ὁτι
331 2843 385 2929 γὰρ
400 2843 485 2928 φύσει
507 2844 599 2906 ταῦτά
617 2843 677 2906 ἐστι
701 2844 806 2917 δίκαια,
830 2847 950 2928 σημεῖον
974 2844 1104 2928 μέγιστον
1126 2846 1159 2907 τὸ
1183 2842 1266 2929 μηδ’,
1290 2842 1325 2906 ἀν
1348 2844 1513 2907 συνθῶνται
1527 2858 1556 2900 εσ

223 2965 251 3010 κο
263 2948 299 3011 τά
320 2946 500 3030 ἀντικείμενα
515 2946 623 3009 τούτων
646 2946 718 3029 πρδς
735 2946 882 3030 ἀλλήλους
904 2950 944 3017 ὡς
965 2947 1069 3023 δίκαια,
1092 2947 1231 3011 δύνασθαι
1247 2945 1401 3030 συμμένειν
1416 2944 1513 3009 αὐτῶν

265 3052 318 3136 τὴν
340 3049 498 3128 κοινωνίαν,
521 3049 613 3111 καίτοι
628 3072 661 3131 γε
683 3048 719 3134 ήν
743 3047 776 3112 ἀν
799 3049 961 3112 ἀκόλουθον
984 3053 1040 3113 πάν
1065 3049 1172 3132 ὁμοίως
1193 3055 1245 3132 τῆς
1267 3049 1418 3118 κοινωνίας
1440 3047 1515 3112 εῖναι

264 3153 405 3218 σωστικδν
432 3152 462 3215 ἐν
489 3151 623 3236 συνθήκη
650 3151 812 3235 γενόμενον.
857 3151 937 3215 εἰδὲ
959 3151 995 3214 τά
1022 3152 1074 3236 μὲν
1100 3151 1286 3235 συνθεμένων
1314 3152 1362 3214 καὶ
1386 3151 1426 3235 μὴ
1450 3172 1514 3215 συν-

265 3256 399 3340 θεμένων
420 3259 503 3339 τηρεῖ
522 3255 575 3338 τὴν
597 3255 756 3329 κοινωνίαν,
779 3254 814 3317 τά
836 3251 861 3317 δ’
889 3254 1070 3338 ἀντικείμενα
1091 3254 1200 3317 τούτων
1223 3253 1349 3338 φθείρει,
1371 3252 1391 3315 ἀ
1412 3253 1514 3316 συνθε·

266 3360 368 3444 μένους
391 3360 489 3443 σώζει,
512 3357 597 3442 φύσει
619 3357 709 3419 ταῦτά
732 3356 818 3431 ἐστιν,
841 3355 893 3419 κάν
917 3357 990 3420 κατὰ
1013 3358 1160 3442 συνθήκην
1183 3356 1307 3441 γένηται.
1345 3353 1438 3419 ἔοικεν
1458 3355 1515 3440 γὰρ

225 3464 285 3546 ουή
313 3461 445 3546 συνθήκη
474 3459 591 3543 ζήτησίς
617 3481 659 3526 τις
686 3457 758 3521 εἶναι
785 3462 835 3522 τοῦ
862 3458 947 3543 φύσει
973 3460 1084 3523 δικαίου
1112 3460 1159 3523 καὶ
1188 3459 1326 3540 ὁμολογία
1352 3458 1433 3542 κοινὴ
1455 3462 1514 3520 τῶν

265 3563 442 3651 εὑρημένων.
491 3558 550 3625 ἀλλ’
578 3562 605 3624 οἱ
634 3561 684 3644 μὲν
711 3567 768 3623 τῶν
796 3561 956 3645 ζητούντων
984 3563 1031 3626 καί
1058 3562 1238 3645 εὑρίσκουσιν
1267 3561 1300 3624 τδ
1329 3560 1514 3643 ζητούμενον,
1528 3576 1558 3617 w

266 3670 293 3733 οἱ
316 3669 348 3731 δὲ
370 3665 625 3749 διαμαρτάνουσιν,
651 3664 750 3747 ὥσπερ
772 3662 822 3728 οόν
844 3665 892 3728 καλ
915 3664 945 3726 ἐν
968 3668 1027 3733 τοῖς
1046 3663 1144 3734 ἄλλοις
1165 3670 1254 3728 πᾶσιν
1277 3668 1337 3731 τοῖς
1358 3662 1406 3727 διά
1429 3663 1515 3746 ζητή-

266 3793 341 3840 σεως
363 3768 548 3853 εὑρίσκεσθαι
570 3765 741 3851 πεφυκόσιν.
782 3763 824 3829 ἔτι
847 3767 874 3829 οἱ
896 3763 1083 3848 διεγνωκότες
1109 3768 1217 3831 ἀδικεῖν
1240 3791 1270 3829 τε
1292 3766 1340 3829 καὶ
1362 3764 1513 3849 ληστεύειν

266 3874 320 3938 οὐκ
342 3869 584 3941 ἐξετάσαντες·τά
604 3871 721 3953 κείμενα
742 3867 851 3952 νόμιμα
874 3869 921 3932 διὰ
935 3873 985 3932 τοῦ
1009 3875 1097 3933 ταῦτα
1120 3871 1303 3955 παραβαίνειν
1326 3866 1516 3952 ληστεύουσίν

225 3991 297 4038 υστε
318 3973 366 4037 καὶ
389 3975 605 4057 κακουργοῦσιν,
629 3971 688 4035 ἀλλ’
717 3975 758 4041 ὡς
781 3970 870 4035 όντων
893 3977 1026 4057 φανερῶν
1049 3972 1251 4055 ἀδικημάτων,
1278 3968 1315 4035 δι’
1344 3972 1385 4033 ὧν
1408 3970 1441 4032 τὸ
1464 3973 1516 4052 λη-

266 4076 386 4149 στεύειν,
412 4073 527 4158 ἄγουσιν
550 4071 597 4137 ἐπ’
623 4071 703 4137 αὐτό.
748 4074 774 4136 εἰ
796 4073 822 4137 δ’
850 4072 925 4138 ἔστιν
948 4073 1117 4137 ἄδικά-τινα
1139 4074 1240 4159 φύσει,
1266 4076 1314 4137 καὶ
1337 4073 1371 4136 οδ
1393 4077 1432 4156 τή
1455 4077 1515 4135 τῶν

267 4176 462 4262 συγκειμένων
485 4176 602 4240 δικαίων
628 4177 805 4261 παραβάσει,
838 4179 949 4260 ἀνάγκη
976 4178 1023 4240 καὶ
1046 4176 1141 4239 δίκαια
1162 4177 1247 4260 φύσει
1269 4173 1361 4258 λέγειν
1384 4174 1458 4238 εἶναι
1479 4174 1517 4237 τά

266 4281 376 4349 τούτοις
399 4279 520 4343 ἐναντία.
565 4277 609 4341 ὁτι
631 4277 664 4340 δέ
686 4279 762 4341 ἐστιν
785 4278 871 4342 ἀδικοι
893 4280 992 4363 φύσει,
1019 4280 1106 4362 δήλον
1129 4278 1163 4341 ἐκ
1184 4283 1234 4341 τοδ
1259 4277 1336 4361 παρὰ
1358 4282 1445 4341 πᾶσιν
1468 4277 1516 4340 καὶ
1529 4293 1558 4334 οε

214 4454 587 4464 -—-..—--——-—-—--
594 4453 614 4460 -.

213 4560 230 4611 4
257 4555 467 4626 ὁμολογουμένων
485 4557 529 4608 καὶ
546 4553 742 4624 κεκυρωμένων]
765 4554 798 4608 τί.
817 4552 899 4612 οὕτως
916 4555 960 4607 καὶ
978 4554 1148 4623 ὑποκειμένων
1167 4554 1219 4623 μέν,
1241 4554 1277 4623 μὴ
1296 4553 1504 4625 προηγησαμένης
1524 4566 1570 4621 μεν

213 4648 259 4716 τής
281 4642 416 4714 φαντασίας
439 4642 520 4715 ὁρμὴν
542 4641 662 4695 ἀδύνατον
684 4640 796 4712 γενέσθαι
822 4642 912 4705 161,11
950 4641 971 4695 τί
993 4642 1045 4705 [σον
1068 4643 1144 4694 τόπον
1167 4643 1269 4710 κατάγει
1291 4640 1307 4709 ἥ
1330 4658 1358 4692 τι
1381 4639 1452 4710 ψυχὴ
1476 4642 1519 4692 καὶ
1540 4640 1570 4692 τό

214 4739 289 4802 σῶμα
307 4732 350 4786 σὺν
368 4730 442 4802 αθτή,
460 4731 504 4783 καῖ
521 4728 686 4800 γωρισθαίσης
703 4729 732 4782 τὸ
751 4737 825 4799 σῶμα
843 4729 921 4802 μηδὲν
940 4729 1058 4782 ἐλάττονα
1081 4730 1154 4791 141,4
1191 4728 1346 4798 δεδειγμένου
1364 4726 1390 4778 δέ
1412 4727 1503 4791 144‚31

214 4819 419 4892 ’ίήγούμενονο
518 4818 549 4870 λῖν
567 4818 614 4889 γάρ
632 4817 662 4888 δὴ
682 4835 705 4869 ν.
719 4834 741 4869 c.
760 4818 806 4890 γάρ
825 4818 907 4870 m'V:
927 4818 973 4889 γὰρ
991 4816 1057 4886 δήτι
1152 4816 1329 4885 ήιιιιριυλῖυ.
1351 4816 1371 4867 V
1477 4816 1507 4866 19
1526 4814 1570 4889 λη-

215 4907 279 4974 σταί,
297 4905 423 4981 λησττύιιν
441 4922 457 4959 ο
562 4903 705 4978 δικαισύνης
723 4922 737 4957 ο
844 4906 877 4958 24
895 4904 925 4958 τὸ
943 4905 989 4971 ωδ,
1005 4908 1051 4958 τοῦ
1070 4905 1106 4957 ιιι1
1117 4904 1151 4956 V:
1170 4903 1199 4956 τὸ
1218 4919 1234 4956 ο

1368 4982 1379 5007 0
