3540 5610
679 308 883 374 ALEXANDRI
903 307 947 361 hh
966 309 1074 362 thhtA

253 483 311 566 ἀὴρ
334 482 376 552 είς
396 484 493 567 μείνας
514 481 645 566 ἐνεχθείς
668 479 718 542 έπί
736 505 763 544 τι
784 482 899 566 στερεὸν
922 478 991 566 ἔχον
1013 480 1075 544 τινὰ
1090 478 1245 564 κοιλότητα
1266 480 1322 543 όπό
1345 484 1395 545 τοῦ
1418 479 1503 565 ἀέρος

255 589 307 647 τοῦ
330 583 411 654 ὄντος
433 585 463 649 ἐν
486 590 527 669 τῷ
552 584 642 668 κυιλιμ
663 583 757 669 τοότιρ
780 583 934 668 ῆνωμένου
961 583 1008 646 διὰ
1031 583 1121 645 τὸπ
1108 582 1274 668 ειρέχεσθαι
1300 607 1348 646 και
1371 584 1412 667 μὴ
1433 585 1502 668 θρυ

253 686 398 770 πτομένου
424 686 483 751 ἀλλ’
516 688 579 756 ἑνός
607 685 740 767 μένοντος
762 685 909 769 ἀπωσθῆ,
937 686 984 749 διὰ
1011 687 1063 768 τὴν
1090 686 1153 770 βίαν
1181 685 1335 749 ἐπτλταό
1326 710 1357 748 ον
1384 686 1503 770 φέρεται

255 788 323 852 όθεν
347 789 472 875 ῆνέχθη.
517 789 551 853 06
576 743 630 873 γάρ
658 793 735 874 κενῷ
762 793 805 874 τῷ
832 788 939 872 ἀγγείῳ
965 790 1149 871 προσπίπτει,
1177 788 1252 851 ἀλλὰ
1278 788 1362 872 ἀέρος
1389 790 1482 872 πλῆρε
1483 811 1502 861 ι,

203 889 304 975 Ιυόφί
332 890 366 954 οό
389 890 437 954 διὰ
459 893 492 954 τὸ
515 890 691 976 συνέχεσθαι
713 889 800 954 αὐτὸν
824 890 880 952 ὑπὸ
907 893 959 952 τοῦ
982 890 1097 973 ἀγγείου
1119 891 1261 960 κωλυθεὶς
1283 891 1324 960 είς
1346 891 1379 953 τὸ
1401 890 1502 974 πρόσω
1516 905 1545 946 w

165 1066 169 1073 Ι
254 993 411 1076 ἐνεχθῆναι
438 993 458 1076 ῆ
488 993 643 1077 θρυβῆναι,
670 993 819 1062 ἀπωσθεὶς
840 993 881 1062 εἰς
907 993 1037 1056 τούπίσω
1063 993 1148 1055 πάλιν
1170 992 1288 1077 φέρεται
1313 992 1429 1078 ταχέως
1451 993 1503 1056 ἀτε

167 1148 171 1156 .
254 1095 401 1177 εὐκίνητος
427 1095 469 1157 ὢν
495 1095 544 1157 τὸν
572 1094 660 1158 αὐτὸν
688 1093 730 1158 ἔτι
760 1097 919 1178 φυλάσσων
941 1093 1045 1180 ψόφον.
1090 1095 1206 1158 ὂόναται
1233 1097 1266 1159 δὲ
1292 1096 1428 1178 λέγεσθαι
1455 1096 1503 1157 καὶ

254 1197 299 1261 ότι
320 1198 377 1283 οὐχ
400 1198 416 1260 6
436 1201 551 1281 πρῶτος
573 1198 629 1282 ἀὴρ
652 1199 770 1281 πληγεὶς
793 1197 909 1283 φέρεται
934 1195 938 1282 l
962 1197 1009 1260 ἐπὶ
1031 1198 1063 1260 τό
1086 1201 1182 1261 κοῖλον
1205 1204 1292 1282 σῶμα
1313 1200 1431 1262 καὶτὸν
1455 1199 1484 1261 ἐν
1507 1213 1556 1256 1321

217 1346 220 1351 ‹
254 1301 348 1385 τοότιρ
375 1299 589 1383 ἀπειλημμένον
616 1300 690 1384 ἀέρα
717 1302 764 1364 καὶ
792 1302 876 1363 πάλιν
903 1302 962 1364 ἀπὸ
989 1300 1097 1363 τοότων
1120 1301 1161 1369 εἰς
1189 1301 1293 1364 ταύτὸν
1322 1302 1503 1383 ἀνακάμπτει

215 1422 242 1466 10
254 1405 360 1487 (οὕτως
382 1403 437 1527 γάρ
460 1402 685 1486 ἀντιπερίστασις
708 1403 742 1466 ἀν
764 1405 868 1486 γίνοιτο
890 1406 976 1488 διπλῆ
1000 1408 1051 1466 τοῦ
1074 1404 1148 1487 μετὰ
1169 1404 1217 1466 τὸν
1240 1404 1409 1487 πεπληγότα
1430 1404 1503 1488 ἀέρα

254 1511 302 1572 καὶ
324 1506 483 1592 φερόμενον
509 1505 590 1569 αότ
564 1532 590 1590 ιρ
618 1505 666 1569 ἐπὶ
692 1507 741 1569 τόν
768 1510 864 1569 κοῖλον
895 1506 981 1570 τόπον
1009 1507 1231 1590 ὑποχωροῦντος
1259 1507 1307 1569 καὶ
1330 1507 1415 1599 πάλρν
1437 1507 1503 1569 ἀνα-

255 1610 457 1696 στρέφοντος),
484 1607 584 1672 οἰλλΗ
572 1632 588 1671 ο
616 1608 668 1688 μὲν
694 1615 809 1693 πρῶτος
836 1610 894 1695 ἀὴρ
921 1610 1080 1693 πληγείς
1066 1609 1113 1672 οιά
1138 1610 1170 1671 τό
1199 1609 1289 1696 τάχος
1315 1615 1367 1693 τῆς
1390 1612 1504 1692 πληγῆς

255 1715 383 1799 συνεχὴς
409 1713 457 1775 καὶ
485 1711 643 1795 ἀδιαίρετος
670 1712 767 1795 μείνας
799 1712 847 1775 τόν
877 1709 939 1797 μετ’
970 1712 1056 1776 αὐτόν
1086 1712 1260 1796 σχηματίζοι
1290 1710 1323 1773 ἀν
1351 1717 1388 1794 τῇ
1416 1712 1504 1794 όμοίορ

254 1820 368 1900 πληγῆ,
395 1816 443 1878 καί
471 1812 554 1882 οὗτος
582 1814 630 1876 τὸν
654 1812 716 1897 μετ’
745 1813 845 1889 αὐτόν,
871 1817 919 1878 καὶ
946 1815 1038 1884 οὕτως
1060 1815 1133 1878 κατὰ
1161 1813 1310 1899 συνέχειαν
1339 1813 1426 1898 μέχρι
1452 1818 1503 1878 τοῦ
1530 1830 1544 1871 l

124 1908 128 1917 ¹
217 1936 242 1980 ιι
255 1921 371 2003 ἀγγείου
393 1918 413 2000 ῆ
435 1916 559 2001 πρόοδος
581 1919 631 1993 τοι]
653 1915 750 2001 ψόφου
774 1917 847 1980 κατὰ
869 1919 994 2004 διάδοσιν
1016 1915 1114 2000 γίνοιτ’
1142 1916 1187 1993 ἄν,
1211 1919 1226 1981 ό
1249 1918 1281 1980 δὲ
1303 1920 1464 1985 τελευταῖος
1486 1918 1503 1979 6

256 2024 327 2109 πρὸς
348 2027 391 2106 τῷ
414 2018 529 2103 ἀγγείῳ.
542 2018 660 2102 πληγείς
682 2021 783 2082 τεκαὶ
806 2021 1017 2104 σχηματισθεὶς
1038 2021 1181 2090 κωλυθεὶς
1204 2022 1245 2090 είς
1267 2022 1300 2083 τὸ
1323 2019 1423 2104 πρόσω
1446 2022 1503 2084 δια·

255 2129 353 2190 δοῦναι
374 2125 427 2206 τἠν
448 2124 562 2208 πληγὴν
584 2122 640 2185 ὑπὸ
667 2125 718 2183 τοῦ
741 2122 870 2203 ἀγγείου,
897 2125 1037 2195 ἀνάπαλιν
1060 2123 1116 2186 ὑπὸ
1143 2128 1195 2207 τῆς
1217 2128 1267 2187 τοῦ
1290 2127 1408 2208 στερεοῦ
1431 2124 1503 2187 ἀντι-

187 2276 190 2282 .
255 2229 359 2297 τυπίας
373 2226 532 2302 ἀπωσθείς,
555 2229 595 2295 ὡς
611 2230 720 2310 σφαῖρα
742 2225 800 2287 ἀπὸ
816 2230 934 2309 στερεοῦ
957 2250 1040 2299 τινος,
1063 2227 1111 2289 τόν
1127 2216 1258 2290 έπὶτάδε
1273 2225 1362 2289 αὐτοῦ
1377 2229 1504 2310 πλῆσσοι

255 2356 286 2394 τε
309 2329 343 2394 ἀν
365 2331 413 2393 καὶ
436 2329 608 2414 σχηματίζοι
631 2329 726 2406 πάλιν,
747 2328 796 2390 κοιλ
816 2326 900 2397 οὖτος
922 2329 1006 2390 πάλιν
1028 2330 1077 2392 τόν
1100 2329 1275 2412 πρόάότοό,
1298 2330 1346 2392 καὶ
1368 2329 1460 2398 οὕτως
1482 2331 1520 2412 ἡ

143 2439 148 2449 “
215 2452 242 2495 νυ
256 2435 381 2502 διάδοσις
403 2432 451 2495 ἐπὶ
466 2432 555 2495 ταότὰ
578 2430 707 2511 γίνεσθαι
728 2435 780 2513 τῆς
801 2453 832 2492 τε
847 2433 959 2514 πληγῆς
982 2432 1029 2494 καὶ
1052 2436 1103 2494 τοῦ
1118 2431 1214 2517 ψόφου
1237 2431 1306 2495 ὅθεν
1329 2431 1434 2516 ἤρξατο
1450 2434 1502 2516 τὴν
1517 2450 1545 2492 ιο

257 2539 364 2661 ἀρχήν,
387 2536 486 2618 ὥσπερ
508 2533 556 2596 καὶ
578 2531 626 2594 ἐπὶ
647 2556 704 2594 των
723 2531 1039 2656 κατόπτρωνττόόρᾶν
1061 2533 1166 2603 αὐτοὺς
1187 2535 1301 2616 γίνεται.
1346 2534 1409 2598 ἐπεὶ
1432 2536 1502 2600 θὲό

257 2642 314 2770 ἀηρ
342 2642 423 2702 δοκεῖ
446 2638 527 2705 κενὸς
553 2634 640 2710 εἶναι,
674 2633 758 2704 οὖτος
784 2635 817 2698 δὲ
842 2638 893 2698 τοῦ
926 2636 1014 2699 ἀκοόε
1016 2660 1040 2698 ιν
1067 2635 1157 2706 αἴτιος
1188 2636 1250 2719 (διὰ
1275 2637 1376 2722 γὰρ’
1359 2637 1444 2723 οιέρος
1470 2640 1503 2703 τὸ

202 2813 218 2864 ‘l
237 2763 347 2864 όόναται
357 2762 384 2861 δέ
401 2761 526 2878 λέγεσθαι]
547 2823 606 2859 man
625 2806 723 2859 hinnio
741 2809 803 2860 aher
821 2807 886 2858 cuch
907 2822 1005 2875 segon
1094 2808 1110 2858 9
1129 2808 1163 2866 είς
1180 2807 1282 2877 ταότὸν]
1302 2825 1334 2860 zu
1353 2809 1395 2861 ein
1414 2808 1468 2861 und
1487 2809 1558 2863 dem·

202 2901 290 2954 selben
309 2898 379 2962 (trie,
397 2912 431 2949 en
449 2896 569 2949 welchem
588 2895 626 2947 sie
645 2895 731 2947 irriher
750 2910 867 2962 gcwesen
887 2895 921 2947 iet
1009 2893 1179 2963 ἀνακάμπτει]
1199 2897 1252 2948 sich
1272 2896 1366 2948 wieder
1383 2897 1486 2949 wendet
1503 2897 1558 2949 und

202 2987 374 3040 crrrriehhchrt
492 2982 599 3034 10-11
629 2979 963 3056 οότως-ἀγαστρίφοντος]
984 2983 1052 3034 (leun
1071 2998 1100 3034 so
1118 2982 1203 3034 wrirde
1222 2983 1265 3035 die
1283 2982 1345 3036 Luit
1364 2983 1558 3049 inshesendere‚

202 3074 296 3127 welche
314 3073 381 3126 nach
400 3072 446 3124 der
457 3069 606 3141 gehloplten
620 3068 682 3121 huit
699 3070 806 3136 homini,
825 3071 883 3123 eine
896 3070 1040 3138 Trcnnrrng
1058 3085 1109 3121 von
1127 3070 1208 3122 ihrem
1222 3069 1282 3122 Orte
1301 3071 1416 3124 zweimcl
1434 3070 1559 3137 erleiden,

202 3162 244 3215 ich
268 3162 352 3215 meine
372 3159 412 3228 [l]
437 3161 465 3212 in
488 3158 556 3210 ihrer
575 3156 724 3225 Beweg'ung
742 3158 808 3210 nach
832 3157 876 3211 der
895 3156 964 3210 Seite
987 3157 1032 3210 des
1056 3157 1149 3210 hohlen
1169 3157 1259 3223 ortes,
1287 3148 1413 3211 whhrend'
1429 3159 1467 3211 sie
1489 3155 1558 3226 (στί)

202 3264 254 3302 ron
269 3250 342 3318 jener
360 3247 422 3300 Lult
439 3245 608 3298 unierdrriclrt
626 3243 783 3313 (gepresstl)
802 3244 946 3309 wird‚-und
966 3243 1006 3312 [2]
1026 3246 1055 3297 in
1073 3246 1139 3299 ihrer
1159 3246 1295 3298 Ricklrehr
1317 3245 1371 3298 und
1391 3245 1503 3299 Umhehr
1525 3263 1558 3299 zu

202 3337 259 3389 dem
279 3337 347 3401 Oche,
365 3352 398 3388 τιτι
417 3334 536 3386 welchern
554 3333 593 3384 sie
610 3347 727 3400 gewesen
746 3333 781 3384 ist
909 3330 941 3384 13
968 3336 1001 3403 τῆ
1020 3331 1094 3403 όμοίηι
1113 3331 1208 3404 πληγῇ]
1228 3334 1293 3385 nach
1311 3332 1357 3385 ἀοι
1375 3333 1451 3386 Fcrm
1471 3335 1558 3387 eeinee

201 3407 327 3492 Klepiene
454 3420 553 3474 15-16
583 3418 596 3471 6
615 3419 642 3471 δὲ
659 3418 956 3490 τελευταῖος-πληγείς]
980 3436 1056 3472 wenn
1075 3437 1106 3472 zu
1124 3420 1169 3473 der
1192 3420 1289 3474 lelzten
1307 3419 1369 3473 Luit
1387 3420 1496 3490 gelengt
1513 3422 1557 3487 ist,

201 3528 253 3564 was
276 3511 331 3563 sich
350 3526 401 3562 von
416 3509 502 3578 jenem
521 3505 634 3574 Κλαρίου
653 3524 710 3559 zum
730 3507 820 3561 Geiiss
839 3508 955 3560 hinzieht
972 3509 1027 3560 und
1043 3508 1104 3577 jene
1123 3509 1198 3562 Form
1217 3507 1374 3576 empiengen
1391 3509 1437 3561 het

205 3599 302 3652 Ill-'21
332 3598 376 3650 καὶ
394 3593 623 3663 οὕτως-γίνεται]
647 3595 702 3647 und
725 3612 752 3647 es
774 3596 831 3648 h6rt
853 3595 936 3649 dieser
956 3596 1182 3664 Zusemmcnheng
1205 3596 1259 3648 und
1278 3597 1325 3649 cles
1348 3596 1558 3665 Ilervorbringen

202 3687 351 3750 richwine,
369 3685 476 3738 welches
496 3682 622 3735 vofflcllt
615 3698 649 3735 rm
664 3681 781 3750 Κλαρίου
799 3683 879 3734 und
872 3700 906 3736 ιιιι
927 3683 1007 3746 Τοιιε,
1026 3684 1099 3735 nicht
1118 3683 1170 3747 aui,
1189 3684 1230 3735 his
1248 3700 1276 3735 es
1293 3683 1371 3736 rudet
1389 3700 1423 3736 en
1441 3686 1484 3736 ein
1503 3685 1558 3737 und

202 3774 349 3827 demselhcn
368 3772 423 3837 Ort,
442 3787 492 3823 νοιι
511 3770 631 3822 welchem
651 3786 678 3822 es
697 3771 926 3839 engelangent
881 3772 934 3836 het,
953 3770 1052 3823 damels
1071 3785 1127 3822 νοω
1142 3770 1272 3840 hnicnge
1293 3772 1340 3824 wie
1359 3772 1405 3824 (les
1423 3772 1559 3841 geschicht

202 3865 230 3915 in
249 3862 299 3914 den
319 3861 450 3928 Spiegeln‚
468 3874 544 3910 wenn
561 3859 607 3910 wir
625 3858 664 3909 eie
682 3858 797 3911 ensehen

206 4020 338 4086 Ιστερεν
297 4014 350 4084 τόν]
370 4034 381 4068 τ
400 4020 459 4084 post
477 4033 490 4084 ρ
509 4017 536 4067 in
555 4014 627 4066 litl
725 4013 824 4078 3ἑνὸς]
843 4013 952 4066 fortasse
970 4013 1038 4071 ἐντός
1130 4013 1238 4083 ἀπωσθῆ
1257 4015 1297 4067 Ve
1393 4012 1559 4085 λῆνίχθηιι

203 4104 314 4160 όαότόν
334 4105 354 4155 V
374 4119 416 4156 ex·
434 4103 517 4154 Vici:
536 4101 686 4153 αότωνε
764 4101 942 4172 ότουπίσιριι
1047 4100 1197 4170 ίλέγεσθαι
1215 4102 1320 4170 scripsi:
1339 4099 1448 4170 γίνεσθαι
1467 4103 1507 4154 Va

202 4191 283 4245 866
302 4193 337 4243 V:
357 4191 439 4262 ἀρασ
546 4186 815 4263 θάπαλληγμένονμ
919 4188 1010 4242 ταίντὸν
1028 4190 1167 4255 Usenerus,
1185 4196 1215 4241 ut
1233 4190 1297 4242 v.3:
1315 4189 1391 4242 αὐτὸν
1409 4191 1448 4242 Ve

206 4279 306 4332 10-12
330 4280 362 4331 de
379 4278 559 4346 antiperistesi
579 4277 610 4331 ci.
630 4278 699 4346 quod
717 4277 749 4330 de
768 4276 845 4329 simili
864 4276 1084 4350 ἀντιπεριστάσεως
1102 4294 1196 4345 genere
1214 4277 1310 4329 dicitur
1331 4276 1483 4345 148v48sq.
1513 4281 1559 4329 τοῦ
1625 4306 1631 4317 ·

203 4367 394 4437 ὑποχωροῦντος
407 4366 450 4417 καλ
462 4363 536 4417 πάλιν
548 4363 756 4435 ἀναστρέφοντες]
776 4364 831 4417 scil.
845 4365 923 4435 ἀέρος,
942 4367 1011 4434 quod
1024 4371 1070 4418 eut
1082 4366 1146 4434 legit
1158 4369 1204 4417 ιιιιι
1216 4365 1346 4433 supplevit
1360 4367 1451 4418 Arabs.
1470 4363 1558 4435 διπλῆ]

203 4457 243 4509 bis
256 4455 335 4519 enim,
347 4454 370 4530 ei
383 4453 446 4506 echo
461 4451 499 4515 tit,
518 4453 602 4505 locum
618 4458 719 4505 mutent
732 4451 745 4504 6
758 4453 806 4524 ἀὴρ
819 4453 954 4523 πεπληγὼς
966 4455 1009 4505 καί
1022 4451 1156 4524 φερόμενος
1168 4458 1194 4505 et
1207 4451 1220 4505 6
1234 4452 1282 4523 ἀὴρ
1295 4451 1447 4524 ὑποχωρῶν.
1475 4452 1558 4522 αὐτῷ]

203 4542 279 4595 αὺτὸν
296 4542 440 4604 Ιλτειισιτιτ,
458 4539 526 4607 quod
546 4555 594 4609 ego
613 4542 650 4593 sic
669 4540 792 4609 intellego
810 4546 840 4593 ιιι
858 4542 928 4609 prior
952 4542 1107 4609 explicatio,
1131 4541 1272 4593 secundum
1291 4556 1367 4607 quem
1387 4556 1431 4591 eer
1448 4540 1506 4607 ipse
1525 4541 1557 4592 ad

203 4645 318 4683 concere
335 4629 425 4693 fertur,
443 4633 591 4695 opponatur
609 4627 692 4692 alteri,
711 4644 808 4696 exque
827 4628 883 4680 loce
901 4643 954 4681 noh
968 4633 1091 4681 movetur.
1119 4629 1185 4680 hanc
1199 4628 1305 4680 alteram
1324 4629 1368 4696 qui
1388 4629 1515 4696 sequitur,
1535 4628 1558 4679 is

203 4716 399 4789 ἀντιπερίστασιν
417 4730 471 4767 non
490 4714 609 4767 admittet
687 4715 748 4766 ·1·2
766 4717 881 4784 πάχοςα
987 4716 1021 4767 20
1038 4715 1117 4768 ree-re
1136 4718 1173 4767 m²
1188 4734 1267 4767 ταυτα
1286 4717 1321 4766 ιιι1
1343 4717 1377 4767 V:
1396 4715 1510 4767 ταότάα

203 4802 324 4875 γίνεσθαι]
343 4804 401 4856 fort.
415 4801 500 4871 γίνοιτ’
517 4801 555 4854 ἀν,
574 4803 606 4853 ct.
620 4820 643 4854 ν,
657 4802 686 4854 ll
706 4804 749 4855 καὶ
762 4800 844 4861 οὕτως
857 4805 922 4855 κατὰ
941 4803 1067 4872 συνέχειαν
1080 4804 1096 4872 ἡ
1110 4802 1214 4874 πρόοδος
1227 4804 1292 4855 κατὰ
1305 4801 1411 4855 διάδοσιν
1423 4801 1511 4872 γίνοιτ’
1527 4801 1558 4854 ἀν

205 4895 233 4945 il
257 4893 363 4944 tortasse
382 4890 482 4948 αὑτοὺς·
