3540 5610
201 343 261 407 182
640 338 867 398 ΑΛΕΞΑΝΔΡΟΥ
887 338 1111 396 ΑΦΡΟΔΙΣΙΕΩΣ

256 515 384 598 ἀνάγκης
417 519 548 600 παρεῖναι
581 520 671 579 ταῦτα
698 515 734 578 τά
756 515 842 592 α’ίτια,
876 515 914 579 δι’
941 516 1100 581 ἀκινεῖται
1117 517 1204 594 τότε,
1227 553 1268 562 -
1291 516 1325 580 οῦ
1349 514 1436 600 μόνον
1460 517 1501 600 μὴ

254 618 412 700 δυνάμενον
436 621 477 701 μὴ
499 620 641 684 κινεῖσθαι
663 619 772 683 τούτων
795 619 864 704 [μή]
889 619 1047 705 παρόντων,
1082 620 1157 683 ἀλλά
1190 621 1238 683 καὶ
1261 618 1292 690 ἐξ
1313 619 1440 703 ἀνάγκης
1463 643 1503 682 κι-

254 722 366 784 νεῖσθαι
388 720 463 800 τότε,
498 723 545 786 καὶ
567 723 697 805 γίνεσθαι
720 723 772 804 τὴν
806 722 939 805 τοιαύτην
969 723 1079 807 κίνησιν
1103 723 1159 785 ύπδ
1182 728 1234 806 τῆς
1257 722 1433 805 εἱμαρμένης
1455 721 1545 784 διάει

253 829 304 887 τοῦ
325 825 423 887 λίθου·
449 826 465 887 ό
488 823 514 888 δ’
542 825 628 893 αύτδς
651 827 699 887 καὶ
721 825 769 888 ἐπὶ
791 828 849 887 τῶν
872 824 969 888 ἀλλων
992 824 1084 907 λόγος.
1122 826 1210 895 ὡςδὲ
1226 825 1274 888 ἐπὶ
1297 828 1355 887 τῶν
1377 823 1502 908 ἀψύχων

220 925 328 1012 οέχει,
364 928 511 996 ούτωςδὲ
534 929 652 991 καὶέπὶ
675 933 732 991 τῶν
756 927 843 1013 ζῴων
866 926 945 1014 ἔχειν
967 929 1062 1012 φασίν.
1107 927 1179 991 εἶναι
1201 929 1255 1010 γάρ
1289 950 1351 990 τινα
1373 927 1422 989 καὶ
1444 929 1503 994 τοῖς

254 1028 342 1117 ζῴοις
375 1032 485 1115 κίνησιν
508 1032 591 1107 ζκατά
623 1033 718 1116 φύσιν,
751 1032 856 1116 ταύτην
888 1031 913 1094 δ’
942 1031 1014 1095 εἶναι
1040 1031 1092 1113 τὴν
1122 1027 1189 1093 καθ’
1219 1029 1326 1113 όρμήν·
1359 1032 1416 1092 πᾶν
1448 1027 1503 1112 γάρ

254 1139 333 1218 ζηῖον
366 1137 406 1203 ὡς
429 1139 506 1219 ζηῖον
530 1134 696 1216 κινούμενον
731 1136 871 1198 κινεῖσθαι
899 1133 977 1218 (τὴν)
1005 1132 1073 1197 καθ’
1102 1133 1195 1217 ὁρμήν
1229 1133 1339 1216 κίνησιν
1367 1132 1424 1194 ύπδ
1451 1135 1504 1212 τῆς
1517 1147 1544 1189 ει

255 1237 432 1319 εἱμαρμένης
454 1237 501 1299 διά
525 1235 606 1322 ζηῖου
628 1236 789 1322 γινομένην.
834 1239 927 1307 υύτως
960 1238 993 1300 δέ
1015 1236 1123 1300 τούτων
1156 1234 1295 1321 ἐχόντων,
1318 1235 1366 1299 καὶ
1392 1233 1504 1317 γινομέ·

254 1361 311 1401 νων
335 1340 391 1401 ύπδ
413 1344 465 1422 τῆς
497 1340 673 1423 εἱμαρμένης
705 1342 846 1424 κινήσεών
879 1364 911 1403 τε
938 1341 986 1403 καὶ
1012 1339 1163 1422 ἐνεργειῶν
1191 1338 1221 1400 έν
1251 1341 1295 1423 τῷ
1317 1337 1421 1422 κόσμῳ
1444 1340 1503 1399 τῶν

204 1462 235 1507 10
255 1442 306 1524 μὲν
329 1441 377 1504 διά
399 1447 462 1525 γῆς,
484 1440 519 1504 ἀν
542 1441 618 1506 ούτω
633 1443 721 1528 τύχη,
744 1448 802 1506 τῶν
825 1444 857 1506 δὲ
879 1440 916 1506 δι’
945 1441 1039 1526 ἀέρος,
1062 1445 1119 1504 τῶν
1141 1441 1173 1503 δὲ
1196 1440 1244 1503 διά
1265 1441 1365 1524 πυρός,
1389 1445 1447 1503 τῶν
1470 1440 1503 1502 δὲ

254 1543 290 1606 δι’
319 1544 408 1606 ἀλλου
430 1544 515 1619 τινός,
547 1544 703 1629 γινομένων
727 1545 759 1607 δέ
782 1569 866 1608 τινων
888 1547 935 1609 καὶ
958 1545 1004 1608 διά
1028 1541 1112 1629 ζῴων
1133 1543 1277 1625 (τοιαῦται
1304 1543 1336 1605 δέ
1368 1543 1398 1605 αἱ
1430 1541 1499 1605 καθ’
1517 1559 1546 1602 συ

255 1647 348 1730 ὁρμὴν
382 1647 533 1729 κινήσεις),
566 1647 616 1717 τάς
650 1647 696 1710 διά
722 1654 780 1711 τῶν
810 1644 896 1731 ζῴων
925 1648 981 1710 ὑπὸ
1010 1652 1061 1730 τῆς
1084 1646 1260 1729 εἱμαρμένης
1281 1644 1433 1727 γινομένας
1455 1645 1505 1707 ἐπὶ

254 1753 314 1817 τοῖς
337 1747 424 1832 ζῴοις
446 1749 518 1812 εῖναι
540 1750 680 1832 λέγουσιν,
715 1751 823 1834 όμοῖως
855 1751 886 1813 δὲ
914 1753 955 1818 ὡς
982 1748 1052 1833 πρὸς
1080 1749 1113 1810 τὸ
1141 1748 1294 1830 ἀναγκαῖον
1323 1751 1383 1816 τοῖς
1406 1747 1505 1815 ἀλλοις

253 1851 403 1935 γινομένας
424 1851 540 1922 ἅπασιν,
564 1856 606 1936 τιγῖ
629 1854 687 1915 δεῖν
710 1854 839 1922 καὶτοῖς
861 1853 891 1921 ἐξ
913 1853 1040 1935 ἀνάγκης
1057 1848 1060 1935 ἱ
1078 1850 1113 1912 τά
1139 1849 1248 1919 ἔξωθεν
1273 1849 1350 1914 αἴτια
1371 1855 1503 1935 παρεῖναι
1521 1857 1559 1913 46

205 1975 233 2022 15
253 1953 329 2030 τότε,
363 1956 440 2019 ὥστε
470 1955 543 2018 αῦτά
576 1956 628 2039 τὴν
656 1955 686 2023 ἐξ
714 1957 826 2019 ἑαυτῶν
849 1978 880 2019 τε
902 1958 950 2018 καὶ
973 1953 1042 2017 καθ’
1070 1954 1163 2038 όρμὴν
1193 1954 1302 2036 κίνησιν
1324 1953 1355 2022 ἐξ
1376 1954 1505 2036 ἀνάγκης

254 2057 330 2120 οὕτω
353 2080 415 2125 πως
437 2059 570 2142 ἐνεργεῖν.
615 2056 659 2119 ότι
682 2058 714 2120 δὲ
736 2057 819 2121 αύται
854 2058 905 2140 μὲν
934 2056 969 2119 δι’
999 2057 1092 2140 όρμῆς
1118 2057 1219 2119 τεκαὶ
1250 2056 1505 2138 συγκαταθέσεως,

254 2160 373 2224 ἐκείνων
406 2161 438 2223 δὲ
460 2161 489 2222 αἱ
514 2161 565 2242 μὲν
594 2161 640 2222 διά
668 2159 814 2245 βαρύτητα
846 2161 979 2241 γίνονται,
1009 2161 1039 2222 αἱ
1073 2160 1105 2222 δὲ
1133 2158 1180 2222 διά
1209 2157 1385 2243 θερμότητα,
1418 2161 1448 2222 αἱ
1472 2161 1505 2222 δὲ
1532 2176 1548 2217 ὅ

253 2262 315 2325 κατ’
333 2263 422 2345 ἀλλην
436 2265 498 2325 τινά
520 2285 540 2323 ιε
563 2285 583 2323 ιε
605 2285 635 2339 ιε,
651 2263 756 2347 ταύτην
773 2264 825 2346 μὲν
837 2264 885 2326 ἐπὶ
897 2267 957 2331 τοῖς
969 2260 1056 2347 ζῴοις
1070 2261 1210 2344 λέγοντες,
1226 2261 1322 2326 οὐκέτι
1336 2263 1369 2324 δέ
1385 2262 1505 2326 ἐκείνων

256 2366 390 2447 ἑκάστην,
424 2367 475 2447 τήν
499 2365 551 2447 μὲν
573 2365 620 2428 ἐπὶ
643 2370 685 2450 τῷ
710 2366 795 2450 λίθῳ,
829 2365 881 2448 τὴν
905 2366 937 2429 δὲ
959 2366 1007 2427 έπὶ
1029 2371 1071 2450 τῷ
1094 2365 1170 2448 πυρί.
1216 2365 1264 2427 καί
1297 2364 1415 2449 τοιαύτη
1451 2367 1503 2449 μὲν

202 2487 235 2534 εο
253 2467 349 2530 αὐτῶν
372 2469 391 2550 ἡ
414 2469 478 2550 περὶ
501 2472 552 2530 τοῦ
574 2465 620 2552 ἐφ’
649 2471 718 2551 ἡμῖν
741 2467 809 2537 δόξα
833 2471 873 2537 ὡς
895 2466 930 2531 δι’
959 2469 1062 2551 ὀλίγων
1096 2469 1195 2530 εἰπεῖν.
1240 2465 1332 2531 ἔνεστι
1360 2467 1385 2530 δ’
1414 2471 1496 2552 όράν,
1511 2487 1540 2529 ιιι
1561 2480 1626 2533 xlv

257 2573 283 2633 εἰ
305 2576 394 2634 ταῦτα
416 2570 546 2652 λέγοντες
569 2573 711 2642 σώζουσιν
734 2569 785 2638 τάς
807 2569 903 2640 κυινάς
925 2572 988 2653 περὶ
1011 2575 1061 2633 τοῦ
1085 2567 1131 2654 ἐφ’
1160 2572 1229 2654 ἡμῖν
1252 2572 1367 2634 πάντων
1389 2562 1503 2657 ἀνθρώ·

255 2697 318 2736 πων
341 2675 508 2756 προλήψεις.
553 2674 580 2735 οἱ
602 2673 656 2756 γάρ
680 2674 869 2740 ἀπαιτοῦντες
890 2671 1005 2748 αὐτούς,
1039 2677 1101 2741 πῶς
1135 2673 1249 2736 οἷόντε
1272 2675 1387 2737 πάντων
1410 2673 1503 2738 όντων

255 2774 321 2839 καθ’
350 2775 525 2858 εἱμαρμένην
548 2777 580 2837 τὸ
594 2757 650 2862 ’ἐφ’
679 2780 747 2861 ἡμῖν
771 2775 928 2850 σώζεσθαι,
962 2774 1016 2837 οῦκ
1050 2772 1140 2858 ὄνομα
1176 2775 1262 2856 μόνον
1285 2781 1336 2839 τοῦ
1359 2775 1405 2861 ἐφ’
1434 2779 1505 2861 ήμῖν

254 2879 380 2947 τιθέντες
402 2877 480 2941 τοῦτ’
509 2878 686 2953 ἀπαιτοῦσιν,
720 2880 794 2943 ἀλλά
817 2878 865 2940 καὶ
900 2880 1112 2961 σημαινόμενον
1140 2879 1232 2941 ἐκεῖνο
1255 2880 1288 2941 τὸ
1310 2878 1504 2950 αὐτεξούσιον.
1521 2898 1548 2941 ιε

202 3002 234 3049 25
254 2982 301 3044 διά
323 2981 379 3065 γάρ
402 2982 434 3043 τδ
458 2985 585 3044 τοιοῦτον
607 2981 679 3045 εἶναι
701 2983 734 3044 τδ
757 2979 803 3065 ἐφ’
838 2982 906 3064 ήμῖν
941 2983 1151 3046 πεπιστεῦσθαι
1185 2981 1353 3046 εὐθύνουσιν
1381 2983 1447 3051 τοὺς
1475 2983 1506 3052 ἐξ

259 3085 385 3167 ἀνάγκης
407 3086 501 3147 πάντα
522 3084 650 3166 γίνεσθαι
673 3083 816 3165 λέγοντας.
863 3085 890 3146 οἱ
925 3085 956 3147 δὲ
980 3085 1044 3147 δέον
1078 3083 1202 3148 αδτόθεν
1226 3085 1266 3168 μὴ
1289 3086 1437 3156 σώζεσθαι
1460 3087 1505 3150 λέ·

256 3211 315 3270 γειν
349 3189 395 3250 καὶ
431 3192 481 3250 τοῦ
516 3188 556 3270 μὴ
581 3188 728 3258 σώζεσθαι
762 3189 858 3270 ζητεῖν
885 3210 917 3250 τε
944 3189 991 3251 καὶ
1015 3188 1196 3273 παρέχεσθαι
1223 3187 1274 3255 τὰς
1305 3188 1407 3263 αἰτίας,
1440 3189 1505 3252 ἐπεὶ
1519 3207 1549 3249 νυ

257 3295 341 3353 τοῦτο
357 3293 458 3375 ἐώρων
475 3293 652 3353 παντάπασιν
668 3287 769 3357 ἀδοξόν
784 3312 816 3351 τε
839 3289 870 3353 ὃν
893 3291 1049 3353 καὶπολλὰ
1070 3295 1128 3353 τῶν
1150 3291 1197 3353 καὶ
1220 3289 1318 3358 αὐτοῖς
1340 3287 1362 3370 †
1386 3295 1436 3354 τοῦ
1453 3288 1499 3375 ἐφ’

257 3395 324 3476 ἡμῖν
348 3395 443 3457 πᾶσάν
466 3417 497 3456 τε
520 3392 607 3455 ταύτὸ
631 3391 741 3459 δεικνύς
764 3393 915 3455 συνοδεῦον
939 3396 981 3476 τηῖ
1004 3399 1055 3477 τῆς
1071 3393 1246 3477 εἱμαρμένης
1261 3391 1351 3477 λόγῳ,
1373 3392 1442 3478 (τῷ)
1457 3394 1505 3456 διά

205 3516 238 3562 3ο
258 3502 309 3580 τῖης
332 3497 499 3578 ὁμωνυμίας
520 3495 757 3579 παρακρούεσθαι
780 3494 845 3563 τοὺς
869 3495 1026 3564 ἀκούοντας
1049 3498 1185 3578 ἡγοῦνται
1207 3495 1321 3578 ιρεύγειν
1344 3495 1379 3558 τὰ
1399 3495 1504 3572 ἄτοπα,

257 3598 312 3662 όσα
346 3599 444 3661 ἕπεται
478 3603 537 3667 τοῖς
560 3599 649 3680 μηδὲν
673 3597 719 3680 ἐφ’
748 3598 816 3679 ἡμῖν
846 3597 918 3660 εἶναι
940 3598 1078 3680 λέγουσιν.
1124 3602 1213 3661 ταῦτα
1241 3598 1274 3660 δὲ
1299 3598 1434 3681 λέγοντας
1456 3597 1505 3661 αῦ·
1519 3617 1547 3658 εν

256 3702 322 3769 τοῦς
344 3707 457 3786 πρῶτον
481 3702 532 3782 μὲν
556 3698 590 3762 ἀν
614 3701 773 3784 ἀπαιτήσαι
796 3723 835 3769 τις
859 3698 995 3782 εὐλόγως,
1022 3700 1051 3762 τί
1070 3701 1107 3782 δή
1135 3722 1206 3762 ποτε
1228 3699 1317 3763 ἄλλου
1340 3700 1379 3763 δι’
1407 3701 1505 3765 ἀλλων

203 4048 218 4098 2
238 4045 371 4113 δυνάμενον
391 4045 441 4096 ³¹²:
461 3993 605 4112 δυναμενωύ
625 4046 662 4096 sie
683 4045 730 4096 V¹:
749 4044 894 4111 δυναμένων
908 4046 1003 4099 B¹ES:
1024 4045 1163 4115 δυναμένου
1182 4048 1217 4100 Βπ
1322 4046 1439 4117 κινῆσθαι
1457 4049 1483 4100 υ1

203 4136 239 4204 μή
259 4151 308 4186 om.
327 4136 352 4185 ιι1
478 4132 538 4185 ἶνδέ
558 4149 607 4185 σαι,
627 4137 662 4185 O:
692 4132 722 4202 δή
742 4136 785 4186 Es
903 4133 983 4204 ῖτὴν
1003 4135 1060 4185 add.
1080 4137 1115 4187 Β2
1232 4135 1291 4204 ὑπὸ]
1315 4135 1354 4187 διά
1378 4138 1400 4188 Ο

207 4222 238 4274 10
255 4221 338 4289 πυρός,
358 4225 421 4283 (τῶν
440 4221 465 4272 δὲ
485 4217 518 4272 δι’
539 4219 639 4283 ύδιιτυς>
659 4223 725 4273 coni.
741 4224 763 4272 Ο
867 4221 897 4272 13
915 4223 1063 4291 ἀναγκαῖον]
1083 4242 1096 4290 γ
1115 4225 1143 4275 in
1163 4224 1200 4275 lit.
1220 4228 1243 4274 V
1372 4224 1561 4293 νεμομένοις

204 4326 334 4377 Schwartz
439 4327 467 4376 16
496 4323 620 4394 bppqov
714 4324 918 4393 συγκαταθέσεως
937 4327 987 4378 ³¹²:
1007 4315 1147 4380 νυνθέσεωσ
1166 4329 1204 4380 sie
1218 4333 1248 4379 V:
1268 4326 1407 4386 συνθέσεως
1420 4331 1527 4383 HBES¹

207 4415 237 4465 18
266 4414 384 4464 lacunam
408 4413 519 4463 iudicavi
638 4414 667 4464 21
698 4416 752 4484 περὶ
771 4414 816 4465 B²¹z
846 4414 886 4465 ἐπὶ
909 4414 968 4466 libri
1102 4415 1134 4466 26
1163 4415 1276 4483 λέγοντες
1293 4419 1337 4469 Es
1356 4416 1439 4469 Lond.

203 4499 265 4565 (ότι)
284 4499 339 4552 δέον
358 4499 438 4550 Lond.
459 4504 481 4551 Ο
588 4498 704 4565 αύτόθεν]
733 4499 816 4557 αύτυῑς
840 4501 922 4553 Lond.
1038 4502 1071 4554 28
1100 4504 1142 4553 καὶ
1166 4501 1261 4571 αύτυῐς]
1290 4498 1349 4572 παρ’
1374 4501 1464 4562 αύτούς
1488 4505 1559 4574 λεγό-

204 4607 266 4656 μενα
289 4587 441 4656 (λεγομένων
460 4591 494 4650 Ο)
517 4589 572 4657 περὶ
591 4589 673 4640 Lond.
696 4592 718 4643 O
843 4590 898 4653 τοῦ]
922 4590 977 4657 περὶ
1000 4595 1044 4642 τοῦ
1063 4589 1108 4641 3²:
1133 4597 1171 4642 τῶ
1191 4594 1232 4643 ES
1357 4590 1390 4643 29
1418 4599 1477 4658 post
1501 4594 1562 4662 ήμῖν

202 4675 237 4727 B²
255 4676 313 4727 add.
333 4673 477 4727 δοκούντων
496 4676 649 4747 ἀναιρετικύν
774 4675 864 4744 πᾶσαν]
896 4675 931 4734 ὡς
955 4676 983 4728 ἀν
1007 4678 1090 4729 Lond.
1220 4678 1500 4749 πᾶσαν-συνοδεύον]
1525 4683 1560 4751 μὴ

203 4761 365 4815 συνοδεύοντα
389 4764 457 4814 coni.
481 4766 503 4815 0
634 4762 756 4814 δεικνύναι
780 4763 860 4815 Lond.
980 4763 1060 4833 λόγῳ,
1088 4766 1236 4836 τειρόμενοί
1257 4785 1284 4818 τε
1303 4765 1338 4818 Β2
1444 4770 1482 4836 τῷ
1502 4768 1561 4820 add.

204 4850 331 4902 Schwartz
430 4850 464 4901 30
483 4848 581 4919 φεύγειν
599 4855 647 4913 (τε)
666 4850 790 4905 Lond.O
880 4852 911 4904 31
939 4852 1069 4925 λέγοντασ]
1094 4869 1140 4906 τασ
1163 4855 1191 4907 in
1215 4854 1297 4906 lit.v
1408 4855 1442 4907 3⁸2
1470 4854 1561 4923 ἀλλον]

203 4935 286 4995 άλλως
306 4940 400 4989 v.c.V
