3540 5610
674 294 874 349 ιοειιιιόιιι
898 295 943 348 οε
967 295 1074 348 ιιιυιι
1279 311 1281 315 ,
1510 297 1551 360 ‘23

249 467 342 552 αὐτῆς
367 468 397 531 ἐν
420 469 529 553 ἠρεμίᾳ
555 472 664 550 μᾶλλον
695 470 714 553 ἢ
741 471 852 553 κινήσει
879 470 1061 552 περιγίνεται,
1091 468 1261 552 οίκειύτερού
1289 467 1322 530 άν
1349 467 1426 551 αὐτη]
1450 468 1497 533 καὶ

251 571 325 634 κατὰ
346 571 431 657 φύσιν
454 574 564 654 μᾶλλον
587 569 633 656 εἴη
657 573 689 635 τδ
713 573 840 656 ἠρεμεῖν.
875 570 950 634 ἀλλὰ
973 573 1030 655 μὴν
1058 573 1090 634 τδ
1113 576 1249 656 πρῶτον..
1281 570 1390 655 τὸγὰρ
1413 574 1498 646 νοεῖν,

251 673 425 738 οἰκειότατον
453 673 485 737 ὃν
512 672 595 758 ἔργον
621 674 727 759 αὐτῆς,
753 671 906 758 ἡρεμούση
935 676 1057 756 μᾶλλον,
1085 674 1104 757 ἢ
1134 673 1287 767 κινουμένη
1316 673 1497 757 περιγίνεται.

251 776 299 839 διὰ
322 781 406 840 τοῦτο
428 776 483 861 γάρ
513 777 545 839 τὸ
568 782 642 840 νοεῖν
658 778 700 842 ἐν
722 778 799 860 γήρα
822 778 931 857 μᾶλλον
954 776 973 858 ἢ
996 773 1124 859 νεότητι,
1153 777 1201 839 καὶ
1223 778 1362 862 νηρουσιν
1388 778 1496 858 μᾶλλον
1510 791 1538 833 υο

155 928 162 937 .
201 877 271 959 ,σῆ
294 878 460 961 μεθύουσιν,
483 881 531 943 καὶ
554 881 730 964 ἠρεμοῦντος
752 881 803 940 τού
826 879 963 960 σώματος
990 881 1099 961 μᾶλλον
1126 879 1145 963 ἢ
1168 878 1341 963 φερομένου.
1387 880 1497 961 μᾶλλον

252 979 310 1063 ἄρα
332 979 408 1065 αὐτῇ
432 984 465 1044 τὸ
487 984 606 1065 ἠρεμεῖν
634 985 685 1044 τού
707 980 849 1044 κινεῖσθαι
877 980 950 1043 κατὰ
973 980 1067 1065 φύσιν.
1113 981 1157 1044 διὸ
1180 981 1376 1066 ἀληθέστερον
1398 981 1431 1043 τὸ
1454 980 1498 1043 λε’-

152 1086 155 1093 ’
252 1105 312 1163 γειν
336 1085 409 1168 μήτε
431 1084 574 1148 κινεῖσθαι
602 1084 675 1168 μήτε
696 1085 814 1168 ἠρεμεῖν
842 1082 894 1166 τὴν
917 1085 1016 1168 ψυχὴν
1045 1083 1113 1148 καθ’
1141 1084 1247 1167 αὑτήν,
1276 1079 1335 1145 ἀλλ’
1364 1084 1498 1168 ἑκάτερον

255 1185 365 1249 τούτων
392 1190 484 1249 ποιεῖν
516 1188 550 1249 τδ
578 1190 654 1270 ζῷον
686 1182 746 1248 κατ’
775 1184 875 1269 αὐτήν.
926 1189 966 1254 ῶς
994 1185 1048 1269 γὰρ
1075 1185 1109 1248 ού
1142 1186 1262 1269 λέγομεν
1290 1185 1413 1270 βαδίζειν
1445 1187 1497 1269 τὴν

253 1288 352 1371 ψυχὴ-ν
375 1289 480 1372 ᾒύρᾰν
503 1289 663 1372 ῆάκούειν,
686 1287 760 1350 ἀλλὰ
782 1288 856 1351 κατὰ
877 1289 929 1372 τὴν
946 1290 1045 1373 ψυχὴν
1068 1289 1116 1351 τδν
1137 1289 1303 1374 ἄνθρωπον,
1325 1289 1417 1357 ούτως
1439 1289 1497 1361 καί,

209 1389 324 1458 ιυύσας
351 1389 441 1479 ἄλλας
469 1391 611 1474 ἐνεργείας
638 1414 669 1454 τε
695 1392 742 1453 καὶ
769 1392 895 1476 κινήσεις
922 1395 963 1460 ῶς
985 1389 1117 1476 ἔμψυχός
1144 1415 1175 1454 τε
1200 1393 1249 1454 καὶ
1278 1394 1318 1459 ῶς
1345 1390 1498 1475 ἅνθρωπος

254 1494 371 1577 ἐνεργεῖ,
394 1492 451 1578 οὐχ
466 1496 484 1577 ἷη
501 1496 584 1580 ψυχή
608 1494 684 1558 ἐστιν
700 1496 719 1579 ἡ
736 1494 892 1579 ἐνεργοῶσά
906 1517 937 1557 τε
959 1495 1008 1557 καὶ
1023 1495 1186 1576 κινουμένη,
1210 1494 1235 1557 εί
1255 1495 1302 1556 καὶ
1325 1496 1410 1578 ἡμεῖς
1432 1497 1498 1556 παλ·
1512 1509 1539 1552 σε

253 1597 336 1664 λάκις
359 1595 514 1660 ἐπὶτοῦτο
537 1596 689 1681 φερύμεθα
716 1596 763 1661 διὰ
788 1598 820 1659 τδ
844 1597 885 1680 μὴ
909 1597 1017 1680 ὁμοίως
1044 1596 1117 1660 εἴναι
1139 1600 1283 1682 γνώριμον
1310 1600 1380 1680 ἡμῖν
1403 1597 1435 1660 τὸ
1458 1622 1498 1659 κι·

252 1699 390 1783 νούμενον
420 1699 449 1761 ἐν
478 1702 540 1769 ταῖς
567 1699 708 1768 τοιαύταις
736 1699 888 1783 ἐνεργείαις
913 1705 1009 1781 σῶμα.
1055 1699 1115 1762 ἀλλ’
1143 1697 1219 1762 ἐστιν
1247 1701 1295 1762 καλ
1322 1701 1351 1762 ἐν
1377 1699 1499 1769 ἐκείναις

253 1801 286 1863 τὸ
310 1805 386 1885 ζῷον
409 1802 457 1863 καὶ
480 1803 496 1863 ύ
519 1801 673 1885 ἄνθρωπος
695 1802 769 1865 κατὰ
796 1803 848 1885 τὴν
871 1803 970 1887 ψυχὴν
994 1803 1132 1884 ἐνεργῶν,
1160 1800 1228 1865 καθ’
1257 1796 1390 1887 ἧνέστιν
1413 1803 1496 1887 αὐτῷ

210 1919 241 1965 15
253 1905 288 1966 τὸ
310 1902 382 1967 εἶναι
405 1905 565 1989 ἀνθρώπῳ.
598 1906 646 1967 καὶ
668 1904 722 1989 γὰρ
745 1906 845 1988 ἥδεται
865 1904 914 1968 καὶ
936 1908 1066 1968 λυπεῖται
1094 1906 1142 1968 καὶ
1165 1906 1305 1989 ὀργίζεται
1327 1906 1375 1967 καὶ
1397 1907 1496 1991 φοβεῖ-

254 2030 303 2069 ται
324 2008 372 2070 καὶ
392 2011 472 2089 φιλεῖ
491 2008 539 2070 καὶ
555 2011 635 2091 μισεῖ
655 2009 703 2070 καὶ
724 2008 863 2091 μανθάνει
885 2008 933 2070 καὶ
953 2012 1016 2102 νρεῖ
1035 2009 1083 2070 καὶ
1099 2008 1344 2092 ἀναμιμνήσκεται
1366 2010 1413 2071 καὶ
1431 2032 1498 2092 μνη·

256 2109 371 2201 μονεύει
401 2113 416 2173 ύ
444 2109 599 2194 ἅνθρωπος
629 2111 703 2173 κατὰ
728 2112 781 2194 τὴν
808 2112 917 2195 ψυχήν.
962 2110 1079 2174 δύναται
1106 2111 1160 2194 γάρ
1186 2115 1276 2174 ταῦτα
1303 2114 1345 2196 τῷ
1368 2115 1496 2173 τοιοῦτον

156 2266 164 2283 .
253 2212 331 2281 εἶδος
352 2211 430 2298 ἔχειν
461 2214 508 2276 καὶ
535 2214 668 2297 τοιαύτην
698 2209 873 2298 τελειότητα.
922 2216 962 2282 ῶς
984 2213 1038 2298 γὰρ
1062 2215 1077 2276 ύ
1102 2215 1261 2297 παλαιστὴς
1282 2213 1397 2277 παλαίει
1424 2216 1497 2278 κατὰ
1511 2230 1539 2272 αι

252 2318 307 2399 τὴν
335 2315 389 2384 ἕξιν
416 2317 468 2399 τἠν
497 2317 685 2400 παλαιστικὴν
713 2315 803 2400 αὐτῆς
831 2321 883 2399 τῆς
910 2320 1099 2400 παλαιστικῇς
1126 2315 1159 2379 οὐ
1186 2317 1379 2401 παλαιούσης,
1406 2318 1453 2380 καὶ
1481 2319 1497 2380 ύ

212 2419 386 2504 ευαύλητὴς
411 2418 497 2482 αὐλεῖ
517 2419 589 2482 κατὰ
615 2420 668 2502 τὴν
695 2419 853 2503 αὐλητικὴν
879 2418 932 2482 οὐκ
963 2419 1109 2504 αὐλούσης
1138 2424 1190 2503 τῖης
1211 2420 1383 2506 αὐλητικῆς,
1410 2420 1496 2483 καὶὸ

256 2522 385 2607 ύραντὴς
407 2522 519 2606 ὑφαίνει
532 2504 597 2606 ’τῆς
621 2522 778 2607 ὑφαντικῆς
803 2517 860 2607 ὀὐχ
883 2522 1073 2607 ὑφαινούσης,
1100 2523 1193 2592 οὕτως
1215 2520 1294 2608 ἔχειν
1316 2521 1498 2606 ὑποληπτέον

256 2627 306 2689 καὶ
328 2625 375 2687 ἐπὶ
397 2629 455 2687 τῶν
478 2624 641 2708 ἐνεργειῶν,
669 2625 703 2693 ἃς
725 2625 833 2709 ἐνεργεῖ
855 2626 890 2690 τὰ
912 2628 1012 2711 ψυχὴν
1041 2625 1146 2711 ἔχοντα
1168 2625 1243 2690 καθά
1270 2624 1345 2689 ἐστιν
1368 2622 1497 2710 ἔμψυχα.

207 2746 210 2751 ’
254 2728 325 2791 οὐδὲ
351 2727 404 2812 γὰρ
431 2727 479 2789 ἐπὶ
504 2727 613 2790 τούτων
640 2753 659 2810 η
682 2731 764 2813 ψυχή
792 2753 852 2791 τινα
875 2733 933 2791 τῶν
957 2734 1086 2802 ζωτικῶν
1114 2730 1261 2813 ἐνεργειῶν
1289 2729 1398 2812 ἐνεργεῖ
1424 2727 1492 2792 καθ’

252 2832 361 2914 αὑτήν,
388 2831 464 2894 ἀλλὰ
484 2830 558 2893 κατὰ
580 2830 685 2914 ταύτην
712 2832 746 2893 τδ
772 2829 841 2916 ἔχον
864 2831 964 2916 αὐτήν.
1009 2831 1077 2896 οὐδὲ
1098 2832 1162 2915 γὰρ·
1180 2826 1248 2894 οὐδὲ
1273 2830 1366 2894 ἐκεῖνο
1389 2830 1499 2912 σἰληθές

211 2950 239 2994 κο
254 2935 288 2997 τὸ
312 2932 356 2996 ὅτι
382 2939 435 3017 τῆς
456 2939 554 3018 ψυχῆς
580 2934 650 2996 εἰσιν
673 2933 737 2996 αὲδε
766 2936 797 2996 αἱ
819 2935 963 3018 ἐνέργειαιΙ
984 2935 1215 3026 προσχρωμένης
1243 2938 1284 3003 ῶς
1310 2935 1424 3018 ὀργάνῳ
1455 2938 1497 3019 τῷ
1512 2950 1540 2992 4ο

255 3040 380 3120 σώματι.
430 3039 470 3104 ῶς
498 3036 552 3118 γὰρ
580 3037 627 3100 ἐπὶ
654 3042 712 3098 τῶν
740 3036 836 3099 ἄλλων
864 3040 1016 3122 δυνάμεων
1033 3040 1091 3109 ,καὶ
1118 3037 1205 3107 ἕξεων
1234 3036 1354 3119 οὐδεμία
1381 3036 1499 3119 δύναμις

255 3139 325 3203 οὐδὲ
347 3138 403 3207 ἕξις
426 3138 532 3243 ἐνεργεῖ
553 3138 691 3224 χρωμένη
715 3140 808 3225 τούτιρ
835 3140 869 3205 ού
891 3142 968 3205 ἐστιν
990 3141 1058 3221 ἕξις,
1090 3140 1150 3203 ἀλλ’
1178 3138 1300 3223 ἔμπαλιν
1323 3138 1358 3202 τὰ
1380 3138 1431 3207 τὰς
1452 3140 1499 3202 δυ-

257 3244 358 3326 νάμεις
380 3243 474 3304 τεκαὶ
498 3241 548 3310 τὰς
571 3241 644 3310 ἕξεις
658 3232 770 3327 ἔχονταΙ
786 3245 860 3307 κατὰ
881 3244 932 3312 τὰς
952 3247 1085 3328 δυνάμεις
1109 3268 1139 3306 τε
1162 3246 1209 3306 καὶ
1232 3243 1282 3311 τὰς
1305 3241 1376 3310 ἕξεις
1391 3241 1500 3325 ἐνεργεῖ

212 3465 240 3509 w
255 3447 316 3513 ἀλλ’
345 3472 364 3530 η
380 3470 416 3530 γη
434 3446 550 3530 φέρεται
573 3448 652 3509 κάτω
675 3448 748 3511 κατὰ
770 3449 823 3532 τὴν
839 3450 985 3534 βαρύτητα
1007 3450 1124 3533 δύναμιν
1139 3447 1228 3513 οὖσαν
1250 3448 1342 3532 αὐτῆς
1360 3448 1409 3510 καῖ
1422 3445 1499 3515 εἶδος

202 3709 213 3759 1
236 3706 274 3775 ἐν]
293 3705 374 3758 durch
477 3703 636 3775 περιγίνεται]
655 3706 785 3760 τοΙΙευιλει
804 3709 865 3760 wird
970 3709 985 3760 2
1004 3707 1068 3762 ἀλλὰ
1086 3709 1136 3778 μὴν
1155 3707 1184 3760 τὸ
1203 3704 1315 3776 πρῶτον]
1335 3706 1433 3759 Jedoch
1452 3706 1487 3758 ist
1505 3702 1566 3757 das‘

161 3850 167 3861 ,
201 3794 315 3848 Frfihere
333 3793 402 3844 τναΙιι
488 3791 654 3862 4νήφουσιν]
674 3794 751 3847 deren
771 3786 899 3849 Verstand
917 3797 1000 3849 lauter
1017 3798 1052 3848 ist
1136 3791 1349 3865 δάληθίστερον]
1368 3793 1411 3846 dio
1429 3793 1553 3845 wahrosto

200 3883 217 3933 θ
245 3882 289 3934 τὸν
309 3878 454 3949 ἄνθρωπον]
478 3879 562 3931 addit:
582 3880 637 3933 dies
655 3881 717 3935 thue
826 3884 853 3935 ll
884 3883 1031 3953 κινουμένη]
1055 3883 1139 3935 addit:
1159 3883 1238 3935 durch
1258 3883 1295 3935 sie
1403 3880 1504 3932 ll—l‘l
1532 3881 1553 3933 εί

201 3967 330 4022 καὶ-διὰ
347 3966 388 4036 τὸ]
411 3967 500 4019 Wenn
517 3982 567 4018 uns
585 3969 648 4020 εδει·
664 3970 729 4022 auch
750 3971 791 4023 die
810 3972 892 4023 Sache
914 3972 979 4023 διατι
998 3975 1080 4039 ιπερὶ,
1103 3970 1162 4022 dass
1181 3971 1226 4021 wir
1245 3969 1332 4037 hfiuflg
1350 3983 1430 4036 sagon
1449 3965 1489 4035 [so
1508 3982 1552 4035 ge·

201 4058 302 4110 sehieht
318 4053 392 4123 δεε],
413 4054 470 4106 weil
545 4048 554 4063 ⁰
595 4054 628 4107 25
656 4059 863 4130 προσγρωμένης]
891 4061 946 4112 weil
970 4061 1008 4112 sie
1031 4059 1084 4111 sich
1106 4058 1212 4111 bedient
1234 4056 1289 4109 und
1307 4056 1466 4108 unterstfitzt
1489 4054 1551 4105 wird

201 4145 273 4197 Item.
293 4160 317 4195 v.
327 4141 360 4194 29
1339 4158 1342 4164 ·

205 4386 216 4436 l
235 4384 300 4453 αὐτη
319 4384 342 4435 λ’
415 4382 481 4436 ·2ef.
500 4383 565 4437 ἀλλὰ
582 4387 632 4457 μἠν
650 4387 679 4441 τὸ
697 4393 806 4459 πρῶτον.
833 4390 862 4442 τὸ
876 4388 1049 4462 ἅραδεύτερον
1071 4388 1282 4454 147142,1‚56v1
1356 4388 1372 4439 3
1390 4382 1517 4458 ἠρεμούση
1537 4401 1552 4436 ε

202 4471 370 4540 ῑῑνωθὲνθθ
487 4472 504 4523 4
530 4477 629 4544 ῐῆρᾳδ
745 4478 761 4529 θ
789 4478 854 4552 αὐτῇ
872 4496 900 4531 a:
918 4477 982 4550 αὐτη
1002 4480 1022 4531 V
1142 4477 1158 4530 δ
1186 4474 1245 4528 κατ’
1266 4474 1345 4544 αὐτίγν
1364 4473 1469 4541 scripsi:
1488 4470 1549 4525 καθ’

202 4559 279 4628 αὐτήν
299 4559 338 4609 Va
457 4562 472 4609 9
499 4558 607 4615 fortasse
626 4561 761 4632 ἄνθρωπον
779 4572 858 4619 ταῦτα
877 4572 955 4619 ποιεῖν
974 4566 1007 4619 εί.
1025 4568 1072 4619 int.
1093 4567 1163 4620 hebr.
1284 4562 1315 4616 13
1342 4559 1459 4629 ἐκείναις]
1475 4577 1506 4612 κε
1524 4560 1553 4612 in

202 4648 271 4701 htv
381 4645 413 4696 Ιθ
437 4643 535 4699 παλαίει
552 4648 575 4699 V
594 4665 633 4702 οι.
655 4653 736 4706 Victa
755 4671 805 4708 om.
825 4673 840 4707 ε
947 4656 980 4706 19
1004 4652 1169 4723 παλαιστικῆς
1187 4669 1213 4704 a:
1232 4650 1406 4721 παλαιστηκῆς
1419 4644 1446 4700 V

169 4782 233 4844 '21
251 4787 374 4855 ὐφάνεῑῑ
480 4748 775 4858 ὕφαινούύ,θίιιλίί.λ’
882 4792 1061 4864 24οὐγὲιρε
1158 4791 1191 4845 ’25
1210 4789 1248 4843 ὅτι
1267 4791 1301 4843 V:
1320 4766 1403 4864 άραα
1499 4786 1553 4843 αῖδε

203 4883 227 4934 αλ
244 4886 278 4938 V:
297 4888 322 4939 αἱ
341 4885 403 4938 δὲδ
509 4880 542 4933 θθ
561 4880 697 4950 αὐδαμιᾶε
802 4882 834 4933 ’ἐῖ
854 4879 936 4952 τούτῳ
954 4882 990 4934 V:
1007 4878 1141 4935 ταύτωνε
