3540 5610
209 317 272 383 238
654 316 883 376 ΑΛΕΞΑΝΔΡΟΥ
902 317 1127 378 ΑΦΡΟΛΙΣΙΕΩΣ

262 489 338 551 ἀλλὰ
360 490 433 554 αῖλλο
455 515 481 553 τι
502 492 618 573 γίνεται,
653 492 701 555 καὶ
723 492 794 555 ποτὲ
817 493 870 575 μὲν
892 491 990 566 πλέον,
1025 494 1095 557 ποτὲ
1128 495 1161 557 δὲ
1191 493 1320 571 ἔλαττον,
1354 496 1388 558 τὸ
1411 493 1437 558 δ’
1467 495 1515 558 ἐπὶ

262 596 307 676 τῳ
331 593 413 657 όύατι
436 595 542 678 σχῆμαί
563 595 624 658 ἐστι
645 595 678 657 τὸ
702 593 787 677 μένον
810 596 858 657 καὶ
880 595 934 678 τὴν
956 595 1083 659 ἐπίδοσίν
1106 620 1137 659 τε
1152 597 1201 659 καὶ
1216 597 1269 680 τὴν
1285 599 1430 680 συστολὴν
1445 601 1518 681 λαμ·

262 694 359 776 βαῖνον,
393 696 486 765 οὐτως
509 697 691 780 ὑποληπτέον
720 697 852 779 γίνεσθαι
874 698 923 761 καὶ
945 696 993 760 ἐπὶ
1016 702 1075 761 τῶν
1102 697 1304 781 αὐξανομένων
1330 699 1430 783 φόσει·
1465 701 1519 782 τὴν
1535 717 1562 757 ιε

260 797 312 878 μὲν
336 798 417 880 όλην,
450 797 498 882 ἐφ’
526 799 562 882 ἧς
584 800 617 861 τὸ
645 797 802 881 αὐξόμενον
835 799 922 874 εἶδος,
957 799 1061 863 ιῖλλοτε
1094 800 1186 885 αῖλλην
1220 800 1293 864 εἶναι
1320 803 1365 863 δεῖ
1392 801 1440 864 διὰ
1467 802 1519 870 τὰς

226 918 241 965 5
262 905 396 985 συνεχεῖς
419 901 594 985 ἀποκρίσεις,
617 902 649 964 τὸ
673 902 705 964 δέ
727 901 804 971 εἶδος
826 901 859 964 τὸ
883 903 935 984 μὲν
958 903 1006 964 ἐπὶ
1028 906 1067 986 τῇ
1092 903 1148 986 όλη
1171 909 1208 986 τῇ
1233 904 1342 988 ρεοόση
1365 903 1517 984 ἀναλόγως

261 1007 303 1086 τῷ
327 1006 460 1086 σωλῆνας
481 1003 613 1088 σχήματι
636 1004 792 1086 μειοῦσθαι
815 1004 877 1087 μέν,
910 1003 978 1067 όταν
1011 1004 1140 1068 ἐλάττων
1163 1008 1182 1089 ἡ
1207 1006 1261 1089 ῦλη
1284 1005 1413 1090 γένηται,
1435 1005 1517 1075 αὔξε-

262 1105 330 1168 σύαι
354 1106 396 1181 δέ,
430 1106 562 1175 πλείονος
583 1111 636 1189 τῆς
658 1106 731 1169 κατὰ
754 1107 806 1189 τὴν
840 1106 911 1191 ῦλην
940 1108 1138 1192 προσκρίσεως
1170 1108 1332 1193 γινομένης,
1367 1107 1442 1193 μετὰ
1464 1113 1517 1191 τῆς
1530 1125 1560 1167 ευ

259 1211 311 1268 τοῦ
343 1209 451 1272 οἰκείου
486 1208 640 1293 σχήματος
673 1209 827 1293 σωτηρίας.
871 1209 905 1272 τὸ
932 1209 986 1292 γὰρ
1014 1210 1062 1273 ἐπὶ
1088 1211 1197 1273 πλείονι
1228 1210 1284 1293 όλη
1311 1210 1415 1274 ταύτὸν
1438 1209 1516 1279 είύος

261 1313 360 1390 μεῖζον
382 1315 434 1373 τοῦ
457 1309 504 1373 ἐπ’
533 1311 673 1382 ἐλάττονι,
697 1313 738 1380 ὡς
759 1312 808 1374 καὶ
829 1312 863 1374 τὸ
886 1316 991 1396 σχῆμα
1012 1316 1064 1374 τοῦ
1080 1314 1222 1394 σωλῆνας,
1245 1316 1296 1375 τοῦ
1312 1310 1349 1375 δι’
1370 1311 1516 1396 ὑγρότητα

210 1432 241 1478 10
259 1414 548 1495 συμμεταπίπτοντος
579 1418 622 1497 τῷ
657 1412 693 1476 δι’
721 1412 811 1476 αὐτοῦ
834 1413 936 1497 ῥέοντι.
981 1415 1057 1497 ἡδέ
1086 1415 1254 1499 πρόσκρισις
1281 1416 1301 1497 η
1331 1419 1385 1498 τῆς
1405 1419 1518 1498 τροφῆς

262 1520 322 1584 τοῖς
343 1516 531 1599 τρεφομένοις
552 1517 657 1599 γίνεται
681 1515 733 1598 μέν
756 1516 831 1580 κατὰ
854 1518 1018 1600 μεταβολὴν
1033 1514 1258 1600 ἐξομοιαυμένης
1272 1516 1364 1600 αὐτῆς
1385 1521 1430 1602 τῷ
1454 1540 1515 1600 τρε·

259 1618 390 1702 φαμένῳ,
424 1616 458 1680 οὐ
492 1618 632 1702 γενομένη
666 1620 700 1681 δέ
722 1625 837 1702 πρῶτον
871 1621 890 1702 ἡ
914 1617 988 1701 αὐτὴ
1021 1623 1064 1702 τῷ
1098 1618 1280 1702 τρεφομένῳ,
1315 1615 1404 1681 ἔπειτ’
1433 1619 1515 1704 αὐτῷ
1530 1636 1560 1679 σε

259 1722 470 1805 προσκρίνεται.
515 1722 625 1804 γένεσις
646 1721 701 1804 γὰρ
723 1725 809 1785 τοῦτο
832 1719 949 1804 σαρκός,
972 1719 1033 1783 ἀλλ’
1061 1718 1095 1782 οὐ
1119 1720 1223 1805 τροφή.
1268 1720 1327 1782 ἀλλ’
1356 1720 1514 1806 ἠέσχότη

258 1824 363 1908 τροφή,
396 1823 469 1908 ὅπερ
491 1824 568 1888 ἐστὶν
591 1824 639 1887 ἐπὶ
662 1828 720 1886 τῶν
743 1823 868 1908 ἐναίμων
890 1823 924 1886 τὸ
946 1822 1030 1905 αἷμα,
1065 1822 1113 1885 ἐπὶ
1135 1824 1168 1886 δέ
1190 1827 1248 1885 τῶν
1270 1822 1368 1886 ἄλλων
1390 1825 1424 1886 τύ
1447 1823 1515 1886 αἰναί-

207 1948 237 1994 15
257 1929 353 2008 λογον,
376 1927 491 2011 ἐκαίστῳ
514 1932 557 2012 τῳ
583 1926 755 2011 τρεφομένῳ
778 1927 824 1989 διὰ
848 1932 906 1989 τῶν
930 1926 1052 2009 ἀγγείων
1076 1926 1226 2011 φερομένη
1248 1929 1306 1988 τῶν
1320 1926 1512 2010 καθηκόντων
1526 1943 1559 1985 ευ

257 2027 303 2092 ἐπ’
332 2028 407 2092 αὐτὰ
430 2031 477 2092 καὶ
500 2029 674 2113 ἐπιρρέουσα
707 2030 763 2091 ὑπὸ
786 2034 839 2111 τῆς
861 2029 891 2091 ἐν
915 2029 1031 2112 ἐκαίστῳ
1054 2030 1215 2111 δυνάμεως,
1249 2029 1464 2113 μεταβαλλεταί
1482 2052 1516 2091 τε

257 2133 305 2195 καὶ
328 2132 511 2215 ἐξομοιοῦται
543 2136 587 2216 τῷ
609 2131 790 2215 τρεφομένῳ.
835 2132 883 2194 καὶ
906 2132 1005 2194 δεῖτὸ
1039 2132 1188 2215 γινόμενον
1222 2130 1384 2215 ἐπινοῆσαι,
1419 2135 1461 2199 ὡς
1487 2130 1515 2193 εί

256 2234 327 2319 οἴνῳ
361 2233 557 2319 ἐπιχεομένου
593 2234 696 2303 ὕδατος
719 2233 723 2319 i
748 2236 767 2318 ἡ
790 2234 885 2317 ἐντῷ
921 2233 991 2317 οἴνῳ
1014 2232 1134 2316 δόναμις
1161 2233 1207 2296 ἀεὶ
1228 2234 1261 2296 τὸ
1284 2233 1427 2314 ἐμπῖπτον
1450 2234 1492 2303 εἰς
1515 2240 1569 2295 1121

257 2337 344 2401 αὐτόν
367 2338 446 2421 ὕδωρ
480 2336 556 2400 οἶνον
579 2342 713 2412 ποιοῦσα,
748 2340 838 2410 σώζει
860 2360 892 2400 τε
914 2337 962 2399 καὶ
990 2333 1070 2404 αὔξει
1102 2336 1150 2398 τὸν
1178 2334 1264 2398 οἶνον.
1308 2334 1382 2420 ὅπερ
1411 2337 1514 2418 ὁρᾶται

203 2462 238 2508 20
257 2442 304 2504 καὶ
328 2442 360 2503 τὸ
384 2445 440 2524 πῦρ
463 2443 575 2511 ποιοῦν,
609 2440 725 2503 ἐπειδὰν
747 2439 829 2525 αὐτῷ
853 2440 1001 2521 γειτνιοίση
1034 2461 1062 2499 τι
1088 2443 1147 2500 τῶν
1173 2442 1319 2501 καυστιῖιν.
1364 2439 1458 2507 οῦτως
1480 2440 1514 2501 δέ

255 2543 408 2626 γινομένης
430 2548 483 2626 τῆς
504 2542 656 2624 αὐξήσεως
690 2541 770 2624 οἶμαι
792 2543 917 2626 φανερὸν
951 2541 1023 2604 εἶναι
1057 2543 1090 2604 τὸ
1124 2542 1199 2624 μηδὲ
1222 2543 1275 2625 τἠν
1308 2540 1428 2625 αὔξησιν
1451 2563 1515 2605 συν·
1542 2559 1556 2600 ι

255 2650 351 2710 τελεῖν
369 2649 428 2714 τοῖς
451 2650 539 2729 σῶμα
561 2646 608 2708 διὰ
631 2649 767 2729 σώματος
789 2649 898 2730 χωρεῖν
920 2644 1052 2727 λέγουσιν
1087 2643 1158 2726 πρύς
1179 2645 1232 2727 τὴν
1255 2645 1439 2728 κατασκευὴν
1461 2649 1514 2708 τοῦ

254 2749 419 2832 παραδόξου
443 2750 545 2812 τεκαὶ
569 2748 741 2832 θαυμαστοῦ
764 2747 917 2832 δόγματος.

201 2905 343 2913 ,---.--.-
364 2905 370 2911 .
406 2906 465 2911 .,--
473 2905 602 2911 ----

205 3007 215 3057 1
236 3006 345 3057 fortasse
364 3003 422 3055 ἀλλ’
440 3004 499 3067 (ἀεὶ)
588 3004 672 3058 πλεῖον
691 3024 708 3058 ιι
796 3003 915 3062 3αῦτως
934 3019 983 3057 om.
1005 3005 1041 3055 Α1
1128 3002 1274 3055 Monuisse
1292 3000 1355 3055 δεῖν
1456 3004 1488 3057 10
1506 3020 1566 3072 συμ·

201 3090 412 3161 μεταπίπτοντος]
435 3090 564 3162 σύμμιτρα
589 3091 722 3150 πίπτοντος
746 3096 784 3145 [λε
885 3092 916 3144 12
944 3091 1080 3160 γινομένην
1103 3108 1119 3140 a
1227 3090 1258 3141 13
1280 3089 1410 3159 ηΙύεΙετα
1435 3089 1451 3160 ἢ
1472 3091 1531 3143 libri

203 3181 236 3232 14
260 3181 368 3247 ἐναίμων
393 3195 443 3231 om.
468 3195 525 3231 cum
550 3180 649 3232 indicio
674 3181 784 3232 lacunae
801 3182 891 3234 BCPS
984 3178 1015 3230 15
1043 3175 1166 3248 φερόμενα
1185 3180 1226 3230 R·
1334 3176 1366 3228 18
1389 3177 1450 3246 οίνῳ
1469 3179 1565 3248 ἐπιχεα-

200 3269 276 3336 μένου
287 3268 377 3335 Apelt:
396 3267 472 3331 αὐνον,
491 3267 513 3318 ‹i›
527 3267 626 3339 ἐπιχέον
640 3264 670 3317 οῦ
683 3266 754 3319 libri:
774 3268 840 3319 οἶνον
852 3264 874 3336 ᾤ
888 3265 1037 3338 ἐπιχεαμένη
1048 3264 1131 3317 Ιύελοι
1222 3264 1253 3316 19
1277 3263 1339 3316 αὐτὸ
1365 3268 1404 3318 Ra
1494 3265 1566 3326 σώζει

201 3372 228 3406 τε
248 3354 340 3421 Apelt:
360 3354 468 3415 σώζεται
485 3354 545 3407 libri
636 3353 667 3405 21
688 3352 922 3423 μηύ1]μὴ1ι1ε1εα
1011 3352 1044 3404 22
1063 3354 1170 3421 σώματα
1188 3354 1228 3405 Ru
1316 3350 1350 3404 23
1369 3370 1397 3403 τι
1416 3366 1466 3404 om.
1487 3356 1525 3406 Rs
