3540 5610
574 325 801 384 ΑΛΕΞΑΝΔΡΟΥ
820 326 973 385 ΑΠΟΡΙΩΝ
993 324 1054 381 ΚΑΙ
1074 325 1219 383 Arm&

266 637 319 701 Vl.
367 636 442 704 Πῶς
469 637 498 699 εἰ
527 641 656 716 μᾶλλον
683 637 720 699 τό
749 638 839 720 ὕδωρ
867 637 956 720 ὕδωρ
986 636 1072 699 κατὰ
1098 639 1134 700 τὸ
1161 638 1293 721 ψυχρὸν
1320 637 1340 720 ἢ
1363 637 1511 700 κατὰτὸ

267 739 382 823 ὑγρόν,
414 741 516 823 ἠμὲν
542 741 592 807 εἰς
618 741 655 803 τὸ
686 741 814 824 θερμόν
838 739 943 803 αὑτοῦ
967 741 1005 802 ἐκ
1028 744 1088 802 τοῦ
1112 745 1246 824 ψυχροῦ
1275 740 1450 823 μεταβολὴ
1474 739 1513 801 οῦ

339 843 477 927 φθείρει
499 840 598 919 αὑτό,
622 844 640 925 η
664 844 700 905 δὲ
723 843 760 905 ἐκ
781 847 840 905 τοῦ
865 845 966 926 ὑγροῦ
990 844 1038 911 εἰς
1061 846 1097 904 τό
1121 844 1263 924 στερεόν
1286 843 1435 927 φθείρει.
1526 857 1554 899 τε

352 1013 388 1078 Εἰ
411 1018 519 1098 μᾶλλον
542 1015 574 1076 τό
596 1014 674 1098 ὕδωρ
698 1015 775 1098 ὕδωρ
798 1014 874 1077 ἐστὶν
897 1014 970 1076 κατὰ
993 1016 1025 1076 τὸ
1042 1015 1156 1099 ψυχρόν
1178 1014 1197 1096 ᾖ
1221 1015 1253 1077 τὸ
1276 1015 1371 1098 ὑγρόν,
1396 1018 1437 1082 ὡς
1461 1018 1519 1096 πῦρ

230 1138 245 1186 5
266 1118 318 1199 μὲν
341 1117 415 1180 κατὰ
438 1118 470 1180 τὸ
495 1118 603 1200 θερμὸν
629 1116 632 1199 ψ
658 1120 766 1198 μᾶλλον
791 1117 809 1199 ἢ
833 1115 933 1200 ξηρόν,
960 1118 1016 1199 ἀὴρ
1044 1118 1076 1179 δὲ
1098 1117 1172 1179 κατά
1199 1119 1231 1180 τό
1255 1117 1338 1200 ὑγρὸν
1363 1120 1471 1199 μᾶλλον
1495 1116 1514 1199 ἢ
1539 1122 1567 1180 31

267 1220 390 1303 θερμόν,
417 1226 454 1304 γῆ
478 1222 510 1283 δὲ
532 1220 605 1283 κατὰ
632 1222 665 1282 τό
689 1220 773 1304 ξηρὸν
798 1223 906 1302 μᾶλλον
930 1219 948 1302 ᾖ
972 1218 1100 1303 ψυχρόν,
1130 1220 1157 1281 τί
1178 1219 1286 1301 δήποτε
1314 1219 1386 1281 κατὰ
1410 1219 1461 1300 μὲν
1485 1220 1517 1281 τό

266 1326 349 1408 ὑγρόν
374 1325 553 1409 μεταβάλλον
581 1323 634 1386 οὑκ
657 1321 732 1387 ἔστιν
760 1325 838 1406 ῦῦωρ
864 1323 913 1406 (οὑ
937 1323 989 1405 γὰρ
1013 1323 1090 1402 ὑῦωρ
1118 1323 1133 1384 ό
1157 1322 1362 1406 κρύσταλλος),
1389 1323 1463 1384 κατὰ
1487 1323 1519 1384 δὲ
1546 1339 1560 1380 ο

265 1429 297 1489 τὺ
321 1428 432 1512 ψυχρόν
460 1428 640 1511 μεταβάλλον
669 1427 746 1510 ὕδωρ
774 1423 815 1489 ἔτι
838 1426 931 1509 με’νει;
964 1427 1041 1508 ῦῦωρ
1069 1428 1122 1510 γάρ
1145 1426 1205 1488 ἐστι
1231 1428 1279 1489 καὶ
1303 1427 1412 1510 θερμόν
1438 1424 1515 1507 γενό-

265 1553 359 1614 μενον.
409 1530 499 1592 καίτοι
533 1531 566 1593 οὐ
594 1531 626 1592 τὸ
650 1535 706 1614 πῦρ
735 1530 914 1614 μεταβάλλον
941 1528 1015 1591 κατὰ
1042 1529 1073 1590 τό
1103 1529 1209 1611 θερμόν
1234 1533 1290 1613 πῦρ
1312 1526 1368 1598 ἔτι,
1404 1527 1471 1591 οὔθ’
1500 1530 1516 1591 ὑ

214 1654 245 1700 10
264 1634 322 1717 ἀηρ
345 1634 371 1696 εἰ
393 1633 467 1695 κατὰ
493 1634 525 1695 τό
549 1632 634 1716 ὑγρόν
663 1633 851 1718 μεταβάλλοι,
878 1631 938 1694 ἀλλ’
967 1632 1034 1694 οὑδὲ
1062 1637 1098 1714 γη
1124 1631 1203 1713 μένει
1230 1633 1249 1713 ἡ
1273 1632 1347 1695 κατὰ
1376 1633 1408 1695 τὸ
1432 1633 1517 1715 ξηρὸν

266 1737 497 1821 μεταβάλλουσα.
542 1736 716 1818 ἐπιζητῆσαι
740 1733 765 1798 δ’
794 1734 828 1797 ἀν
852 1759 892 1803 τις
916 1737 963 1797 καὶ
986 1740 1070 1797 τοῦτο
1093 1734 1138 1796 ἐπ’
1167 1735 1270 1805 αὑτοῦ,
1295 1735 1323 1796 τί
1343 1736 1468 1817 δήποτε,
1492 1736 1560 1797 εἰιο

265 1839 337 1902 κατὰ
360 1840 393 1901 τό
416 1840 529 1923 ψυχρόν
551 1839 631 1923 αὑτῷ
655 1839 687 1900 τό
710 1838 795 1912 εἶναι,
819 1841 837 1921 ἡ
862 1838 935 1900 κατὰ
958 1839 989 1899 τό
1013 1839 1124 1922 ψυχρὸν
1148 1837 1276 1906 ἐπίτασις
1297 1839 1410 1921 φθείρει
1432 1837 1514 1917 αὑτό,

264 1940 294 2005 εί
316 1966 348 2024 γε
377 1943 516 2024 πήγνυται
546 1939 597 2022 μὲν
625 1940 671 2003 διὰ
699 1942 752 2022 τὴν
780 1941 1015 2024 ὑπερβάλλουσαν
1042 1940 1226 2024 ψυχρότητα,
1255 1941 1343 2022 παγὲν
1366 1942 1399 2003 δὲ
1421 1941 1517 2004 οὐκέτι

263 2043 340 2105 ἐστὶν
364 2043 443 2128 ὕδωρ
458 2044 596 2127 ἐνεργείᾳ.
631 2043 699 2106 οὑδὲ
721 2044 774 2127 γὰρ
799 2068 817 2126 η
836 2043 908 2106 κατὰ
931 2047 963 2106 τὸ
981 2044 1088 2126 θερμὸν
1108 2043 1236 2112 ἐπίτασις
1257 2045 1345 2127 πυρὺς
1360 2045 1516 2129 φθαρτικη,
1533 2061 1559 2103 ιο

213 2167 242 2215 ιο
262 2145 329 2209 οὑτε
352 2149 370 2229 ἡ
394 2148 468 2210 κατὰ
490 2148 523 2210 τό
541 2148 625 2231 ὑγρόν
649 2147 744 2231 ἀέρος,
767 2146 834 2209 οὑτε
855 2152 908 2230 γῆς
931 2147 1041 2230 ηκατά
1064 2148 1096 2208 τό
1120 2145 1215 2230 ξηρόν,
1238 2145 1304 2209 οὔθ’
1326 2146 1402 2214 ὅλως
1424 2147 1514 2211 ἄλλου

264 2253 340 2318 τινὸς
361 2252 380 2333 η
404 2250 478 2313 κατὰ
501 2252 532 2313 τὸ
556 2250 661 2314 οἰκεῖον
684 2249 761 2318 εἰὺος
782 2251 909 2318 ἐπίτασις
931 2250 1046 2333 φθορᾶς
1069 2251 1155 2312 αἰτία.
1190 2249 1236 2334 (ἦ)
1258 2250 1321 2313 ἐπεὶ
1344 2253 1363 2334 η
1386 2253 1460 2314 κατὰ
1482 2255 1515 2313 τό

263 2355 377 2438 ψυχρόν
403 2355 444 2421 εἰς
466 2354 498 2415 τό
524 2354 631 2437 θερμὸν
658 2342 804 2437 μεταβολὴ
832 2357 882 2416 τοῦ
912 2353 1015 2421 ὑῦατος
1041 2352 1126 2435 ἀέρος
1154 2355 1216 2415 ἐστὶ
1238 2355 1388 2437 γεννητική
1416 2354 1560 2437 (obem

262 2455 315 2538 γάρ
339 2455 399 2518 οἶόν
426 2479 457 2518 τε
480 2454 552 2518 ἀλλο
576 2462 662 2534 σῶμα
690 2455 719 2524 ἐξ
747 2456 850 2523 ῦῦατοτ
872 2455 946 2518 κατὰ
974 2454 1064 2539 μόνην
1092 2458 1143 2538 τὴν
1167 2456 1199 2519 ἐκ
1222 2462 1273 2519 τοῦ
1301 2462 1416 2541 ψυχροῦ
1438 2457 1516 2538 γενέ-

265 2560 332 2623 σθαι
356 2560 544 2643 μεταβολήν),
567 2560 620 2623 οῦκ
642 2557 703 2622 ἔστι
725 2560 757 2622 δὲ
779 2560 836 2642 ἀὴρ
860 2561 970 2643 θερμὸς
994 2561 1097 2641 μόνον,
1120 2559 1195 2621 ἀλλὰ
1219 2561 1267 2622 καὶ
1290 2559 1388 2642 ὑγρός,
1412 2563 1460 2623 καὶ
1482 2562 1516 2623 τό

209 2683 242 2729 ‘20
260 2685 292 2745 γε
320 2661 392 2725 εἶναι
419 2661 500 2747 αὑτῷ
527 2662 591 2747 ἀέρι
618 2663 691 2726 κατὰ
717 2663 769 2745 τὴν
798 2662 942 2746 ὑγρότητα
970 2665 1094 2743 μᾶλλον,
1125 2660 1186 2726 ἔστι
1213 2661 1239 2725 δ’
1267 2662 1324 2746 οὑχ
1351 2663 1452 2744 όμοιον
1480 2666 1513 2726 τό
1528 2681 1557 2723 ετ

262 2767 346 2849 ὑγρὸν
373 2763 403 2827 ἔν
426 2788 457 2827 τε
484 2764 565 2828 ῦὺατι
593 2766 641 2828 καὶ
667 2764 730 2849 ἀέρι
758 2766 804 2847 (τό
829 2766 880 2845 μὲν
907 2767 961 2849 γὰρ
988 2765 1067 2849 ὑῦωρ
1093 2767 1272 2850 παχύτερον,
1299 2766 1343 2829 διὸ
1370 2770 1420 2829 καὶ
1448 2768 1515 2830 ἀνα·

262 2868 432 2950 πληστικόν,
460 2893 478 2950 η
503 2870 535 2931 δὲ
557 2872 607 2931 τοῦ
630 2868 717 2952 ἀέρος
744 2867 867 2953 ὑγρότης
888 2869 1010 2950 λεπτή),
1038 2869 1072 2931 οὐ
1096 2868 1182 2952 μόνον
1211 2872 1257 2932 δεῖ
1277 2875 1330 2953 τῆς
1354 2870 1357 2953 ψ
1382 2871 1455 2933 κατὰ
1477 2873 1512 2934 τὸ
1534 2880 1571 2937 32
1640 2922 1644 2929 .

260 2973 372 3056 ψυχρὸν
396 2975 436 3056 τῷ
462 2972 543 3034 ὑδατι
566 2972 743 3056 μεταβολῆς,
772 2973 845 3034 ἀλλά
872 2973 920 3034 καὶ
944 2976 995 3054 της
1021 2973 1095 3034 κατά
1122 2973 1155 3034 τό
1178 2972 1272 3054 ὑγρόν.
1318 2976 1365 3036 καὶ
1390 2975 1515 3055 μάλιστα

259 3075 322 3137 ἐπεὶ
345 3076 363 3157 η
386 3077 482 3136 τοιάδε
506 3073 628 3157 ὑγρότης
650 3075 794 3143 εἰδοπσιὺς
815 3079 866 3137 τοῦ
890 3075 989 3157 ἀέρος,
1011 3076 1053 3144 εἰς
1076 3074 1108 3136 ὃν
1131 3077 1149 3156 ἡ
1174 3076 1301 3138 κατὰτὸ
1325 3079 1437 3161 ψυχρὸν
1460 3083 1512 3141 τοῦ

207 3198 239 3247 25
259 3178 362 3245 ὑθατος
386 3177 547 3261 μεταβολή,
574 3178 592 3260 ἡ
616 3178 649 3239 δὲ
671 3177 745 3239 κατὰ
771 3179 803 3239 τὸ
827 3177 912 3261 ὑγρὸν
938 3182 981 3260 τῷ
1010 3178 1091 3241 ῦῦατι
1117 3179 1263 3263 μεταβολὴ
1292 3180 1348 3241 ὑπὸ
1371 3185 1422 3243 τοῦ
1445 3184 1513 3265 θερ·
1541 3199 1556 3241 ο

261 3285 316 3363 μοῦ
339 3281 387 3343 καὶ
410 3285 460 3342 τοῦ
488 3280 518 3342 ἐν
546 3280 640 3363 τοὺτιμ
668 3280 755 3363 ξηροῦ
783 3281 889 3361 γίνεται
914 3280 1101 3348 λεπτὺνοντος
1128 3280 1198 3343 αὑτό
1227 3283 1275 3344 καὶ
1301 3282 1354 3365 τὴν
1377 3283 1407 3344 ἐν
1430 3283 1514 3370 αὑτῷ

259 3384 412 3470 παχύτητα
436 3384 678 3468 μεταβάλλοντος,
702 3387 765 3468 ῆτις
788 3385 938 3469 μεταβολὴ
962 3385 1052 3446 δεῖται
1075 3383 1197 3467 χρόνου,
1221 3383 1268 3446 διὰ
1290 3389 1385 3460 τοῦτο,
1409 3387 1515 3472 μέχρις

260 3487 336 3570 ἀνίη
364 3487 393 3548 ἐν
422 3492 463 3569 τῷ
493 3486 574 3548 ῦὺατι
602 3485 742 3568 γενομένη
772 3485 916 3569 θερμότης
944 3488 996 3569 τὴν
1026 3487 1167 3571 ὑγρότητα
1196 3487 1237 3555 εἰς
1262 3493 1399 3551 τοσοῦτον
1428 3513 1513 3570 μετα·
1529 3509 1556 3551 ιο

260 3591 364 3675 βαλλη,
389 3593 428 3657 ὡς
451 3588 527 3657 εἶδος
551 3589 634 3672 ἀέρος
650 3589 795 3670 γενέσθαι,
818 3589 896 3673 ὕδωρ
919 3586 960 3651 ἔτι
985 3589 1062 3671 μένει
1083 3589 1124 3662 όν,
1148 3590 1182 3652 οῦ
1198 3596 1310 3654 τοιοῦτο
1334 3593 1386 3674 μὲν
1409 3593 1512 3656 ὁποῖον

207 3696 291 3761 30τὺ
314 3694 464 3777 εἱλικρινὲς
488 3693 575 3775 ὕδωρ,
600 3692 675 3755 ἀλλά
697 3693 878 3776 λεπτότερον.
924 3692 1093 3776 λεπτότερον
1116 3692 1170 3777 γὰρ
1192 3694 1224 3756 τό
1248 3694 1319 3757 αὑτό
1342 3694 1421 3779 ῦόωρ
1444 3695 1511 3780 θερ·

261 3798 370 3881 μανθὲν
394 3797 412 3879 ἦ
436 3798 491 3879 πρὸ
515 3801 580 3867 τοῦ,
610 3798 658 3859 καὶ
686 3797 721 3858 τὰ
744 3795 956 3880 ἀποψυχθέντα
983 3798 1014 3858 ὑὲ
1042 3798 1126 3858 πάλιν
1155 3796 1245 3860 ὑόατα
1271 3798 1430 3882 λεπτότερα
1452 3806 1512 3862 τῶν

256 3901 308 3982 τἠν
332 3899 427 3983 ἀρχὴν
453 3901 493 3983 μη
510 3897 762 3981 τεθερμασμένων.
798 3899 864 3968 όόὺς
887 3899 940 3982 γὰρ
963 3904 1004 3982 τῷ
1021 3900 1100 3961 ὑόατι
1124 3905 1176 3983 τῆς
1191 3900 1232 3967 εἰς
1254 3900 1327 3985 ἀέρα
1344 3903 1510 3987 μεταβολῆς
1523 3920 1551 3961 ιε

257 4005 276 4085 η
300 4000 461 4086 θερμότης,
489 4003 537 4064 καὶ
560 4001 618 4085 οὑχ
641 4003 740 4083 ὅμοιον
762 4002 795 4063 τὸ
819 4002 896 4085 ὑῦωρ
920 4003 1083 4085 θερμανθὲν
1106 4026 1136 4064 τε
1159 4005 1207 4065 καὶ
1229 4005 1284 4087 πρὸ
1308 4008 1368 4066 τοῦ.
1415 4009 1455 4073 ιὐς
1479 4004 1505 4070 δ’

259 4107 277 4187 ἡ
303 4105 448 4189 θερμότης
476 4107 528 4188 τὴν
557 4106 699 4189 ὑγρότητα
720 4106 861 4179 λεπτὺνει,
890 4105 981 4173 οὑτως
1004 4107 1088 4167 πάλιν
1111 4108 1129 4188 ἡ
1157 4105 1305 4191 ψυχρότης
1332 4108 1456 4193 παχὺνει
1479 4133 1511 4173 τε

204 4228 238 4276 35
257 4211 305 4272 καὶ
329 4210 501 4292 συνίστησιν.
547 4211 595 4271 καὶ
619 4208 682 4270 ἐπεὶ
705 4233 723 4291 η
747 4209 864 4292 τοιαύτη
893 4214 943 4271 τοῦ
967 4208 1053 4292 ὑγροῦ
1082 4209 1216 4279 σὺστασις
1240 4211 1295 4272 ὑπό
1318 4215 1369 4272 τοῦ
1392 4218 1552 4296 ψυχροῦεο

258 4313 288 4374 ἐν
311 4311 411 4397 χρόνῳ
434 4314 483 4375 καὶ
510 4313 584 4394 αὐτη
607 4313 726 4393 γίνεται,
758 4311 804 4373 ῦιά
827 4316 912 4374 τοῦτο
934 4311 1002 4374 οῦῦὲ
1030 4313 1046 4374 ό
1074 4312 1131 4395 ἀὴρ
1154 4314 1281 4397 ψυχθεὶς
1308 4315 1384 4399 ὑῦωρ
1408 4316 1507 4385 εῦθὺς.

207 4588 215 4638 Ι
237 4584 304 4655 ῦόιυρ
324 4587 402 4638 semel
422 4606 437 4637 a
456 4586 499 4652 Sp.
613 4586 628 4652 η
648 4587 713 4637 κατὰ
735 4587 811 4637 vien:
832 4586 860 4638 οὑ
880 4589 945 4637 κατὰ
966 4590 1081 4639 stha:
1101 4586 1130 4638 οὑ
1151 4591 1190 4639 Ga
1305 4589 1319 4639 Ἰ
1339 4589 1386 4641 οῦκ
1406 4591 1473 4642 ἔστιν
1493 4589 1563 4664 ὑόωμ

202 4690 252 4726 om.
272 4692 287 4724 a
396 4675 427 4724 10
446 4671 597 4741 μεταβάλλοι
616 4688 680 4725 corr.
701 4691 731 4724 ex
752 4673 899 4743 μεταβάλλει
912 4677 945 4725 F:
966 4674 1115 4741 μεταβάλλει
1134 4679 1154 4726 L
1175 4685 1199 4726 et
1219 4677 1285 4727 coni.
1304 4675 1347 4743 Sp.
1460 4681 1487 4732 ll
1509 4680 1563 4732 ἐπι-

202 4761 308 4831 ζητῆσαι
328 4764 350 4811 V
461 4760 491 4811 16
519 4760 535 4827 ὴ
556 4761 613 4812 add⁴
632 4762 725 4813 B2S²a
834 4761 864 4813 17
888 4763 1006 4830 γενητικίγ
1027 4781 1041 4812 υ
1061 4765 1104 4828 Sp.
1214 4764 1253 4814 19.
1274 4763 1307 4815 20
1334 4766 1363 4816 τό
1387 4784 1414 4833 γε
1435 4766 1474 4817 V'
1494 4767 1563 4820 vict

201 4848 259 4917 Sp.:
280 4850 354 4901 τότε
374 4849 495 4900 v¹FSLa
602 4848 643 4899 21.
663 4848 695 4898 22
720 4848 748 4899 ἃν
769 4848 922 4919 ἀπληστιιιόν
940 4869 955 4900 a
1063 4850 1094 4901 22
1114 4849 1162 4918 ὑεῖ]
1182 4846 1207 4901 δ’
1228 4851 1249 4902 τί
1270 4853 1302 4901 V¹
1324 4854 1400 4917 (corr.
1422 4853 1468 4916 vx)

201 4935 235 4989 33
254 4934 269 5007 ἠ
289 4954 305 4988 α
399 4935 432 4988 36
452 4937 494 4989 καὶ
513 4935 576 5008 αῦτη
596 4937 661 4988 vict.
680 4939 737 5004 Spa
758 4939 799 4989 καὶ
819 4955 881 5010 αυτη
897 4941 927 4988 V:
948 4939 990 4991 καὶ
1009 4935 1072 5009 αὕτη
1092 4942 1126 4990 Β;
1146 4939 1162 5008 ἡ
1181 4937 1283 5010 τοιαὺτη
1304 4942 1409 4993 GFSLa
