3540 5610
199 286 263 350 214
645 282 872 341 ΑΛΕΞΑΝΔΡΟΥ
891 282 1117 341 λΦΡΟΔΙΣΙΕΩΣ

255 457 307 520 οὐκ
329 457 465 541 ἀτόμους,
488 460 648 544 όμοιομερῖη
668 458 700 522 δέ
716 462 779 524 τινά
801 480 888 544 φασιν
911 459 1017 544 ἀπειρα
1039 458 1112 522 εἰναι
1135 461 1267 540 σιύματα,
1291 456 1321 526 ii
1343 459 1385 520 ὧν
1408 459 1428 541 ή
1451 461 1510 521 τῶν

255 560 405 645 αἰσθητῶν
427 561 537 643 γένεσις
559 565 704 646 σωμάτων
726 562 862 646 γινομένη
886 561 959 625 κατά
982 562 1126 645 σύγκρισιν
1143 563 1191 624 καί
1206 560 1351 641 σύνθεσιν,
1372 560 1408 643 ής
1423 558 1509 641 iden<

254 659 448 749 Ἀναξαγόρας
470 688 502 728 τε
525 669 572 729 καί
591 663 754 751 Ἀρχέλαος
777 668 895 728 δοκοῦσι
917 664 1076 746 γεγονέναι·
1111 663 1169 748 ήδη
1193 662 1226 727 δέ
1247 672 1320 731 τινες
1343 665 1391 726 καί
1413 662 1510 746 ἀμερῆ

256 788 318 828 τινα
341 769 465 850 σώματα
490 767 542 836 τοίς
568 768 663 853 ἀρχὰς
691 771 739 831 καί
768 771 900 851 στοιχεῖα
932 771 990 828 τῶν
1024 767 1139 829 πάντων
1173 765 1369 850 προήχθησαν
1402 763 1509 827 εἰπεῖν·
1525 778 1553 820 ισ

222 889 237 936 5
257 866 319 931 ἔστι
341 870 374 933 δέ
396 893 437 939 τις
459 870 529 939 δόξα
551 874 599 934 καὶ
621 871 651 939 ἐξ
673 870 818 934 ἐπιπέδων
840 871 891 953 τὴν
914 867 1023 951 γένεσιν
1056 873 1180 932 ποιοῦσα
1206 872 1265 931 τῶν
1292 869 1438 950 σωμάτιον
1462 869 1512 930 καί

258 970 288 1040 kt
310 972 444 1055 ἀριθμῶν
466 996 507 1042 τις
530 972 630 1057 άλλη),
658 972 691 1035 ού
714 974 751 1055 δή
775 973 847 1056 πρὸς
869 972 1014 1055 ἀλλήλους
1037 970 1134 1052 μόνον,
1164 974 1205 1040 ὡς
1227 967 1312 1054 ἔφην,
1345 968 1425 1033 οὖτοι
1448 971 1510 1052 διη-

257 1072 407 1158 νέχθησαν
429 1075 504 1137 κατὰ
525 1075 577 1157 τὴν
600 1077 671 1158 πρὸς
693 1075 745 1143 τὰς
767 1074 862 1159 ἀρχάς
885 1072 1044 1158 διαφόρους
1077 1072 1165 1143 οὔσας
1192 1072 1367 1136 ἀκολουθίαν
1391 1074 1439 1134 καί
1461 1070 1513 1139 τολς

259 1177 375 1259 κράσεις
397 1176 543 1261 διαφόρως
564 1176 695 1259 γίνεσθαι
717 1177 858 1259 λέγοντες,
892 1175 967 1238 ἀλλά
990 1178 1039 1239 καὶ
1072 1175 1168 1239 αὐτῶν
1196 1180 1253 1238 τῶν
1280 1173 1435 1258 ήνωμένην
1457 1174 1512 1256 τὴν
1527 1188 1552 1230 ¹⁶

258 1279 329 1361 ύλην
344 1278 486 1361 λεγόντων
509 1282 557 1341 καὶ
577 1280 660 1341 πάλιν
676 1277 713 1342 αύ
736 1283 794 1340 τῶν
809 1277 1000 1362 διωρισμένον
1021 1302 1052 1342 τε
1074 1282 1122 1342 καί
1144 1277 1363 1363 κεχωρισμένην
1386 1276 1449 1340 ἐστί
1469 1297 1512 1343 τις

209 1401 241 1448 10
260 1381 331 1464 πρὸς
353 1381 498 1463 ἀλλήλους
520 1383 673 1464 διαφωνία.
719 1381 796 1444 αἰτία
818 1379 845 1445 δ’
872 1380 971 1449 αὐτοῖς
993 1386 1045 1465 τῆς
1067 1384 1246 1449 διαστάσεως
1268 1385 1320 1464 τῆς
1342 1380 1468 1463 τοσῆσδε
1490 1379 1511 1460 ἡ

255 1483 422 1569 χαλεπότης
457 1488 508 1547 τοῦ
545 1483 696 1567 δόγματος.
762 1482 833 1568 <τιμ>
867 1485 919 1565 μὲν
951 1484 1005 1567 γὰρ
1043 1484 1162 1568 ἐναργές
1204 1482 1277 1545 εἶναι
1313 1481 1468 1566 κιρνᾶσθαί
1505 1476 1510 1562 l

258 1609 320 1648 τινα
343 1589 401 1648 τῶν
425 1587 570 1667 σωμάτων
604 1588 675 1669 πρὸς
698 1584 811 1669 ἄλληλα
845 1587 948 1653 πάντες
979 1587 1085 1671 σχεδδν
1108 1587 1135 1648 οἰ
1159 1588 1225 1670 περὶ
1247 1586 1365 1671 φύσεώς
1387 1586 1491 1648 τεκαὶ
1514 1589 1563 1645 691

258 1692 317 1751 τῶν
338 1689 496 1770 γινομένων
519 1688 605 1771 φύσει
627 1692 853 1771 φιλοσοφοῦντες
886 1687 979 1773 ἦλθον
1012 1688 1060 1750 ἐπὶ
1087 1689 1119 1750 τδ
1149 1692 1244 1773 ζητεῖν
1272 1689 1325 1772 τὴν
1348 1686 1441 1749 αἰτίαν
1464 1684 1513 1748 αθ·

259 1792 320 1863 τοῦ,
355 1787 445 1873 τῷδ’
474 1787 547 1852 εἰναι
580 1792 713 1874 χαλεπήν
737 1813 768 1852 τε
790 1789 879 1852 αὐτοῦ
912 1790 964 1873 τὴν
998 1789 1110 1873 εὕρεσιν
1139 1792 1188 1853 καί
1214 1790 1325 1873 ἑκάστη
1352 1794 1411 1852 τῖον
1440 1788 1511 1850 ἀπο-

212 1913 240 1959 ισ
260 1892 419 1976 διδομένων
442 1892 541 1953 αἰτιῶν
564 1892 671 1959 οἰκείας
694 1891 770 1959 τινάς
803 1891 925 1955 ἕπεσθαι
953 1891 1123 1976 δυσχερείας
1157 1891 1245 1960 ἄλλος
1277 1891 1354 1976 άλλη
1388 1891 1513 1974 ἀπετρά·
1539 1904 1553 1946 ⁶

215 2003 238 2056 11
257 2017 336 2057 πετο.
382 1993 434 2057 Διὸ
456 1992 491 2057 οἰι
514 1997 614 2078 χεῖρον
636 1996 683 2055 καί
706 1994 785 2075 ἡμᾶς
807 1997 872 2077 περί
904 1993 995 2077 αὐτῆς
1023 1994 1168 2078 διαλαβεῖν
1191 1997 1238 2058 καὶ
1260 1999 1385 2078 μηνῦσαι
1407 1992 1444 2056 τά
1464 1993 1513 2055 δο·

261 2101 366 2161 κούντα
389 2098 458 2179 ἡμῖν
482 2095 665 2179 εὐλογώτερα
688 2095 825 2177 λέγεσθαι
848 2100 906 2158 τῶν
929 2099 994 2179 περὶ
1016 2097 1148 2179 κράσεως
1171 2096 1332 2181 εἰρημένων
1348 2099 1400 2159 τού
1415 2095 1513 2158 δοκεῖν

260 2200 353 2266 ούτως
375 2197 455 2283 ἔχειν
478 2196 697 2283 παρεχόμενους
719 2196 770 2265 τάς
792 2198 893 2264 αἰτίας.
931 2197 1111 2283 Δημόκριτος
1128 2199 1180 2280 μὲν
1203 2196 1253 2262 ούν
1275 2198 1435 2282 ἡγούμενος
1458 2196 1513 2278 τὴν

258 2300 415 2384 λεγομένην
448 2303 548 2383 κρᾶσιν
581 2298 712 2382 γίνεσθαι
743 2300 817 2364 κατά
840 2301 1001 2383 παράθεσιν
1035 2301 1191 2383 σωμάτων,
1218 2300 1425 2384 διαιρουμένων
1453 2302 1513 2362 τῶν
1528 2313 1555 2356 ιυ

207 2425 241 2471 20
260 2403 438 2488 κιρναμένων
471 2402 512 2469 εἰς
548 2401 636 2485 μικρολ
658 2405 707 2464 καὶ
728 2407 765 2484 τή
788 2402 857 2486 παρ’
885 2402 999 2486 ἀλληλα
1032 2403 1113 2466 θέσει
1146 2405 1198 2486 τὴν
1222 2403 1296 2485 μῖξιν
1318 2402 1512 2485 ποιουμένων,

260 2505 328 2570 οὐδὲ
351 2506 403 2589 τήν
427 2505 524 2589 ἀρχήν
546 2524 634 2588 φησιν
657 2502 729 2566 εἰναι
752 2505 823 2589 πρίις
845 2505 986 2589 ἀλήθειάν
1009 2528 1070 2567 τινα
1092 2505 1265 2589 κεκραμένα,
1290 2502 1349 2567 ἀλλ’
1370 2503 1514 2587 εἶναιτὴν

261 2611 402 2672 δοκοῦσαν
425 2611 525 2690 κρᾶσιν
548 2607 709 2690 παράθεσιν
732 2608 877 2689 σωμάτων
900 2608 1038 2690 ἀλλήλοις
1070 2608 1144 2671 κατὰ
1172 2608 1260 2692 μικρὰ
1287 2607 1440 2680 σωζόντων
1462 2605 1514 2669 αύ-

259 2716 318 2774 τιῖιν
341 2711 464 2773 ἑκάστου
488 2710 541 2793 τὴν
563 2709 670 2772 οἰκείαν
693 2709 789 2792 φύσιν,
811 2710 847 2791 ἢν
870 2708 951 2793 εἰχον
978 2713 1026 2773 καί
1049 2713 1105 2794 πρό
1132 2715 1184 2794 τῆς
1207 2710 1327 2793 μίξεως·
1362 2712 1457 2773 δοκεῖν
1481 2708 1507 2773 δ’
1528 2725 1553 2768 ιε

260 2812 335 2877 αὐτὰ
358 2812 519 2896 κεκρᾶσθαι
540 2816 584 2896 τῷ
608 2813 660 2895 τὴν
682 2811 820 2895 αἴσθησιν
843 2811 891 2874 διὰ
914 2811 1072 2896 μικρότητα
1098 2816 1157 2875 τῶν
1180 2813 1400 2895 παρακειμένων
1424 2814 1513 2896 μηδε-

207 2940 239 2987 25
259 2917 308 2984 νδς
341 2915 436 2979 αὐτῶν
471 2913 664 2977 αἰσθάνεσθαι
697 2913 838 2975 δύνασθαι
872 2912 970 2996 μόνου.
1016 2916 1189 2999 φιλαλήθως
1210 2937 1242 2977 τε
1268 2918 1316 2978 καί
1344 2913 1513 2999 φιλοσόφως

262 3020 314 3083 οὐκ
337 3019 468 3102 ὤκνησεν
491 3018 581 3079 εἰπεῖν
604 3016 636 3078 τὸ
659 3012 801 3097 ἑπόμενον
824 3018 883 3080 τοῖς
916 3013 993 3076 οὕτω
1016 3017 1067 3083 τὰς
1089 3019 1206 3102 κράσεις
1232 3017 1350 3100 λέγουσι
1372 3017 1512 3100 γίνεσθαι.

261 3120 422 3206 παραθέσει
446 3121 478 3182 δὲ
500 3119 619 3200 τοιαύτη
642 3117 693 3184 τὰς
715 3117 832 3200 κράσεις
855 3116 1013 3179 ἀνάπτουσι
1036 3121 1084 3180 καί
1105 3121 1132 3181 οἱ
1159 3120 1210 3187 τὰς
1225 3120 1427 3203 ὁμοιομερείας
1442 3119 1514 3202 ύλην

260 3224 412 3288 εἶναιτῶν
435 3220 593 3304 γινομένων
615 3219 755 3302 λέγοντες.
796 3215 970 3302 Ἐπίκουρος
1003 3220 1036 3282 δὲ
1063 3221 1178 3304 φεύγειν
1202 3222 1378 3306 βουλόμενος
1401 3221 1433 3283 τὸ
1458 3221 1514 3285 ύπδ
1528 3237 1556 3278 ⁸⁰

259 3326 443 3410 Δημοκρίτου
467 3324 557 3408 ῥηθὲν
579 3322 703 3386 ἕπεσθαι
727 3320 887 3406 [βούλεται]
910 3326 969 3390 τοῖς
998 3323 1159 3406 παραθέσει
1180 3331 1238 3389 τῶν
1261 3324 1438 3409 κιρναμένων
1461 3325 1514 3408 τὴν

207 3451 241 3500 30
260 3435 361 3515 κρᾶσιν
393 3427 523 3510 γίνεσθαι
556 3426 671 3508 λέγουσι
704 3423 866 3507 παραθέσει
899 3422 951 3505 μέν
974 3447 1058 3487 τινων
1092 3427 1238 3510 σωμάτων
1271 3430 1318 3490 καί
1345 3426 1431 3495 αὐτὸς
1464 3428 1515 3497 τάς

260 3534 377 3617 κράσεις
398 3529 530 3613 γίνεσθαι
552 3528 639 3611 λέγει,
673 3525 732 3590 ἀλλ’
761 3526 815 3589 οὐκ
836 3525 932 3588 αὐτῶν
955 3532 1013 3588 τῶν
1048 3529 1226 3611 μιγνυμένων
1255 3531 1400 3613 σωμάτων
1423 3534 1516 3602 σωζο-

209 3829 220 3878 l
242 3825 289 3879 οδκ
308 3824 417 3892 ἀτόμους
435 3822 506 3875 Diels
520 3822 610 3888 Apelt:
630 3821 659 3874 ού
678 3821 742 3874 κατ’
755 3821 846 3879 ἀλλους
863 3823 923 3876 libri
1012 3822 1028 3874 δ
1048 3828 1107 3891 post
1125 3822 1237 3876 σύνθεσιν
1256 3823 1396 3877 fenestra?
1410 3825 1462 3878 litt.
1476 3827 1504 3878 in
1518 3825 1570 3879 fine

207 3928 297 3966 versus
317 3916 341 3963 A
448 3909 506 3961 fors
525 3905 586 3978 (ἰφ’>
604 3908 634 3978 ής
754 3908 829 3961 9αύ
852 3916 904 3962 τῶν
924 3910 1007 3963 Diels:
1035 3909 1119 3963 αύτῶν
1139 3911 1198 3964 libri
1312 3911 1462 3984 διωρισμένη
1481 3952 1509 3964 ..
1528 3932 1571 3966 κε·

206 3999 351 4072 χωρισμένη
376 4001 416 4051 Ra
453 3989 457 3994 ⁸
532 3997 565 4048 10
592 3996 707 4066 τοσήςδε]
731 3997 828 4067 τοιήσδι
848 4001 886 4051 Ra
1008 4000 1035 4051 ll
1067 4000 1126 4068 (τῷ)
1150 3999 1195 4067 μὲν
1219 4001 1325 4067 scripsi:
1355 4000 1400 4068 μέν
1424 4004 1503 4054 Αῖλιιτ
1532 3999 1571 4055 ότι

207 4091 253 4156 μὲν
272 4088 350 4139 BPS:
370 4084 423 4137 ἰπιλ
446 4088 492 4151 μὲν
511 4083 594 4135 ldeler
700 4083 772 4152 ιίναι]
792 4085 857 4137 ἐστιν
876 4086 936 4138 εἰναι
956 4086 1012 4138 Αἰε
1121 4087 1153 4137 14
1171 4085 1286 4159 χαλεπήν
1304 4104 1332 4139 τε
1352 4087 1435 4140 Dielsz
1454 4087 1569 4160 χαλεπὴν

207 4172 328 4247 (χαλιπδν
347 4175 399 4235 SP)
423 4170 449 4223 δὲ
472 4173 599 4224 ABSCP:
628 4170 741 4242 χαλεπὴν
765 4176 803 4225 Rs
897 4174 990 4244 ἑκάστη
1009 4178 1033 4224 Α
1127 4175 1158 4227 15
1178 4180 1239 4227 ante
1257 4174 1333 4232 ἀλλος
1351 4178 1372 4227 C
1391 4177 1441 4230 (ἰεί.
1455 4177 1481 4230 δέ

209 4259 283 4318 ἄλλος
302 4258 365 4327 άλλη
387 4261 489 4311 ABCP:
509 4256 585 4314 ἀλλος
602 4260 632 4310 S:
652 4256 717 4327 άλλη
736 4257 815 4327 ἀλλην
834 4263 872 4312 Ra
973 4260 1060 4313 15.16
1079 4260 1249 4331 ἀπετράπετο]
1269 4263 1389 4330 έράπτετο
1407 4267 1447 4316 Ra

211 4348 241 4401 16
262 4345 400 4415 διαλαβεῖν]
420 4344 546 4417 διαλαχιῐν
565 4348 603 4396 Ra
731 4345 761 4397 17
780 4348 846 4409 (καὶ)
864 4351 908 4399 τοῦ
922 4347 1006 4399 Ideler
1132 4348 1163 4400 18
1187 4349 1385 4421 παρεχομένους]
1408 4352 1572 4425 παρεχόμενα

208 4438 271 4488 BRa
378 4432 417 4483 19.
438 4431 473 4483 20
491 4432 761 4503 κατὰ-κιρναμένων
781 4448 830 4484 om.
848 4435 889 4486 PS
982 4433 1012 4485 19
1031 4441 1083 4486 τῶν
1102 4435 1333 4504 διαιρουμένωνίλε
1421 4435 1474 4490 τῶν
1486 4442 1570 4493 ABG:

208 4522 300 4574 καλΒα
371 4519 404 4571 24
417 4518 620 4588 παρακειμένων]
631 4520 859 4588 περικειμένωνίλα
930 4521 963 4574 25
977 4520 1096 4574 δύνασθαι
1108 4539 1184 4574 σαμε
1255 4523 1287 4577 26
1302 4524 1416 4594 ὤκνησεν
1427 4525 1571 4578 Schwartz:

209 4608 328 4678 ὤκνησαν
348 4608 407 4660 libri
515 4605 547 4657 27
567 4603 703 4675 παραθέσει
722 4606 747 4658 δὲ
767 4605 868 4677 τοιαύτη
887 4606 981 4660 Αέλλετ
1000 4607 1137 4677 παράθεσιν
1156 4609 1181 4662 δὲ
1200 4611 1319 4680 τοιαύτην
1333 4613 1465 4666 A¹BCPS

209 4695 301 4765 κρίσεις
320 4695 356 4745 A*
446 4694 489 4745 καί
513 4693 536 4745 ολ
555 4695 657 4746 ACPS:
686 4694 729 4744 καί
751 4692 764 4745 ό
783 4697 817 4745 B:
847 4695 870 4745 oi
889 4697 927 4746 Ra
1025 4695 1066 4746 27.
1086 4695 1119 4748 28
1147 4696 1208 4748 εἰναι
1233 4695 1295 4766 ὕλην
1320 4701 1358 4751 Ra
1459 4687 1498 4752 28
1514 4701 1570 4769 βου·

208 4781 313 4851 λδμινος
332 4795 382 4833 om.
401 4783 489 4835 BCPS
588 4780 621 4832 29
642 4780 757 4850 βούλιται
776 4797 826 4834 σω.
846 4784 895 4835 Αἰ
925 4779 1087 4856 βουλήςΟΡς
1116 4783 1225 4839 fortasse
1247 4784 1273 4843 δὲ
1375 4786 1406 4839 31
1437 4785 1502 4863 λέγει
1525 4789 1570 4842 A':

208 4867 289 4941 λέγων
311 4868 356 4922 rel.
