3540 5610
670 313 873 367 ALEXANDRI
893 314 937 368 DE
956 314 1063 368 ΑΝΙΜΑ
1503 317 1542 381 31

242 484 366 570 ἀριθμός
388 485 449 549 ἐστι
474 489 604 571 μεριστή.
649 486 683 550 οὑ
706 488 759 573 γὰρ
782 489 823 556 είς
845 487 864 550 ἃ
885 490 1050 573 διαιροῦμεν
1071 487 1174 571 αὑτήν,
1197 485 1238 557 ιίίς
1260 488 1293 552 ἐκ
1316 488 1423 551 τούτων
1447 509 1490 549 κε-

241 589 432 673 χωρισμένων
456 590 645 673 συγκειμένην
665 592 839 675 διαιροῦμεν,
863 590 938 653 ἀλλὰ
959 595 997 674 τη]
1014 597 1070 654 τῶν
1093 578 1243 674 δυνάμεων
1266 592 1306 654 ὧν
1322 588 1385 676 ἔχει
1408 612 1491 653 κατα·

242 692 379 776 ριὺμήσει
400 695 449 756 καὶ
472 697 510 776 τῇ
538 698 596 756 τῶν
619 696 764 779 διαφορῶν
791 695 886 757 αὐτῶν
909 693 1021 778 εὑρέσει
1048 695 1099 777 τὴν
1122 695 1257 778 διαίρεσιν
1284 692 1374 778 αὑτῆς
1396 692 1532 756 ποιοὺ·ιυ

242 795 329 875 μεθα,
352 799 394 864 ὡς
416 795 450 859 ἂν
474 797 499 859 εί
521 797 553 860 τδ
575 797 668 880 μῆλόν
691 820 732 866 τις
753 797 875 880 διαιροίη
897 794 940 866 εἷς
962 821 993 860 τε
1012 797 1135 861 εὐωδίαν
1158 797 1206 859 καὶ
1228 797 1271 865 εἰς
1285 795 1420 882 εὔχροιαν
1443 798 1490 859 καὶ

213 898 282 966 δεῖς
304 903 408 983 σχῆμα
437 900 485 961 καὶ
510 900 551 968 εἰς
573 900 684 984 χυμόν.·
722 901 741 982 ἡ
764 899 818 983 γὰρ
848 898 966 982 τοιαύτη
994 903 1045 962 τοὺ
1072 902 1165 983 μήλου
1193 899 1328 983 διαίρεσις
1356 897 1423 961 οὔτε
1451 901 1492 966 ὡς

241 994 519 1084 σώματος’γίνεται,
550 1003 575 1078 ε]
597 1003 645 1064 καὶ
674 1001 717 1064 ὅτι
741 1003 864 1085 μάλιστα
891 1005 977 1082 σῶμα
1004 1001 1037 1063 τδ
1061 1005 1169 1085 μῆλον,
1197 1001 1263 1065 υὺτε
1291 1006 1331 1071 ὡς
1353 996 1489 1085 δριδμοδ.

240 1104 304 1166 ἐπεὶ
325 1105 420 1167 τοίνυν
443 1106 476 1168 τδ
500 1109 552 1187 ζῆν
578 1108 621 1190 τῷ
646 1108 731 1177 ζῶντι
753 1106 836 1166 παντὶ
863 1110 960 1189 ψυχῆς
982 1105 1139 1188 παρουσίᾳ,
1168 1105 1204 1167 τὰ
1231 1105 1263 1167 δὲ
1285 1105 1360 1189 φυτὰ
1384 1108 1432 1186 ζῇ,
1455 1103 1490 1164 τὰ

240 1204 316 1289 ιρυτδι
338 1208 437 1291 ψυχὴν
460 1206 495 1269 ἂν
518 1205 583 1291 ἔχοι
605 1208 653 1270 καὶ
676 1206 722 1290 εἴη
746 1205 779 1269 ἂν
802 1206 898 1270 αὑτῶν
921 1208 1001 1291 ψυχὴ
1025 1209 1044 1290 η
1065 1208 1190 1291 δύναμις,
1215 1206 1282 1270 καθ’
1311 1209 1346 1290 ἣν
1369 1211 1425 1289 ζῇ
1452 1210 1488 1288 ζῇ

239 1309 272 1371 δὲ
295 1309 371 1371 καδδ
393 1309 528 1393 τρέφεταί
550 1333 580 1371 τε
603 1310 650 1372 καὶ
670 1307 796 1383 αὔξεται,
818 1333 837 1393 η
855 1310 994 1393 θρεπτικὴ
1018 1310 1075 1394 ἄρα
1097 1313 1144 1373 καὶ
1166 1312 1186 1394 η
1209 1309 1347 1393 αὐξητικὴ
1371 1310 1490 1390 δὺναμις

201 1427 228 1469 10
241 1411 391 1481 ἐνιαὺτοῖς
415 1416 497 1497 ιδυχν]
521 1435 552 1491 γε
573 1413 621 1474 καὶ
644 1410 719 1480 εἶδος
746 1416 803 1474 τῶν
826 1417 934 1496 φυτῶν.
979 1416 1036 1474 πᾶν
1058 1412 1112 1496 ’γὰρ
1136 1412 1272 1475 σὺνὺετον
1295 1411 1369 1475 εἶναί
1389 1435 1420 1474 τε
1441 1411 1490 1473 καὶ
1504 1426 1531 1469 ιο

240 1517 364 1600 ἐνεργεῖν
387 1516 540 1597 λεγόμενον
564 1511 630 1577 καθ’
659 1514 794 1598 ἑκάτερον
823 1521 879 1577 τῶν
903 1515 933 1576 ἐν
960 1519 996 1597 τῇ
1025 1514 1172 1591 συνθέσει,
1200 1515 1276 1578 καδδ
1299 1516 1350 1598 μὲν
1374 1513 1489 1599 πρῶτὺν

242 1617 306 1680 ἐστί
325 1641 356 1680 τε
378 1617 395 1680 ὑ
417 1618 478 1681 ἐστι
508 1619 555 1682 καὶ
578 1618 689 1702 ἐνεργεῖ
714 1617 765 1684 τὰς
791 1617 898 1686 οἰκείας
920 1609 1076 1701 ἐνεργείας,
1104 1623 1189 1681 τοῦτο
1212 1618 1269 1688 ἕξις
1291 1642 1321 1680 τε
1343 1619 1391 1680 καὶ
1413 1616 1490 1686 εἶδὺτ

240 1720 318 1783 ἐστιν
344 1720 451 1794 αὑτοῦ,
480 1721 556 1784 καθὸ
584 1721 617 1783 δὲ
643 1720 789 1804 δεὺτερον,
820 1724 904 1782 τοῦτο
930 1720 960 1785 ἐν
987 1720 1068 1804 αὐτῷ
1093 1721 1146 1803 ὑλη
1175 1743 1207 1782 τε
1233 1722 1281 1783 καὶ
1303 1721 1489 1804 ὑποκείμενον

239 1822 353 1907 ἐκείνῳ,
376 1826 424 1887 καὶ
446 1821 506 1887 ἔστι
528 1825 561 1886 τδ
585 1823 647 1904 μέν,
669 1822 738 1887 καθ’
758 1822 773 1884 ὃ
796 1820 927 1906 δεὺεερὺν
955 1822 1016 1887 ἐστί
1036 1818 1073 1897 τιζ
1095 1823 1127 1884 εδ
1150 1823 1318 1906 δεδεγμένον
1342 1824 1371 1886 ἐν
1395 1823 1490 1908 αὑτῷ,

111 1950 117 1959 ·
199 1942 225 1985 ιο
239 1926 273 1988 τὸ
290 1927 332 1997 δέ,
354 1925 422 1989 καθ’
444 1925 460 1987 ὃ
483 1930 608 2009 πρῶτον,
631 1925 745 1989 ὃτοδτο
769 1926 907 2012 δέδεκται.
941 1924 1001 1987 οἷον
1024 1927 1057 1987 τὸ
1074 1924 1198 2006 ὑγιαῖνον
1222 1929 1309 2009 ξῷον,
1333 1926 1362 1994 ἐξ
1385 1926 1490 2007 ὑγιείας

240 2031 290 2092 καὶ
312 2031 448 2110 σώματος
471 2028 666 2111 συγκείμενον,
688 2029 800 2110 λέγεται
825 2029 875 2111 μὲν
899 2028 1031 2110 ὑγιαίνειν
1047 2027 1102 2089 ,καὶ
1129 2032 1165 2109 τῇ
1190 2027 1296 2111 ὑγιείᾳ,
1324 2027 1436 2110 λέγεται
1459 2028 1491 2090 δὲ

240 2133 291 2195 καὶ
312 2135 356 2216 τῷ
380 2135 503 2214 σώματι,
527 2133 574 2195 καὶ
597 2129 673 2195 ἔστιν
695 2132 714 2215 ἡ
737 2131 789 2212 μὲν
813 2131 901 2213 ὑγίεια
923 2154 942 2212 η
967 2130 1022 2198 ἕξις
1044 2153 1075 2192 τε
1097 2131 1145 2222 καὶ
1168 2132 1200 2193 τὸ
1223 2129 1299 2199 εἶδος
1321 2129 1336 2192 ὃ
1359 2129 1490 2194 δέδεκται
1503 2147 1532 2189 ου

240 2237 276 2297 τδ
299 2240 399 2318 σῶμα,
423 2236 512 2298 τὸδὲ
534 2239 636 2317 σῶμα,
659 2234 734 2297 καὺδ
758 2232 899 2317 δευτέρως
922 2233 1054 2315 ὑγιαίνει,
1081 2258 1100 2316 η
1124 2233 1177 2316 ὑλη
1201 2256 1232 2295 τε
1255 2234 1356 2295 καὶτὸ
1380 2235 1490 2297 ὑποκεί·

196 2355 226 2398 κν
241 2361 327 2422 μενον
349 2339 397 2401 καὶ
420 2337 590 2420 δεδεγμένον
617 2336 806 2420 τηνὺγίειαν.
851 2337 877 2399 εί
899 2337 935 2419 δὴ
959 2335 1006 2398 καὶ
1030 2335 1077 2397 ἐπὶ
1100 2339 1150 2397 τοὺ
1174 2339 1226 2418 ζῆν
1250 2335 1285 2397 τὰ
1310 2339 1404 2407 ζῶντα
1427 2357 1490 2419 συγ·
1560 2334 1568 2351 ’

239 2444 358 2525 κείμενα
380 2438 414 2504 ἔκ
436 2464 467 2503 τε
489 2446 589 2525 ψυχῆς
617 2441 665 2503 καὶ
688 2443 824 2522 σώματος
847 2437 1021 2523 ἀμφοτέροις
1048 2441 1100 2520 ξῆν
1123 2435 1264 2519 λεγόμενα
1290 2444 1327 2522 εγ]
1352 2463 1383 2502 τε
1406 2444 1489 2532 ψυχῇ

239 2545 353 2629 καὶτῷ
377 2546 492 2626 σώματι
514 2546 617 2627 πρώτη
642 2544 692 2626 μὲν
715 2548 752 2625 τ]
777 2547 861 2627 ψυχγ]
887 2546 940 2625 ζῇ,
963 2539 1092 2624 δευτέρῳ
1114 2540 1147 2601 δὲ
1164 2545 1210 2624 ,τῷ
1234 2543 1363 2624 σώματι,
1385 2540 1432 2625 εἴη
1456 2540 1490 2604 ἂν

239 2649 289 2710 καὶ
312 2647 345 2709 ἐκ
368 2646 471 2708 τούτου
494 2645 690 2728 δεικνὺμενον,
721 2644 764 2708 ὅτι
787 2670 805 2727 η
830 2646 882 2728 μὲν
909 2644 991 2728 ψυχὴ
1015 2641 1091 2711 εἶδές
1118 2665 1149 2705 τε
1171 2648 1222 2706 τοὺ
1245 2646 1380 2727 σώματος
1402 2644 1451 2707 καὶ
1474 2643 1490 2705 δ

240 2751 371 2813 δέδεκται
394 2750 426 2811 τδ
449 2747 559 2811 τοιόνδε
581 2753 678 2829 σῶμα,
700 2749 732 2808 τδ
756 2748 788 2809 δὲ
811 2753 897 2830 σῶμα
920 2745 974 2828 ὕλη
998 2769 1030 2808 τε
1046 2752 1097 2830 τῆς
1114 2745 1118 2831 ]
1135 2751 1233 2831 ψυχῗς
1254 2748 1302 2809 καὶ
1325 2748 1358 2810 τδ
1381 2749 1473 2830 δεδεγ-
1494 2762 1544 2807 129r

198 2870 226 2912 ε’,
242 2853 337 2936 μένον.
372 2852 421 2914 καὶ
444 2854 463 2935 η
487 2852 627 2934 θρεπτικὴ
650 2837 706 2933 ἅρὺ
729 2851 810 2934 ι’μυ-[η
836 2849 912 2918 εἶδος
934 2853 984 2911 τυδ
1007 2846 1127 2933 ἔχοντος
1149 2850 1239 2933 αὑτὴν
1263 2853 1407 2932 σώματος.
1447 2850 1489 2914 ὅτι

240 2956 295 3041 γὰρ
318 2980 337 3039 η
362 2955 443 3040 ψυχὴ
466 2958 551 3017 τοῦτο
573 2954 620 3016 καὶ
642 2952 698 3037 οὐχ
721 2954 820 3021 ἁπλῶς
843 2953 938 3037 ρὺσις,
962 2955 1050 3036 δῆλον
1072 2955 1106 3017 ἐκ
1128 2959 1179 3016 τοὺ
1201 2954 1290 3037 μηδὲν
1312 2958 1370 3015 τῶν
1393 2953 1489 3016 ἄλλων

242 3063 303 3142 ζῆν,
326 3058 346 3121 ἃ
369 3052 554 3141 ὡμολόγηται
576 3056 660 3138 φύσιν
684 3053 791 3140 ἔχοντα
815 3057 855 3139 μὴ
880 3053 958 3141 ἔχειν
981 3059 1087 3141 ψυχήν.
1125 3056 1208 3119 οὐδὲν
1230 3056 1284 3140 γὰρ
1308 3062 1364 3118 τῶν
1388 3057 1489 3119 ἁπλῶν

241 3163 387 3245 σωμάτων
412 3164 464 3244 ζῆν
480 3159 602 3241 λέγεται,
626 3161 666 3226 ὡς
680 3163 731 3220 τοὺ
748 3163 799 3240 ζῆν
814 3158 969 3241 λεγομένου
993 3159 1066 3222 κατδι
1081 3164 1178 3243 ψυχῆς
1193 3159 1361 3242 παρουσίαν.
1399 3161 1491 3223 πάντα

184 3354 202 3400 3
228 3347 333 3419 εὑρέσει]
353 3349 475 3402 Existenz
585 3346 686 3399 10-15
711 3345 929 3414 πᾶν-δέδεκται]
952 3334 1032 3401 Denn'
1044 3350 1073 3401 in
1091 3349 1180 3416 Bezug
1198 3347 1245 3399 auf
1260 3347 1323 3401 alles
1343 3348 1542 3417 Zusammenge-

185 3442 283 3499 ναίετε,
303 3452 392 3489 ποτοπ
412 3437 457 3489 wir
476 3452 565 3504 sagon,
584 3435 644 3487 dass
662 3451 697 3486 ειν
708 3435 857 3489 vorhanden
876 3435 927 3500 sei,
945 3435 998 3487 und
1018 3435 1077 3487 dass
1096 3451 1124 3487 es
1143 3435 1220 3487 wirke
1239 3434 1318 3486 durch
1334 3435 1408 3501 jedes
1427 3436 1471 3488 (lor
1489 3436 1542 3488 bei·

184 3527 238 3577 den
252 3525 346 3592 δίαγε,
364 3540 412 3574 aus
431 3523 513 3575 denen
528 3524 600 3575 seiae
613 3523 881 3591 Zusammensetzung
899 3521 1033 3591 [besteht]‚
1051 3525 1087 3575 ist
1099 3523 1145 3597 αμα
1157 3523 1235 3590 ὓίιιγζ,
1254 3522 1374 3588 νιρδυειίι
1390 3522 1543 3591 jones·[das

185 3609 470 3678 Zusammengesetzte]
495 3615 582 3663 zuerst
603 3612 653 3673 ist,
679 3625 731 3660 was
754 3626 781 3661 es
806 3612 853 3673 ist,
879 3611 934 3661 und
958 3608 1076 3663 wodurch
1101 3626 1129 3661 es
1152 3610 1222 3661 seina
1247 3609 1411 3677 Wirkungen
1439 3611 1543 3676 ausfibt,

186 3699 281 3750 welche
305 3698 423 3750 dasselbe
446 3696 618 3765 specificiren‚
643 3727 675 3734 —
696 3698 770 3765 janes
790 3698 859 3764 Ding
884 3697 1003 3760 (subiect.
1023 3697 1113 3764 repet.)
1137 3696 1172 3748 ist
1196 3696 1289 3749 dessen
1308 3699 1468 3766 Aneignung
1487 3699 1543 3751 und

127 3832 132 3841 .
184 3786 205 3838 F
207 3802 272 3847 orm,
292 3786 345 3837 und
364 3785 411 3837 das
424 3786 502 3853 δίας,
521 3785 647 3837 wodurch⁵
658 3785 732 3852 jones
746 3799 774 3837 so
793 3785 835 3845 ist,
856 3784 901 3836 das
916 3785 986 3852 Ding
1003 3784 1038 3835 ist
1057 3785 1086 3835 in
1104 3783 1156 3835 ihm
1176 3783 1217 3835 die
1231 3783 1297 3850 Hyle
1314 3786 1369 3837 und
1388 3786 1432 3838 der
1446 3787 1544 3854 Triger
1595 3816 1602 3831 ·

183 3873 227 3924 ίιῑε
242 3873 326 3941 Jenes.
364 3873 415 3924 Das
433 3873 511 3940 Ding,
533 3872 652 3924 wodurch
667 3872 741 3942 jones
762 3871 882 3924 zweitens
901 3872 943 3933 ist,
962 3872 996 3921 ist
1015 3870 1061 3922 das
1079 3871 1107 3922 in
1126 3871 1178 3922 ihm
1199 3868 1395 3925 Aufnehmende
1414 3874 1469 3926 und
1488 3873 1543 3937 σοι,

184 3959 307 4012 ευδυιαδ
322 3960 397 4027 J'enes
416 3963 515 4011 erstens
533 3960 581 4023 ist,
606 3960 639 4011 ist
661 3959 716 4023 das,
739 3974 790 4010 was
808 3957 894 4010 dieses
917 3957 1116 4025 aufgenommen
1136 3959 1181 4009 hat
1266 3990 1269 3999 ·
1308 3959 1338 4009 18
1366 3966 1426 4027 post
1444 3960 1543 4028 σώματι

181 4047 272 4117 addit:
291 4046 325 4099 Es
344 4048 378 4098 ist
397 4049 458 4100 aber
475 4053 560 4100 zuerst
579 4048 677 4113 gesnnd
697 4047 777 4098 durch
796 4045 838 4098 die
852 4044 1014 4098 Gesundheit
1032 4046 1086 4097 und
1105 4061 1132 4097 es
1151 4046 1186 4097 ist
1204 4047 1325 4097 zweitens
1344 4048 1444 4113 ρεταινεδ
1463 4048 1541 4101 durch

182 4135 235 4187 den
254 4134 319 4188 Leib
416 4134 561 4187 δδέδεκται
579 4134 609 4185 τὸ
627 4133 713 4202 σῶμα]
732 4134 825 4186 welche
844 4133 889 4185 der
908 4132 971 4184 Leib
990 4147 1180 4199 angenommen
1197 4132 1242 4183 hat
1340 4132 1444 4185 23-‘24
1463 4134 1542 4187 δ-τδ
1597 4184 1601 4189 .

182 4222 278 4274 τοιόνδε
298 4222 383 4290 σῶμα]
402 4222 511 4275 welches
530 4222 574 4273 der
592 4222 738 4273 bestimmte
757 4221 854 4288 Κὺερει
872 4219 1070 4285 aufgenommen
1088 4220 1133 4270 hat
1220 4220 1253 4272 24
1272 4219 1301 4273 τδ
1320 4210 1475 4291 δεδεγμένον]
1496 4211 1542 4275 dits

182 4309 385 4363 Aufnehmendo
480 4310 513 4361 25
532 4314 577 4361 τοῦ
596 4308 699 4382 ἔχοντας
716 4307 795 4376 αὑτὴν
814 4322 864 4359 om.
954 4306 984 4357 27
1006 4306 1022 4356 ἃ
1040 4305 1214 4377 ὡμολόγηται]
1235 4309 1276 4361 bei
1295 4309 1381 4362 denen
1398 4309 1543 4362 vorkommt

184 4465 447 4538 Ικεχιαρισμένηνα
553 4464 755 4534 ’ὶσυγκειμένην
774 4478 858 4515 σακε
963 4461 1033 4513 δᾶν
1052 4462 1107 4532 ἔχοι
1125 4465 1161 4516 V:
1179 4464 1228 4535 ἄρα
1246 4462 1334 4537 ἔχεια
1442 4467 1474 4517 10
1492 4472 1541 4520 πᾶν

181 4556 230 4624 γὰρ
248 4550 318 4620 κτλ]
338 4552 370 4605 cf.
389 4553 468 4620 p.4‚4
565 4551 596 4604 13
614 4553 640 4604 ἐν
659 4548 730 4620 αὑτιγ]
749 4568 834 4604 σακε
931 4552 962 4602 14
981 4549 1106 4602 ἐκείνιυα
1198 4550 1267 4621 αὑτῷ
1287 4554 1394 4621 scripsi:
1413 4552 1483 4623 αὑτιγῖ
1503 4555 1543 4607 Va

184 4641 217 4693 15
234 4644 312 4691 τοῦτο
330 4655 366 4692 sc.
385 4640 402 4708 ἡ
421 4636 467 4708 ὑλη
507 4656 526 4672 ··
574 4638 688 4692 δέδεκται
707 4640 742 4690 δι
760 4638 881 4691 δέδεικται
900 4655 924 4703 a,
942 4652 1007 4690 corr.
1026 4656 1066 4692 ex.
1086 4640 1153 4691 vict.
1263 4638 1354 4709 ὑγιείας
1372 4642 1408 4693 V:
1426 4639 1543 4711 ὑγιίαςα

184 4728 216 4780 16
240 4727 312 4797 ὑγεία
330 4728 371 4779 Vs
403 4768 413 4790 ,
477 4727 508 4778 18
531 4726 641 4779 fortasse
659 4729 697 4795 τῷ
715 4726 821 4794 σώματι.
840 4725 902 4788 (ἔστι
921 4724 947 4776 δὲ
965 4725 1074 4799 πρώτως
1092 4725 1199 4795 ὑγιαῖνον
1217 4730 1251 4797 τῇ
1269 4727 1357 4797 ὑγιείᾳ,
1375 4726 1496 4799 δευτέρως
1515 4728 1541 4780 δὲ

178 4819 219 4883 τῷ
237 4816 349 4883 σώματι)
367 4816 411 4866 καὶ
430 4815 495 4867 ἔστιν
516 4814 549 4866 εί.
568 4816 615 4867 int.
633 4814 705 4867 hebr.
829 4813 842 4866 ὃ
861 4812 983 4881 δέδεκται]
1003 4813 1036 4866 ef.
1054 4814 1105 4866 εἴ)
1129 4813 1235 4866 δτυῦτυ
1254 4813 1367 4867 δέδεκται
1390 4819 1417 4868 et
1434 4832 1458 4866 ν.
1468 4816 1502 4868 23
1527 4813 1540 4866 δ

179 4903 295 4956 δέδεκται
313 4903 343 4954 τὸ
363 4901 458 4956 τοιόνδε
477 4908 550 4970 σῶμα
660 4900 690 4953 19
709 4898 822 4972 δεὺτερσν
841 4900 973 4970 ὑγιαίνηα
1079 4900 1111 4953 24
1131 4900 1287 4970 δεδεγμένον]
1308 4901 1349 4954 διδ
1369 4903 1397 4955 in
1416 4903 1486 4955 ΙΝ
