<?xml version="1.0" encoding="UTF-8"?>
<!DOCTYPE html PUBLIC "-//W3C//DTD XHTML 1.0 Transitional//EN"
    "http://www.w3.org/TR/xhtml1/DTD/xhtml1-transitional.dtd">
<html xmlns="http://www.w3.org/1999/xhtml" xml:lang="en" lang="en">
 <head>
  <title>
</title>
<meta http-equiv="Content-Type" content="text/html;charset=utf-8" />
  <meta name='ocr-system' content='tesseract 3.04.00' />
  <meta name='ocr-capabilities' content='ocr_page ocr_carea ocr_par ocr_line ocrx_word'/>
</head>
<body>
  <div class='ocr_page' id='page_1' title='image "./supplementumari02arisgoog/supplementumari02arisgoog_0254.png"; bbox 0 0 3540 5610; ppageno 0'>
   <div class='ocr_carea' id='block_1_1' title="bbox 604 1512 1163 1579">
    <p class='ocr_par' dir='ltr' id='par_1_1' title="bbox 604 1512 1163 1579">
     <span class='ocr_line' id='line_1_1' title="bbox 604 1512 1163 1579; baseline -0.004 -1"><span class='ocrx_word' id='word_1_1' title='bbox 604 1515 635 1578; x_wconf 88' lang='grc' dir='ltr'>ΙΙ</span> <span class='ocrx_word' id='word_1_2' title='bbox 679 1513 859 1579; x_wconf 82' lang='lat' dir='ltr'>INDEX</span> <span class='ocrx_word' id='word_1_3' title='bbox 895 1512 1163 1579; x_wconf 84' lang='lat' dir='ltr'>NOMINUM</span> 
     </span>
    </p>
   </div>
   <div class='ocr_carea' id='block_1_2' title="bbox 197 1805 860 4322">
    <p class='ocr_par' dir='ltr' id='par_1_2' title="bbox 197 1805 860 3535">
     <span class='ocr_line' id='line_1_2' title="bbox 199 1805 860 1878; baseline -0.005 -16"><span class='ocrx_word' id='word_1_4' title='bbox 199 1807 439 1876; x_wconf 65' lang='grc' dir='ltr'>Ἀκαδημαϊκοί.</span> <span class='ocrx_word' id='word_1_5' title='bbox 455 1805 671 1877; x_wconf 78' lang='grc' dir='ltr'>Ἀκαδημαϊκοῖςη</span> <span class='ocrx_word' id='word_1_6' title='bbox 682 1807 860 1878; x_wconf 77' lang='grc' dir='ltr'>ἀπροσπτωσία</span> 
     </span>
     <span class='ocr_line' id='line_1_3' title="bbox 256 1893 756 1965; baseline -0.004 -17"><span class='ocrx_word' id='word_1_7' title='bbox 256 1893 352 1963; x_wconf 80' lang='grc' dir='ltr'>(ἔδοξεν</span> <span class='ocrx_word' id='word_1_8' title='bbox 370 1894 401 1947; x_wconf 86' lang='grc' dir='ltr'>τὸ</span> <span class='ocrx_word' id='word_1_9' title='bbox 419 1900 520 1965; x_wconf 82' lang='grc' dir='ltr'>πρῶτον</span> <span class='ocrx_word' id='word_1_10' title='bbox 539 1895 642 1961; x_wconf 86' lang='grc' dir='ltr'>οἰκεῖον)</span> <span class='ocrx_word' id='word_1_11' title='bbox 665 1894 756 1958; x_wconf 61' lang='grc'><strong>151185</strong></span> 
     </span>
     <span class='ocr_line' id='line_1_4' title="bbox 197 1980 859 2053; baseline -0.005 -17"><span class='ocrx_word' id='word_1_12' title='bbox 197 1982 409 2052; x_wconf 82' lang='grc' dir='ltr'>Ἀλέξανδρος.</span> <span class='ocrx_word' id='word_1_13' title='bbox 445 1980 527 2051; x_wconf 73' lang='grc' dir='ltr'>τουτιρ</span> <span class='ocrx_word' id='word_1_14' title='bbox 545 1982 562 2051; x_wconf 76' lang='grc' dir='ltr'>ἡ</span> <span class='ocrx_word' id='word_1_15' title='bbox 581 1987 633 2033; x_wconf 86' lang='grc' dir='ltr'>τῶν</span> <span class='ocrx_word' id='word_1_16' title='bbox 656 1982 801 2053; x_wconf 76' lang='grc' dir='ltr'>χρωμέτων</span> <span class='ocrx_word' id='word_1_17' title='bbox 823 1981 859 2033; x_wconf 85' lang='grc' dir='ltr'>αἴ-</span> 
     </span>
     <span class='ocr_line' id='line_1_5' title="bbox 256 2067 859 2140; baseline -0.003 -17"><span class='ocrx_word' id='word_1_18' title='bbox 256 2068 346 2140; x_wconf 88' lang='grc' dir='ltr'>σθησίς</span> <span class='ocrx_word' id='word_1_19' title='bbox 362 2086 391 2120; x_wconf 88' lang='grc' dir='ltr'>τι</span> <span class='ocrx_word' id='word_1_20' title='bbox 410 2070 453 2121; x_wconf 88' lang='grc' dir='ltr'>καί</span> <span class='ocrx_word' id='word_1_21' title='bbox 472 2069 551 2139; x_wconf 89' lang='grc' dir='ltr'>κρίσις</span> <span class='ocrx_word' id='word_1_22' title='bbox 566 2069 665 2138; x_wconf 81' lang='grc' dir='ltr'>γίνεται,</span> <span class='ocrx_word' id='word_1_23' title='bbox 684 2069 720 2126; x_wconf 82' lang='grc' dir='ltr'>ὡς</span> <span class='ocrx_word' id='word_1_24' title='bbox 738 2067 859 2121; x_wconf 74' lang='grc' dir='ltr'>δέδεικται</span> 
     </span>
     <span class='ocr_line' id='line_1_6' title="bbox 254 2154 860 2227; baseline -0.005 -16"><span class='ocrx_word' id='word_1_25' title='bbox 254 2159 288 2211; x_wconf 87' lang='grc' dir='ltr'>έν</span> <span class='ocrx_word' id='word_1_26' title='bbox 309 2164 374 2215; x_wconf 86' lang='grc' dir='ltr'>τοῖς</span> <span class='ocrx_word' id='word_1_27' title='bbox 396 2156 464 2227; x_wconf 83' lang='grc' dir='ltr'>περὶ</span> <span class='ocrx_word' id='word_1_28' title='bbox 485 2160 539 2208; x_wconf 81' lang='grc' dir='ltr'>τοῦ</span> <span class='ocrx_word' id='word_1_29' title='bbox 562 2162 626 2214; x_wconf 81' lang='grc' dir='ltr'>πῶς</span> <span class='ocrx_word' id='word_1_30' title='bbox 649 2154 769 2225; x_wconf 81' lang='grc' dir='ltr'>δρῶμεν</span> <span class='ocrx_word' id='word_1_31' title='bbox 792 2157 860 2225; x_wconf 77' lang='grc' dir='ltr'>ἐξη-</span> 
     </span>
     <span class='ocr_line' id='line_1_7' title="bbox 254 2242 859 2315; baseline -0.003 -17"><span class='ocrx_word' id='word_1_32' title='bbox 254 2246 407 2315; x_wconf 87' lang='grc' dir='ltr'>τημένοις</span> <span class='ocrx_word' id='word_1_33' title='bbox 419 2243 451 2295; x_wconf 84' lang='grc' dir='ltr'>εί.</span> <span class='ocrx_word' id='word_1_34' title='bbox 465 2243 525 2295; x_wconf 79' lang='grc' dir='ltr'>ειίτι.</span> <span class='ocrx_word' id='word_1_35' title='bbox 538 2244 579 2295; x_wconf 84' lang='lat' dir='ltr'>ad.</span> <span class='ocrx_word' id='word_1_36' title='bbox 592 2243 671 2306; x_wconf 81' lang='lat'><strong>43‚15</strong></span> <span class='ocrx_word' id='word_1_37' title='bbox 698 2249 754 2300; x_wconf 81' lang='grc' dir='ltr'>πῶς</span> <span class='ocrx_word' id='word_1_38' title='bbox 766 2281 772 2294; x_wconf 87' lang='grc'><em>.</em></span> <span class='ocrx_word' id='word_1_39' title='bbox 784 2281 790 2295; x_wconf 93' lang='grc'><strong><em>.</em></strong></span> <span class='ocrx_word' id='word_1_40' title='bbox 803 2242 859 2314; x_wconf 79' lang='grc' dir='ltr'>δρᾶ-</span> 
     </span>
     <span class='ocr_line' id='line_1_8' title="bbox 254 2327 860 2403; baseline -0.005 -18"><span class='ocrx_word' id='word_1_41' title='bbox 254 2350 297 2385; x_wconf 85' lang='grc' dir='ltr'>ται</span> <span class='ocrx_word' id='word_1_42' title='bbox 315 2329 372 2397; x_wconf 73' lang='grc' dir='ltr'>1όσα</span> <span class='ocrx_word' id='word_1_43' title='bbox 391 2332 495 2389; x_wconf 88' lang='grc' dir='ltr'>σκότους</span> <span class='ocrx_word' id='word_1_44' title='bbox 513 2327 655 2403; x_wconf 81' lang='grc' dir='ltr'>δρᾶται)..,</span> <span class='ocrx_word' id='word_1_45' title='bbox 678 2330 773 2387; x_wconf 88' lang='grc' dir='ltr'>ἐντοῖς</span> <span class='ocrx_word' id='word_1_46' title='bbox 791 2331 860 2402; x_wconf 80' lang='grc' dir='ltr'>περὶ</span> 
     </span>
     <span class='ocr_line' id='line_1_9' title="bbox 254 2416 860 2491; baseline -0.002 -20"><span class='ocrx_word' id='word_1_47' title='bbox 254 2424 311 2472; x_wconf 77' lang='grc' dir='ltr'>τοῦ</span> <span class='ocrx_word' id='word_1_48' title='bbox 335 2424 398 2477; x_wconf 86' lang='grc' dir='ltr'>πῶς</span> <span class='ocrx_word' id='word_1_49' title='bbox 422 2417 543 2491; x_wconf 82' lang='grc' dir='ltr'>ὁρῶμεν</span> <span class='ocrx_word' id='word_1_50' title='bbox 567 2416 661 2489; x_wconf 83' lang='grc' dir='ltr'>εἴρηται</span> <span class='ocrx_word' id='word_1_51' title='bbox 684 2417 766 2481; x_wconf 81' lang='grc'><strong>43,18</strong></span> <span class='ocrx_word' id='word_1_52' title='bbox 805 2424 860 2476; x_wconf 86' lang='grc' dir='ltr'>πῶς</span> 
     </span>
     <span class='ocr_line' id='line_1_10' title="bbox 256 2503 858 2576; baseline -0.002 -17"><span class='ocrx_word' id='word_1_53' title='bbox 256 2506 306 2559; x_wconf 76' lang='grc' dir='ltr'>οδκ</span> <span class='ocrx_word' id='word_1_54' title='bbox 325 2505 419 2558; x_wconf 82' lang='grc' dir='ltr'>ἄτοπον</span> <span class='ocrx_word' id='word_1_55' title='bbox 437 2507 481 2558; x_wconf 84' lang='grc' dir='ltr'>καὶ</span> <span class='ocrx_word' id='word_1_56' title='bbox 498 2505 528 2558; x_wconf 88' lang='grc' dir='ltr'>τὸ</span> <span class='ocrx_word' id='word_1_57' title='bbox 541 2504 585 2558; x_wconf 84' lang='grc' dir='ltr'>τὸν</span> <span class='ocrx_word' id='word_1_58' title='bbox 602 2503 799 2576; x_wconf 78' lang='grc' dir='ltr'>πεπληρωμένον</span> <span class='ocrx_word' id='word_1_59' title='bbox 818 2506 858 2558; x_wconf 89' lang='grc' dir='ltr'>τό-</span> 
     </span>
     <span class='ocr_line' id='line_1_11' title="bbox 255 2591 858 2661; baseline -0.002 -15"><span class='ocrx_word' id='word_1_60' title='bbox 255 2611 306 2646; x_wconf 91' lang='grc' dir='ltr'>πον</span> <span class='ocrx_word' id='word_1_61' title='bbox 330 2592 378 2646; x_wconf 75' lang='grc' dir='ltr'>ὑπὸ</span> <span class='ocrx_word' id='word_1_62' title='bbox 402 2591 520 2660; x_wconf 80' lang='grc' dir='ltr'>σώματός</span> <span class='ocrx_word' id='word_1_63' title='bbox 545 2610 609 2650; x_wconf 89' lang='grc' dir='ltr'>τινος</span> <span class='ocrx_word' id='word_1_64' title='bbox 636 2591 715 2661; x_wconf 91' lang='grc' dir='ltr'>λέγειν</span> <span class='ocrx_word' id='word_1_65' title='bbox 739 2591 858 2645; x_wconf 72' lang='grc' dir='ltr'>δύνασθαι</span> 
     </span>
     <span class='ocr_line' id='line_1_12' title="bbox 255 2677 859 2747; baseline 0 -15"><span class='ocrx_word' id='word_1_66' title='bbox 255 2682 301 2732; x_wconf 79' lang='grc' dir='ltr'>καὶ</span> <span class='ocrx_word' id='word_1_67' title='bbox 323 2679 385 2732; x_wconf 78' lang='grc' dir='ltr'>α’λλο</span> <span class='ocrx_word' id='word_1_68' title='bbox 412 2698 436 2732; x_wconf 91' lang='grc' dir='ltr'>τι</span> <span class='ocrx_word' id='word_1_69' title='bbox 460 2684 535 2747; x_wconf 85' lang='grc' dir='ltr'>σῶμα</span> <span class='ocrx_word' id='word_1_70' title='bbox 558 2677 675 2739; x_wconf 86' lang='grc' dir='ltr'>δέξασθαι</span> <span class='ocrx_word' id='word_1_71' title='bbox 693 2718 766 2746; x_wconf 82' lang='grc'><strong>.....</strong></span> <span class='ocrx_word' id='word_1_72' title='bbox 795 2680 859 2732; x_wconf 77' lang='grc' dir='ltr'>ἀλλὰ</span> 
     </span>
     <span class='ocr_line' id='line_1_13' title="bbox 255 2765 859 2841; baseline -0.002 -21"><span class='ocrx_word' id='word_1_73' title='bbox 255 2769 313 2841; x_wconf 79' lang='grc' dir='ltr'>περὶ</span> <span class='ocrx_word' id='word_1_74' title='bbox 326 2768 372 2836; x_wconf 77' lang='grc' dir='ltr'>μέν</span> <span class='ocrx_word' id='word_1_75' title='bbox 390 2770 436 2837; x_wconf 79' lang='grc' dir='ltr'>τῆς</span> <span class='ocrx_word' id='word_1_76' title='bbox 448 2765 539 2818; x_wconf 74' lang='grc' dir='ltr'>τοὺτου</span> <span class='ocrx_word' id='word_1_77' title='bbox 557 2771 601 2818; x_wconf 80' lang='grc' dir='ltr'>τοῦ</span> <span class='ocrx_word' id='word_1_78' title='bbox 614 2766 737 2835; x_wconf 85' lang='grc' dir='ltr'>δόγματος</span> <span class='ocrx_word' id='word_1_79' title='bbox 755 2768 859 2826; x_wconf 77' lang='grc' dir='ltr'>ἀτοπίας</span> 
     </span>
     <span class='ocr_line' id='line_1_14' title="bbox 255 2853 857 2926; baseline 0 -19"><span class='ocrx_word' id='word_1_80' title='bbox 255 2857 287 2908; x_wconf 86' lang='grc' dir='ltr'>ἐν</span> <span class='ocrx_word' id='word_1_81' title='bbox 312 2854 419 2912; x_wconf 79' lang='grc' dir='ltr'>ἄλλοις</span> <span class='ocrx_word' id='word_1_82' title='bbox 442 2853 501 2922; x_wconf 75' lang='grc' dir='ltr'>ἡμῖν</span> <span class='ocrx_word' id='word_1_83' title='bbox 529 2854 569 2906; x_wconf 82' lang='grc' dir='ltr'>ἐπὶ</span> <span class='ocrx_word' id='word_1_84' title='bbox 596 2853 680 2906; x_wconf 89' lang='grc' dir='ltr'>πλεῖον</span> <span class='ocrx_word' id='word_1_85' title='bbox 703 2855 798 2926; x_wconf 81' lang='grc' dir='ltr'>εἴρηται</span> <span class='ocrx_word' id='word_1_86' title='bbox 826 2857 857 2907; x_wconf 77' lang='grc' dir='ltr'>εί.</span> 
     </span>
     <span class='ocr_line' id='line_1_15' title="bbox 255 2940 859 3013; baseline -0.002 -18"><span class='ocrx_word' id='word_1_87' title='bbox 255 2943 344 3008; x_wconf 58' lang='grc'><strong>2618</strong></span> <span class='ocrx_word' id='word_1_88' title='bbox 370 2942 431 2994; x_wconf 82' lang='lat' dir='ltr'><strong>adn.</strong></span> <span class='ocrx_word' id='word_1_89' title='bbox 471 2941 508 2993; x_wconf 78' lang='grc' dir='ltr'>ἐτι</span> <span class='ocrx_word' id='word_1_90' title='bbox 531 2940 612 2994; x_wconf 83' lang='grc' dir='ltr'>πολλὰ</span> <span class='ocrx_word' id='word_1_91' title='bbox 640 2941 669 2994; x_wconf 79' lang='grc' dir='ltr'>ἂν</span> <span class='ocrx_word' id='word_1_92' title='bbox 692 2942 729 3013; x_wconf 88' lang='grc' dir='ltr'>είη</span> <span class='ocrx_word' id='word_1_93' title='bbox 753 2943 859 3011; x_wconf 81' lang='grc' dir='ltr'>σώματα</span> 
     </span>
     <span class='ocr_line' id='line_1_16' title="bbox 255 3027 859 3099; baseline 0 -18"><span class='ocrx_word' id='word_1_94' title='bbox 255 3030 282 3081; x_wconf 82' lang='grc' dir='ltr'>ἐν</span> <span class='ocrx_word' id='word_1_95' title='bbox 307 3032 345 3098; x_wconf 76' lang='grc' dir='ltr'>τῷ</span> <span class='ocrx_word' id='word_1_96' title='bbox 370 3027 448 3099; x_wconf 76' lang='grc' dir='ltr'>αίιτῴ.</span> <span class='ocrx_word' id='word_1_97' title='bbox 484 3034 559 3081; x_wconf 71' lang='grc' dir='ltr'>τοῦτο</span> <span class='ocrx_word' id='word_1_98' title='bbox 583 3028 607 3081; x_wconf 82' lang='grc' dir='ltr'>δ’</span> <span class='ocrx_word' id='word_1_99' title='bbox 628 3027 665 3081; x_wconf 85' lang='grc' dir='ltr'>ότι</span> <span class='ocrx_word' id='word_1_100' title='bbox 688 3028 810 3082; x_wconf 67' lang='grc' dir='ltr'>ἀδύνατον</span> <span class='ocrx_word' id='word_1_101' title='bbox 829 3033 859 3082; x_wconf 82' lang='grc' dir='ltr'>ἐν</span> 
     </span>
     <span class='ocr_line' id='line_1_17' title="bbox 254 3114 859 3189; baseline 0.003 -22"><span class='ocrx_word' id='word_1_102' title='bbox 254 3114 363 3172; x_wconf 74' lang='grc' dir='ltr'>ἄλλοις</span> <span class='ocrx_word' id='word_1_103' title='bbox 381 3115 507 3184; x_wconf 76' lang='grc' dir='ltr'>ἐδείξαμεν</span> <span class='ocrx_word' id='word_1_104' title='bbox 528 3115 622 3181; x_wconf 78' lang='lat'>123,13</span> <span class='ocrx_word' id='word_1_105' title='bbox 652 3117 680 3169; x_wconf 87' lang='grc' dir='ltr'>τὸ</span> <span class='ocrx_word' id='word_1_106' title='bbox 700 3118 796 3189; x_wconf 87' lang='grc' dir='ltr'>σπέρμα</span> <span class='ocrx_word' id='word_1_107' title='bbox 814 3122 859 3189; x_wconf 78' lang='grc' dir='ltr'>τῆς</span> 
     </span>
     <span class='ocr_line' id='line_1_18' title="bbox 258 3202 860 3274; baseline 0.002 -18"><span class='ocrx_word' id='word_1_108' title='bbox 258 3204 367 3273; x_wconf 76' lang='grc' dir='ltr'>ἐσχάτης</span> <span class='ocrx_word' id='word_1_109' title='bbox 385 3207 480 3273; x_wconf 80' lang='grc' dir='ltr'>τροφῆς</span> <span class='ocrx_word' id='word_1_110' title='bbox 499 3202 653 3274; x_wconf 89' lang='grc' dir='ltr'>περίττωμα,</span> <span class='ocrx_word' id='word_1_111' title='bbox 678 3203 713 3263; x_wconf 81' lang='grc' dir='ltr'>ὡς</span> <span class='ocrx_word' id='word_1_112' title='bbox 732 3205 758 3256; x_wconf 89' lang='grc' dir='ltr'>ἐν</span> <span class='ocrx_word' id='word_1_113' title='bbox 776 3204 860 3264; x_wconf 79' lang='grc' dir='ltr'>ἄλλοις</span> 
     </span>
     <span class='ocr_line' id='line_1_19' title="bbox 255 3289 859 3361; baseline 0.002 -18"><span class='ocrx_word' id='word_1_114' title='bbox 255 3289 380 3344; x_wconf 73' lang='grc' dir='ltr'>δέδεικται</span> <span class='ocrx_word' id='word_1_115' title='bbox 398 3289 459 3357; x_wconf 81' lang='grc'>36,4</span> <span class='ocrx_word' id='word_1_116' title='bbox 495 3290 524 3343; x_wconf 85' lang='grc' dir='ltr'>τὸ</span> <span class='ocrx_word' id='word_1_117' title='bbox 544 3291 590 3359; x_wconf 85' lang='grc' dir='ltr'>μέν</span> <span class='ocrx_word' id='word_1_118' title='bbox 606 3291 703 3361; x_wconf 78' lang='grc' dir='ltr'>μνήμη,</span> <span class='ocrx_word' id='word_1_119' title='bbox 721 3290 750 3344; x_wconf 86' lang='grc' dir='ltr'>τὸ</span> <span class='ocrx_word' id='word_1_120' title='bbox 763 3291 789 3343; x_wconf 84' lang='grc' dir='ltr'>δέ</span> <span class='ocrx_word' id='word_1_121' title='bbox 800 3291 859 3345; x_wconf 81' lang='grc' dir='ltr'>ἀνοί-</span> 
     </span>
     <span class='ocr_line' id='line_1_20' title="bbox 256 3377 860 3452; baseline 0.003 -22"><span class='ocrx_word' id='word_1_122' title='bbox 256 3379 344 3446; x_wconf 88' lang='grc' dir='ltr'>μνησίς</span> <span class='ocrx_word' id='word_1_123' title='bbox 372 3379 431 3430; x_wconf 82' lang='grc' dir='ltr'>ἐστι.</span> <span class='ocrx_word' id='word_1_124' title='bbox 472 3377 508 3429; x_wconf 84' lang='grc' dir='ltr'>ὧν</span> <span class='ocrx_word' id='word_1_125' title='bbox 536 3379 592 3451; x_wconf 79' lang='grc' dir='ltr'>περὶ</span> <span class='ocrx_word' id='word_1_126' title='bbox 618 3382 664 3448; x_wconf 84' lang='grc' dir='ltr'>τῆς</span> <span class='ocrx_word' id='word_1_127' title='bbox 689 3378 808 3452; x_wconf 82' lang='grc' dir='ltr'>διαφορᾶς</span> <span class='ocrx_word' id='word_1_128' title='bbox 834 3381 860 3432; x_wconf 88' lang='grc' dir='ltr'>ἐν</span> 
     </span>
     <span class='ocr_line' id='line_1_21' title="bbox 256 3464 552 3535; baseline 0.003 -19"><span class='ocrx_word' id='word_1_129' title='bbox 256 3464 342 3522; x_wconf 81' lang='grc' dir='ltr'>ἄλλοις</span> <span class='ocrx_word' id='word_1_130' title='bbox 359 3464 455 3535; x_wconf 89' lang='grc' dir='ltr'>είρηται</span> <span class='ocrx_word' id='word_1_131' title='bbox 473 3465 552 3529; x_wconf 59' lang='grc'><strong>6930</strong></span> 
     </span>
    </p>

    <p class='ocr_par' dir='ltr' id='par_1_3' title="bbox 198 3551 859 4146">
     <span class='ocr_line' id='line_1_22' title="bbox 198 3551 859 3627; baseline 0.002 -22"><span class='ocrx_word' id='word_1_132' title='bbox 198 3551 416 3624; x_wconf 71' lang='grc' dir='ltr'>Ἀναξαγόρας.</span> <span class='ocrx_word' id='word_1_133' title='bbox 452 3551 517 3622; x_wconf 87' lang='grc' dir='ltr'>λέγει</span> <span class='ocrx_word' id='word_1_134' title='bbox 535 3552 612 3624; x_wconf 81' lang='grc' dir='ltr'>μηδὲν</span> <span class='ocrx_word' id='word_1_135' title='bbox 631 3552 693 3606; x_wconf 84' lang='grc' dir='ltr'>είναι</span> <span class='ocrx_word' id='word_1_136' title='bbox 709 3555 757 3624; x_wconf 80' lang='grc' dir='ltr'>τὴν</span> <span class='ocrx_word' id='word_1_137' title='bbox 776 3555 859 3627; x_wconf 80' lang='grc' dir='ltr'>είμαρ·</span> 
     </span>
     <span class='ocr_line' id='line_1_23' title="bbox 255 3637 858 3709; baseline 0.01 -20"><span class='ocrx_word' id='word_1_138' title='bbox 255 3641 334 3709; x_wconf 81' lang='grc' dir='ltr'>μένην</span> <span class='ocrx_word' id='word_1_139' title='bbox 352 3637 432 3704; x_wconf 74' lang='grc' dir='ltr'>ὅλως,</span> <span class='ocrx_word' id='word_1_140' title='bbox 455 3639 508 3692; x_wconf 81' lang='grc' dir='ltr'>ἀλλ’</span> <span class='ocrx_word' id='word_1_141' title='bbox 529 3640 591 3693; x_wconf 85' lang='grc' dir='ltr'>εἰναι</span> <span class='ocrx_word' id='word_1_142' title='bbox 614 3640 687 3694; x_wconf 90' lang='grc' dir='ltr'>κενδν</span> <span class='ocrx_word' id='word_1_143' title='bbox 709 3645 784 3695; x_wconf 80' lang='grc' dir='ltr'>τοῦτο</span> <span class='ocrx_word' id='word_1_144' title='bbox 802 3640 858 3695; x_wconf 50' lang='grc' dir='ltr'>τοίω</span> 
     </span>
     <span class='ocr_line' id='line_1_24' title="bbox 255 3726 857 3800; baseline 0.01 -23"><span class='ocrx_word' id='word_1_145' title='bbox 255 3745 319 3795; x_wconf 89' lang='grc' dir='ltr'>νομα</span> <span class='ocrx_word' id='word_1_146' title='bbox 340 3726 433 3794; x_wconf 60' lang='grc'><strong>17938</strong></span> <span class='ocrx_word' id='word_1_147' title='bbox 464 3734 517 3786; x_wconf 88' lang='grc' dir='ltr'>τοῖς</span> <span class='ocrx_word' id='word_1_148' title='bbox 534 3726 616 3788; x_wconf 81' lang='grc' dir='ltr'>οὕτως</span> <span class='ocrx_word' id='word_1_149' title='bbox 632 3728 744 3798; x_wconf 90' lang='grc' dir='ltr'>λέγουσιν</span> <span class='ocrx_word' id='word_1_150' title='bbox 763 3730 857 3800; x_wconf 79' lang='grc' dir='ltr'>συμβή-</span> 
     </span>
     <span class='ocr_line' id='line_1_25' title="bbox 255 3814 857 3888; baseline 0.005 -22"><span class='ocrx_word' id='word_1_151' title='bbox 255 3829 323 3866; x_wconf 87' lang='grc' dir='ltr'>σεται</span> <span class='ocrx_word' id='word_1_152' title='bbox 346 3817 414 3867; x_wconf 80' lang='grc' dir='ltr'>κατὰ</span> <span class='ocrx_word' id='word_1_153' title='bbox 436 3815 482 3873; x_wconf 81' lang='grc' dir='ltr'>τὰς</span> <span class='ocrx_word' id='word_1_154' title='bbox 504 3814 676 3888; x_wconf 74' lang='grc' dir='ltr'>ὁμοιομερείας</span> <span class='ocrx_word' id='word_1_155' title='bbox 697 3818 742 3875; x_wconf 84' lang='grc' dir='ltr'>τὰς</span> <span class='ocrx_word' id='word_1_156' title='bbox 759 3815 857 3876; x_wconf 88' lang='grc' dir='ltr'>Ἀναξα-</span> 
     </span>
     <span class='ocr_line' id='line_1_26' title="bbox 254 3901 858 3975; baseline 0.007 -23"><span class='ocrx_word' id='word_1_157' title='bbox 254 3901 330 3972; x_wconf 89' lang='grc' dir='ltr'>γόρου</span> <span class='ocrx_word' id='word_1_158' title='bbox 347 3903 395 3972; x_wconf 73' lang='grc' dir='ltr'>τὴν</span> <span class='ocrx_word' id='word_1_159' title='bbox 413 3903 507 3972; x_wconf 90' lang='grc' dir='ltr'>γένεσιν</span> <span class='ocrx_word' id='word_1_160' title='bbox 525 3905 591 3956; x_wconf 79' lang='grc' dir='ltr'>κατὰ</span> <span class='ocrx_word' id='word_1_161' title='bbox 613 3903 736 3975; x_wconf 83' lang='grc' dir='ltr'>σιίγκρισιν</span> <span class='ocrx_word' id='word_1_162' title='bbox 754 3906 797 3957; x_wconf 87' lang='grc' dir='ltr'>καὶ</span> <span class='ocrx_word' id='word_1_163' title='bbox 816 3904 858 3956; x_wconf 81' lang='grc' dir='ltr'>ἔκ-</span> 
     </span>
     <span class='ocr_line' id='line_1_27' title="bbox 254 3990 858 4061; baseline 0.008 -22"><span class='ocrx_word' id='word_1_164' title='bbox 254 4004 335 4061; x_wconf 87' lang='grc' dir='ltr'>κρισιν</span> <span class='ocrx_word' id='word_1_165' title='bbox 365 3995 419 4041; x_wconf 86' lang='grc' dir='ltr'>τῶν</span> <span class='ocrx_word' id='word_1_166' title='bbox 449 3990 580 4061; x_wconf 76' lang='grc' dir='ltr'>στοιχείων</span> <span class='ocrx_word' id='word_1_167' title='bbox 611 3990 701 4061; x_wconf 88' lang='grc' dir='ltr'>λέγειν,</span> <span class='ocrx_word' id='word_1_168' title='bbox 732 3991 762 4044; x_wconf 82' lang='grc' dir='ltr'>οδ</span> <span class='ocrx_word' id='word_1_169' title='bbox 793 3993 858 4044; x_wconf 84' lang='grc' dir='ltr'>κατὰ</span> 
     </span>
     <span class='ocr_line' id='line_1_28' title="bbox 256 4075 517 4146; baseline 0.015 -19"><span class='ocrx_word' id='word_1_170' title='bbox 256 4075 401 4146; x_wconf 70' lang='grc' dir='ltr'>μεταβολήν</span> <span class='ocrx_word' id='word_1_171' title='bbox 423 4078 517 4143; x_wconf 73' lang='lat'>125‚34</span> 
     </span>
    </p>

    <p class='ocr_par' dir='ltr' id='par_1_4' title="bbox 202 4161 858 4322">
     <span class='ocr_line' id='line_1_29' title="bbox 202 4161 858 4237; baseline 0.003 -20"><span class='ocrx_word' id='word_1_172' title='bbox 202 4161 423 4235; x_wconf 79' lang='grc' dir='ltr'>Ἀριστοτέλης.</span> <span class='ocrx_word' id='word_1_173' title='bbox 453 4165 485 4217; x_wconf 82' lang='grc' dir='ltr'>τὰ</span> <span class='ocrx_word' id='word_1_174' title='bbox 497 4162 679 4237; x_wconf 86' lang='grc' dir='ltr'>Ἀριστοτέλους</span> <span class='ocrx_word' id='word_1_175' title='bbox 692 4165 858 4236; x_wconf 81' lang='grc' dir='ltr'>πρεσβεόομεν</span> 
     </span>
     <span class='ocr_line' id='line_1_30' title="bbox 255 4248 858 4322; baseline 0.007 -20"><span class='ocrx_word' id='word_1_176' title='bbox 255 4248 425 4322; x_wconf 74' lang='grc' dir='ltr'>ἀληθεστέρας</span> <span class='ocrx_word' id='word_1_177' title='bbox 443 4250 576 4321; x_wconf 75' lang='grc' dir='ltr'>ἡγούμενοι</span> <span class='ocrx_word' id='word_1_178' title='bbox 594 4253 639 4311; x_wconf 83' lang='grc' dir='ltr'>τὰς</span> <span class='ocrx_word' id='word_1_179' title='bbox 656 4251 701 4305; x_wconf 74' lang='grc' dir='ltr'>ὑπ’</span> <span class='ocrx_word' id='word_1_180' title='bbox 717 4253 793 4306; x_wconf 71' lang='grc' dir='ltr'>αὑτοῦ</span> <span class='ocrx_word' id='word_1_181' title='bbox 812 4272 858 4306; x_wconf 90' lang='grc' dir='ltr'>ποι-</span> 
     </span>
    </p>
   </div>
   <div class='ocr_carea' id='block_1_3' title="bbox 252 4335 858 4934">
    <p class='ocr_par' dir='ltr' id='par_1_5' title="bbox 252 4335 858 4934">
     <span class='ocr_line' id='line_1_31' title="bbox 256 4335 858 4413; baseline 0.005 -24"><span class='ocrx_word' id='word_1_182' title='bbox 256 4337 422 4410; x_wconf 84' lang='grc' dir='ltr'>ραδεδομένας</span> <span class='ocrx_word' id='word_1_183' title='bbox 445 4335 518 4398; x_wconf 86' lang='grc' dir='ltr'>δόξας</span> <span class='ocrx_word' id='word_1_184' title='bbox 536 4345 589 4392; x_wconf 84' lang='grc' dir='ltr'>τῶν</span> <span class='ocrx_word' id='word_1_185' title='bbox 611 4339 695 4398; x_wconf 79' lang='grc' dir='ltr'>ἄλλοις</span> <span class='ocrx_word' id='word_1_186' title='bbox 718 4342 858 4413; x_wconf 76' lang='grc' dir='ltr'>εἰρημένων</span> 
     </span>
     <span class='ocr_line' id='line_1_32' title="bbox 255 4424 857 4500; baseline 0.005 -22"><span class='ocrx_word' id='word_1_187' title='bbox 255 4426 299 4490; x_wconf 72' lang='lat'>2‚4</span> <span class='ocrx_word' id='word_1_188' title='bbox 327 4425 398 4499; x_wconf 77' lang='grc' dir='ltr'>ψυχὴ</span> <span class='ocrx_word' id='word_1_189' title='bbox 416 4424 480 4484; x_wconf 87' lang='grc' dir='ltr'>είδος</span> <span class='ocrx_word' id='word_1_190' title='bbox 498 4425 559 4480; x_wconf 82' lang='grc' dir='ltr'>οὖσα</span> <span class='ocrx_word' id='word_1_191' title='bbox 571 4427 696 4480; x_wconf 76' lang='grc' dir='ltr'>δείκνυται</span> <span class='ocrx_word' id='word_1_192' title='bbox 714 4430 781 4500; x_wconf 85' lang='grc' dir='ltr'>παρὰ</span> <span class='ocrx_word' id='word_1_193' title='bbox 798 4426 857 4499; x_wconf 91' lang='grc' dir='ltr'>Ἀρι-</span> 
     </span>
     <span class='ocr_line' id='line_1_33' title="bbox 254 4511 858 4587; baseline 0 -21"><span class='ocrx_word' id='word_1_194' title='bbox 254 4511 388 4570; x_wconf 84' lang='grc' dir='ltr'>στοτέλους</span> <span class='ocrx_word' id='word_1_195' title='bbox 416 4513 513 4579; x_wconf 59' lang='grc'><strong>11337</strong></span> <span class='ocrx_word' id='word_1_196' title='bbox 550 4512 607 4573; x_wconf 81' lang='grc' dir='ltr'>ἐθος</span> <span class='ocrx_word' id='word_1_197' title='bbox 629 4513 788 4587; x_wconf 89' lang='grc' dir='ltr'>Ἀριστοτέλει</span> <span class='ocrx_word' id='word_1_198' title='bbox 811 4517 858 4585; x_wconf 78' lang='grc' dir='ltr'>τὴν</span> 
     </span>
     <span class='ocr_line' id='line_1_34' title="bbox 253 4599 857 4672; baseline 0 -18"><span class='ocrx_word' id='word_1_199' title='bbox 253 4599 400 4670; x_wconf 76' lang='grc' dir='ltr'>τελειότητα</span> <span class='ocrx_word' id='word_1_200' title='bbox 430 4603 474 4653; x_wconf 85' lang='grc' dir='ltr'>καί</span> <span class='ocrx_word' id='word_1_201' title='bbox 500 4600 653 4672; x_wconf 71' lang='grc' dir='ltr'>ἐντελέχειαν</span> <span class='ocrx_word' id='word_1_202' title='bbox 680 4601 758 4671; x_wconf 88' lang='grc' dir='ltr'>λέγειν</span> <span class='ocrx_word' id='word_1_203' title='bbox 791 4601 857 4667; x_wconf 85' lang='grc'><strong>16,5</strong></span> 
     </span>
     <span class='ocr_line' id='line_1_35' title="bbox 252 4687 857 4763; baseline 0 -23"><span class='ocrx_word' id='word_1_204' title='bbox 252 4688 283 4740; x_wconf 83' lang='grc' dir='ltr'>τὸ</span> <span class='ocrx_word' id='word_1_205' title='bbox 301 4689 364 4748; x_wconf 80' lang='grc' dir='ltr'>εἶδος</span> <span class='ocrx_word' id='word_1_206' title='bbox 382 4687 527 4759; x_wconf 80' lang='grc' dir='ltr'>τελειότητό</span> <span class='ocrx_word' id='word_1_207' title='bbox 549 4707 577 4741; x_wconf 91' lang='grc' dir='ltr'>τε</span> <span class='ocrx_word' id='word_1_208' title='bbox 601 4690 643 4742; x_wconf 89' lang='grc' dir='ltr'>καί</span> <span class='ocrx_word' id='word_1_209' title='bbox 666 4689 821 4763; x_wconf 76' lang='grc' dir='ltr'>ἐντελέχειαν</span> <span class='ocrx_word' id='word_1_210' title='bbox 844 4687 857 4740; x_wconf 84' lang='grc' dir='ltr'>δ</span> 
     </span>
     <span class='ocr_line' id='line_1_36' title="bbox 252 4774 858 4846; baseline -0.002 -18"><span class='ocrx_word' id='word_1_211' title='bbox 252 4774 422 4846; x_wconf 84' lang='grc' dir='ltr'>Ἀριστοτέλης</span> <span class='ocrx_word' id='word_1_212' title='bbox 450 4775 514 4845; x_wconf 81' lang='grc' dir='ltr'>λέγει</span> <span class='ocrx_word' id='word_1_213' title='bbox 544 4775 629 4840; x_wconf 84' lang='grc'><strong>103,4</strong></span> <span class='ocrx_word' id='word_1_214' title='bbox 670 4776 699 4830; x_wconf 82' lang='grc' dir='ltr'>τό</span> <span class='ocrx_word' id='word_1_215' title='bbox 727 4776 858 4845; x_wconf 71' lang='grc' dir='ltr'>ὀργανικὸν</span> 
     </span>
     <span class='ocr_line' id='line_1_37' title="bbox 254 4863 857 4934; baseline -0.003 -18"><span class='ocrx_word' id='word_1_216' title='bbox 254 4870 330 4932; x_wconf 84' lang='grc' dir='ltr'>σῶμα</span> <span class='ocrx_word' id='word_1_217' title='bbox 353 4864 397 4916; x_wconf 88' lang='grc' dir='ltr'>καί</span> <span class='ocrx_word' id='word_1_218' title='bbox 421 4863 522 4932; x_wconf 78' lang='grc' dir='ltr'>δυνάμει</span> <span class='ocrx_word' id='word_1_219' title='bbox 543 4864 613 4933; x_wconf 80' lang='grc' dir='ltr'>ζωὴν</span> <span class='ocrx_word' id='word_1_220' title='bbox 636 4864 702 4934; x_wconf 89' lang='grc' dir='ltr'>έχειν</span> <span class='ocrx_word' id='word_1_221' title='bbox 729 4864 793 4933; x_wconf 85' lang='grc' dir='ltr'>λέγει</span> <span class='ocrx_word' id='word_1_222' title='bbox 821 4867 857 4932; x_wconf 82' lang='grc' dir='ltr'>τῷ</span> 
     </span>
    </p>
   </div>
   <div class='ocr_carea' id='block_1_4' title="bbox 959 1801 1565 1876">
    <p class='ocr_par' dir='ltr' id='par_1_6' title="bbox 959 1801 1565 1876">
     <span class='ocr_line' id='line_1_38' title="bbox 959 1801 1565 1876; baseline -0.008 -19"><span class='ocrx_word' id='word_1_223' title='bbox 959 1805 1074 1873; x_wconf 75' lang='grc' dir='ltr'>“δυνιίμει</span> <span class='ocrx_word' id='word_1_224' title='bbox 1095 1805 1163 1874; x_wconf 79' lang='grc' dir='ltr'>ζωὴν</span> <span class='ocrx_word' id='word_1_225' title='bbox 1183 1803 1256 1876; x_wconf 75' lang='grc' dir='ltr'>ἔχω’</span> <span class='ocrx_word' id='word_1_226' title='bbox 1277 1805 1332 1855; x_wconf 81' lang='grc' dir='ltr'>ἀντι</span> <span class='ocrx_word' id='word_1_227' title='bbox 1352 1807 1397 1855; x_wconf 82' lang='grc' dir='ltr'>τοῦ</span> <span class='ocrx_word' id='word_1_228' title='bbox 1417 1801 1565 1869; x_wconf 66' lang='grc' dir='ltr'>“δυνοὶμενον</span> 
     </span>
    </p>
   </div>
   <div class='ocr_carea' id='block_1_5' title="bbox 961 1888 1566 4497">
    <p class='ocr_par' dir='ltr' id='par_1_7' title="bbox 961 1888 1566 4497">
     <span class='ocr_line' id='line_1_39' title="bbox 964 1888 1564 1965; baseline -0.007 -21"><span class='ocrx_word' id='word_1_229' title='bbox 964 1891 1022 1944; x_wconf 79' lang='grc' dir='ltr'>κατ’</span> <span class='ocrx_word' id='word_1_230' title='bbox 1045 1893 1166 1962; x_wconf 83' lang='grc' dir='ltr'>ἐνέργειαν</span> <span class='ocrx_word' id='word_1_231' title='bbox 1186 1890 1244 1961; x_wconf 78' lang='grc' dir='ltr'>ζῆν’</span> <span class='ocrx_word' id='word_1_232' title='bbox 1261 1890 1392 1965; x_wconf 85' lang='grc' dir='ltr'>χρώμενος</span> <span class='ocrx_word' id='word_1_233' title='bbox 1412 1888 1487 1954; x_wconf 89' lang='grc'><strong>16,13</strong></span> <span class='ocrx_word' id='word_1_234' title='bbox 1515 1888 1564 1941; x_wconf 86' lang='grc' dir='ltr'>διτ-</span> 
     </span>
     <span class='ocr_line' id='line_1_40' title="bbox 963 1974 1565 2047; baseline -0.005 -16"><span class='ocrx_word' id='word_1_235' title='bbox 963 1979 1006 2031; x_wconf 88' lang='grc' dir='ltr'>τὸν</span> <span class='ocrx_word' id='word_1_236' title='bbox 1024 1978 1054 2032; x_wconf 81' lang='grc' dir='ltr'>τὸ</span> <span class='ocrx_word' id='word_1_237' title='bbox 1076 1978 1159 2043; x_wconf 87' lang='grc' dir='ltr'>τέλος,</span> <span class='ocrx_word' id='word_1_238' title='bbox 1182 1978 1218 2037; x_wconf 86' lang='grc' dir='ltr'>ὥς</span> <span class='ocrx_word' id='word_1_239' title='bbox 1241 1993 1315 2047; x_wconf 83' lang='grc' dir='ltr'>φησιν</span> <span class='ocrx_word' id='word_1_240' title='bbox 1332 1974 1512 2047; x_wconf 79' lang='grc' dir='ltr'>Ἀριστοτέλης,</span> <span class='ocrx_word' id='word_1_241' title='bbox 1535 1976 1565 2028; x_wconf 90' lang='grc' dir='ltr'>τὸ</span> 
     </span>
     <span class='ocr_line' id='line_1_41' title="bbox 964 2063 1566 2137; baseline -0.007 -18"><span class='ocrx_word' id='word_1_242' title='bbox 964 2068 1009 2134; x_wconf 82' lang='grc' dir='ltr'>μέν</span> <span class='ocrx_word' id='word_1_243' title='bbox 1028 2065 1050 2129; x_wconf 84' lang='grc' dir='ltr'>ό,</span> <span class='ocrx_word' id='word_1_244' title='bbox 1068 2066 1097 2119; x_wconf 85' lang='grc' dir='ltr'>τὸ</span> <span class='ocrx_word' id='word_1_245' title='bbox 1116 2066 1142 2119; x_wconf 90' lang='grc' dir='ltr'>δέ</span> <span class='ocrx_word' id='word_1_246' title='bbox 1159 2064 1181 2137; x_wconf 82' lang='grc' dir='ltr'>η1</span> <span class='ocrx_word' id='word_1_247' title='bbox 1204 2065 1294 2130; x_wconf 62' lang='lat'>1521?</span> <span class='ocrx_word' id='word_1_248' title='bbox 1323 2064 1337 2117; x_wconf 83' lang='grc' dir='ltr'><strong>ὁ</strong></span> <span class='ocrx_word' id='word_1_249' title='bbox 1356 2063 1566 2134; x_wconf 87' lang='grc' dir='ltr'>ἐναπειλημμένος</span> 
     </span>
     <span class='ocr_line' id='line_1_42' title="bbox 963 2151 1565 2224; baseline -0.005 -18"><span class='ocrx_word' id='word_1_250' title='bbox 963 2173 991 2207; x_wconf 92' lang='grc' dir='ltr'>τε</span> <span class='ocrx_word' id='word_1_251' title='bbox 1018 2157 1061 2208; x_wconf 84' lang='grc' dir='ltr'>καί</span> <span class='ocrx_word' id='word_1_252' title='bbox 1092 2153 1127 2212; x_wconf 84' lang='grc' dir='ltr'>ὥς</span> <span class='ocrx_word' id='word_1_253' title='bbox 1157 2169 1231 2224; x_wconf 81' lang='grc' dir='ltr'>φησιν</span> <span class='ocrx_word' id='word_1_254' title='bbox 1257 2151 1425 2223; x_wconf 81' lang='grc' dir='ltr'>Ἀριστοτέλης</span> <span class='ocrx_word' id='word_1_255' title='bbox 1455 2152 1565 2221; x_wconf 84' lang='grc' dir='ltr'>ἐγκατῳ-</span> 
     </span>
     <span class='ocr_line' id='line_1_43' title="bbox 964 2239 1566 2312; baseline -0.007 -17"><span class='ocrx_word' id='word_1_256' title='bbox 964 2242 1137 2312; x_wconf 85' lang='grc' dir='ltr'>κοδομημένος</span> <span class='ocrx_word' id='word_1_257' title='bbox 1160 2247 1212 2299; x_wconf 85' lang='grc' dir='ltr'>τοῖς</span> <span class='ocrx_word' id='word_1_258' title='bbox 1234 2241 1295 2293; x_wconf 82' lang='grc' dir='ltr'>ὠσὶν</span> <span class='ocrx_word' id='word_1_259' title='bbox 1317 2240 1366 2312; x_wconf 77' lang='grc' dir='ltr'>ἀηρ</span> <span class='ocrx_word' id='word_1_260' title='bbox 1390 2239 1471 2305; x_wconf 74' lang='lat'>50,12</span> <span class='ocrx_word' id='word_1_261' title='bbox 1511 2245 1566 2297; x_wconf 89' lang='grc' dir='ltr'>πῶς</span> 
     </span>
     <span class='ocr_line' id='line_1_44' title="bbox 965 2327 1565 2402; baseline -0.005 -21"><span class='ocrx_word' id='word_1_262' title='bbox 965 2332 1031 2383; x_wconf 84' lang='grc' dir='ltr'>κατὰ</span> <span class='ocrx_word' id='word_1_263' title='bbox 1048 2327 1202 2402; x_wconf 78' lang='grc' dir='ltr'>Ἀριστοτέλη</span> <span class='ocrx_word' id='word_1_264' title='bbox 1225 2328 1254 2380; x_wconf 79' lang='grc' dir='ltr'>τὸ</span> <span class='ocrx_word' id='word_1_265' title='bbox 1272 2327 1332 2400; x_wconf 82' lang='grc' dir='ltr'>δρᾶν</span> <span class='ocrx_word' id='word_1_266' title='bbox 1350 2327 1442 2396; x_wconf 86' lang='grc' dir='ltr'>γίνεται</span> <span class='ocrx_word' id='word_1_267' title='bbox 1468 2327 1565 2392; x_wconf 57' lang='grc'><strong>14139</strong></span> 
     </span>
     <span class='ocr_line' id='line_1_45' title="bbox 966 2413 1566 2486; baseline -0.003 -18"><span class='ocrx_word' id='word_1_268' title='bbox 966 2416 1105 2481; x_wconf 76' lang='grc'><strong>-147,25</strong></span> <span class='ocrx_word' id='word_1_269' title='bbox 1142 2416 1212 2469; x_wconf 85' lang='grc' dir='ltr'>δοκεῖ</span> <span class='ocrx_word' id='word_1_270' title='bbox 1227 2413 1399 2486; x_wconf 87' lang='grc' dir='ltr'>Ἀριστοτέλει,</span> <span class='ocrx_word' id='word_1_271' title='bbox 1419 2413 1503 2485; x_wconf 82' lang='grc' dir='ltr'>ὥσπερ</span> <span class='ocrx_word' id='word_1_272' title='bbox 1522 2415 1566 2466; x_wconf 85' lang='grc' dir='ltr'>καί</span> 
     </span>
     <span class='ocr_line' id='line_1_46' title="bbox 963 2502 1566 2577; baseline -0.003 -22"><span class='ocrx_word' id='word_1_273' title='bbox 963 2505 989 2555; x_wconf 80' lang='grc' dir='ltr'>αἱ</span> <span class='ocrx_word' id='word_1_274' title='bbox 1017 2503 1090 2556; x_wconf 79' lang='grc' dir='ltr'>α’λλαι</span> <span class='ocrx_word' id='word_1_275' title='bbox 1122 2502 1249 2573; x_wconf 74' lang='grc' dir='ltr'>αἰσθήσεις</span> <span class='ocrx_word' id='word_1_276' title='bbox 1276 2503 1426 2577; x_wconf 78' lang='grc' dir='ltr'>πασχόντων</span> <span class='ocrx_word' id='word_1_277' title='bbox 1458 2502 1566 2571; x_wconf 86' lang='grc' dir='ltr'>γίνονται</span> 
     </span>
     <span class='ocr_line' id='line_1_47' title="bbox 964 2588 1566 2662; baseline -0.007 -19"><span class='ocrx_word' id='word_1_278' title='bbox 964 2597 1015 2643; x_wconf 88' lang='grc' dir='ltr'>τῶν</span> <span class='ocrx_word' id='word_1_279' title='bbox 1034 2589 1217 2662; x_wconf 74' lang='grc' dir='ltr'>αἰσθητηρίων,</span> <span class='ocrx_word' id='word_1_280' title='bbox 1240 2589 1321 2648; x_wconf 76' lang='grc' dir='ltr'>οὕτως</span> <span class='ocrx_word' id='word_1_281' title='bbox 1340 2589 1366 2641; x_wconf 85' lang='grc' dir='ltr'>δέ</span> <span class='ocrx_word' id='word_1_282' title='bbox 1389 2590 1433 2641; x_wconf 81' lang='grc' dir='ltr'>καὶ</span> <span class='ocrx_word' id='word_1_283' title='bbox 1454 2589 1484 2642; x_wconf 85' lang='grc' dir='ltr'>τὸ</span> <span class='ocrx_word' id='word_1_284' title='bbox 1507 2588 1566 2660; x_wconf 87' lang='grc' dir='ltr'>δρᾶν</span> 
     </span>
     <span class='ocr_line' id='line_1_48' title="bbox 963 2675 1565 2751; baseline -0.003 -21"><span class='ocrx_word' id='word_1_285' title='bbox 963 2677 1106 2751; x_wconf 81' lang='grc' dir='ltr'>πασχοὺσης</span> <span class='ocrx_word' id='word_1_286' title='bbox 1136 2683 1182 2749; x_wconf 78' lang='grc' dir='ltr'>της</span> <span class='ocrx_word' id='word_1_287' title='bbox 1209 2678 1293 2749; x_wconf 82' lang='grc' dir='ltr'>ὄψεως</span> <span class='ocrx_word' id='word_1_288' title='bbox 1323 2675 1431 2747; x_wconf 87' lang='grc' dir='ltr'>γίνεσθαι</span> <span class='ocrx_word' id='word_1_289' title='bbox 1462 2677 1565 2742; x_wconf 80' lang='lat'>141‚30</span> 
     </span>
     <span class='ocr_line' id='line_1_49' title="bbox 963 2762 1565 2838; baseline -0.003 -20"><span class='ocrx_word' id='word_1_290' title='bbox 963 2767 1078 2838; x_wconf 84' lang='grc' dir='ltr'>ἀχρόνως</span> <span class='ocrx_word' id='word_1_291' title='bbox 1106 2765 1227 2818; x_wconf 87' lang='grc' dir='ltr'>δείκνυσιν</span> <span class='ocrx_word' id='word_1_292' title='bbox 1262 2764 1289 2817; x_wconf 75' lang='grc' dir='ltr'>δ.</span> <span class='ocrx_word' id='word_1_293' title='bbox 1303 2762 1472 2835; x_wconf 86' lang='grc' dir='ltr'>Ἀριστοτέλης</span> <span class='ocrx_word' id='word_1_294' title='bbox 1500 2765 1565 2832; x_wconf 89' lang='grc' dir='ltr'>γινό-</span> 
     </span>
     <span class='ocr_line' id='line_1_50' title="bbox 963 2852 1565 2924; baseline -0.003 -18"><span class='ocrx_word' id='word_1_295' title='bbox 963 2872 1037 2922; x_wconf 86' lang='grc' dir='ltr'>μενον</span> <span class='ocrx_word' id='word_1_296' title='bbox 1059 2853 1088 2906; x_wconf 79' lang='grc' dir='ltr'>τό</span> <span class='ocrx_word' id='word_1_297' title='bbox 1115 2852 1174 2924; x_wconf 85' lang='grc' dir='ltr'>δρᾶν</span> <span class='ocrx_word' id='word_1_298' title='bbox 1204 2853 1262 2918; x_wconf 78' lang='grc'><strong>143,</strong></span> <span class='ocrx_word' id='word_1_299' title='bbox 1272 2853 1305 2905; x_wconf 87' lang='grc'>30</span> <span class='ocrx_word' id='word_1_300' title='bbox 1347 2858 1404 2910; x_wconf 80' lang='grc' dir='ltr'>νοῦς</span> <span class='ocrx_word' id='word_1_301' title='bbox 1425 2853 1476 2904; x_wconf 85' lang='grc' dir='ltr'>ἐστι</span> <span class='ocrx_word' id='word_1_302' title='bbox 1499 2853 1565 2904; x_wconf 84' lang='grc' dir='ltr'>κατὰ</span> 
     </span>
     <span class='ocr_line' id='line_1_51' title="bbox 963 2939 1565 3012; baseline -0.005 -18"><span class='ocrx_word' id='word_1_303' title='bbox 963 2940 1116 3011; x_wconf 84' lang='grc' dir='ltr'>Ἀριστοτέλη</span> <span class='ocrx_word' id='word_1_304' title='bbox 1152 2941 1249 3012; x_wconf 85' lang='grc' dir='ltr'>τριττός</span> <span class='ocrx_word' id='word_1_305' title='bbox 1286 2940 1390 3004; x_wconf 73' lang='grc'><strong>10619</strong></span> <span class='ocrx_word' id='word_1_306' title='bbox 1445 2939 1565 3008; x_wconf 82' lang='grc' dir='ltr'>ἡμέτερος</span> 
     </span>
     <span class='ocr_line' id='line_1_52' title="bbox 963 3024 1565 3097; baseline -0.003 -17"><span class='ocrx_word' id='word_1_307' title='bbox 963 3034 1084 3092; x_wconf 75' lang='grc' dir='ltr'>νοῦς...,</span> <span class='ocrx_word' id='word_1_308' title='bbox 1109 3028 1136 3081; x_wconf 87' lang='grc' dir='ltr'>δν</span> <span class='ocrx_word' id='word_1_309' title='bbox 1159 3027 1261 3097; x_wconf 78' lang='grc' dir='ltr'>δυνάμει</span> <span class='ocrx_word' id='word_1_310' title='bbox 1283 3032 1341 3079; x_wconf 78' lang='grc' dir='ltr'>νοῦν</span> <span class='ocrx_word' id='word_1_311' title='bbox 1363 3025 1376 3078; x_wconf 88' lang='grc' dir='ltr'>δ</span> <span class='ocrx_word' id='word_1_312' title='bbox 1397 3024 1565 3097; x_wconf 87' lang='grc' dir='ltr'>Ἀριστοτέλης</span> 
     </span>
     <span class='ocr_line' id='line_1_53' title="bbox 963 3114 1565 3186; baseline -0.005 -17"><span class='ocrx_word' id='word_1_313' title='bbox 963 3116 1035 3169; x_wconf 86' lang='grc' dir='ltr'>καλεῖ</span> <span class='ocrx_word' id='word_1_314' title='bbox 1058 3115 1157 3180; x_wconf 48' lang='grc'><strong>119320</strong></span> <span class='ocrx_word' id='word_1_315' title='bbox 1193 3115 1322 3186; x_wconf 85' lang='grc' dir='ltr'>ποιητικὸς</span> <span class='ocrx_word' id='word_1_316' title='bbox 1344 3118 1442 3173; x_wconf 82' lang='grc' dir='ltr'>νοῦς..</span> <span class='ocrx_word' id='word_1_317' title='bbox 1460 3114 1565 3172; x_wconf 81' lang='grc' dir='ltr'>εἰκότως</span> 
     </span>
     <span class='ocr_line' id='line_1_54' title="bbox 963 3200 1564 3274; baseline -0.005 -17"><span class='ocrx_word' id='word_1_318' title='bbox 963 3203 1088 3262; x_wconf 75' lang='grc' dir='ltr'>ἀθάνατος</span> <span class='ocrx_word' id='word_1_319' title='bbox 1110 3201 1155 3255; x_wconf 75' lang='grc' dir='ltr'>ὑπ’</span> <span class='ocrx_word' id='word_1_320' title='bbox 1176 3200 1356 3274; x_wconf 90' lang='grc' dir='ltr'>Ἀριστοτέλους</span> <span class='ocrx_word' id='word_1_321' title='bbox 1377 3201 1490 3255; x_wconf 83' lang='grc' dir='ltr'>καλεῖται</span> <span class='ocrx_word' id='word_1_322' title='bbox 1507 3207 1564 3261; x_wconf 81' lang='grc' dir='ltr'>νοῦς</span> 
     </span>
     <span class='ocr_line' id='line_1_55' title="bbox 967 3288 1564 3363; baseline -0.002 -19"><span class='ocrx_word' id='word_1_323' title='bbox 967 3291 1064 3357; x_wconf 68' lang='grc'><strong>10831)</strong></span> <span class='ocrx_word' id='word_1_324' title='bbox 1099 3291 1128 3344; x_wconf 85' lang='grc' dir='ltr'>τὸ</span> <span class='ocrx_word' id='word_1_325' title='bbox 1152 3288 1218 3361; x_wconf 78' lang='grc' dir='ltr'>θῆλυ</span> <span class='ocrx_word' id='word_1_326' title='bbox 1238 3292 1280 3342; x_wconf 82' lang='grc' dir='ltr'>καὶ</span> <span class='ocrx_word' id='word_1_327' title='bbox 1303 3289 1332 3343; x_wconf 78' lang='grc' dir='ltr'>τὸ</span> <span class='ocrx_word' id='word_1_328' title='bbox 1355 3291 1428 3363; x_wconf 82' lang='grc' dir='ltr'>ἄρρεν</span> <span class='ocrx_word' id='word_1_329' title='bbox 1450 3288 1479 3343; x_wconf 81' lang='grc' dir='ltr'>οθ</span> <span class='ocrx_word' id='word_1_330' title='bbox 1504 3307 1564 3362; x_wconf 83' lang='grc' dir='ltr'>φησι</span> 
     </span>
     <span class='ocr_line' id='line_1_56' title="bbox 962 3377 1565 3451; baseline -0.002 -19"><span class='ocrx_word' id='word_1_331' title='bbox 962 3377 1130 3451; x_wconf 86' lang='grc' dir='ltr'>Ἀριστοτέλης</span> <span class='ocrx_word' id='word_1_332' title='bbox 1165 3377 1284 3449; x_wconf 78' lang='grc' dir='ltr'>διαφορὰς</span> <span class='ocrx_word' id='word_1_333' title='bbox 1325 3377 1462 3437; x_wconf 79' lang='grc' dir='ltr'>εἰδοποιοθς</span> <span class='ocrx_word' id='word_1_334' title='bbox 1504 3378 1565 3431; x_wconf 88' lang='grc' dir='ltr'>είνοιι</span> 
     </span>
     <span class='ocr_line' id='line_1_57' title="bbox 964 3464 1563 3533; baseline -0.002 -15"><span class='ocrx_word' id='word_1_335' title='bbox 964 3466 1086 3533; x_wconf 77' lang='lat' dir='ltr'><strong>(Metaph.</strong></span> <span class='ocrx_word' id='word_1_336' title='bbox 1113 3465 1182 3531; x_wconf 87' lang='grc' dir='ltr'><strong>1Ο,9.</strong></span> <span class='ocrx_word' id='word_1_337' title='bbox 1208 3465 1342 3532; x_wconf 58' lang='grc'><strong>1858831)</strong></span> <span class='ocrx_word' id='word_1_338' title='bbox 1374 3464 1475 3531; x_wconf 61' lang='grc'><strong>16822</strong></span> <span class='ocrx_word' id='word_1_339' title='bbox 1510 3471 1563 3518; x_wconf 84' lang='grc' dir='ltr'>τῶν</span> 
     </span>
     <span class='ocr_line' id='line_1_58' title="bbox 963 3550 1563 3626; baseline 0.002 -21"><span class='ocrx_word' id='word_1_340' title='bbox 963 3553 1030 3625; x_wconf 79' lang='grc' dir='ltr'>παρὰ</span> <span class='ocrx_word' id='word_1_341' title='bbox 1052 3550 1232 3624; x_wconf 90' lang='grc' dir='ltr'>Ἀριστοτέλους</span> <span class='ocrx_word' id='word_1_342' title='bbox 1259 3553 1315 3625; x_wconf 78' lang='grc' dir='ltr'>περὶ</span> <span class='ocrx_word' id='word_1_343' title='bbox 1336 3556 1381 3605; x_wconf 76' lang='grc' dir='ltr'>τοῦ</span> <span class='ocrx_word' id='word_1_344' title='bbox 1403 3552 1506 3626; x_wconf 82' lang='grc' dir='ltr'>πρώτου</span> <span class='ocrx_word' id='word_1_345' title='bbox 1529 3555 1563 3606; x_wconf 90' lang='grc' dir='ltr'>οἰ-</span> 
     </span>
     <span class='ocr_line' id='line_1_59' title="bbox 962 3638 1562 3713; baseline 0.005 -22"><span class='ocrx_word' id='word_1_346' title='bbox 962 3642 1031 3692; x_wconf 91' lang='grc' dir='ltr'>κείου</span> <span class='ocrx_word' id='word_1_347' title='bbox 1056 3638 1290 3707; x_wconf 78' lang='grc'><strong>150,19-153,27</strong></span> <span class='ocrx_word' id='word_1_348' title='bbox 1326 3642 1392 3693; x_wconf 79' lang='grc' dir='ltr'>κατὰ</span> <span class='ocrx_word' id='word_1_349' title='bbox 1409 3638 1562 3713; x_wconf 87' lang='grc' dir='ltr'>Ἀριστοτέλη</span> 
     </span>
     <span class='ocr_line' id='line_1_60' title="bbox 963 3726 1563 3800; baseline 0 -19"><span class='ocrx_word' id='word_1_350' title='bbox 963 3729 985 3781; x_wconf 80' lang='grc' dir='ltr'>οἱ</span> <span class='ocrx_word' id='word_1_351' title='bbox 1008 3728 1053 3796; x_wconf 88' lang='grc' dir='ltr'>μέν</span> <span class='ocrx_word' id='word_1_352' title='bbox 1076 3743 1149 3797; x_wconf 80' lang='grc' dir='ltr'>φασιν</span> <span class='ocrx_word' id='word_1_353' title='bbox 1173 3726 1233 3780; x_wconf 82' lang='grc' dir='ltr'>εἶναι</span> <span class='ocrx_word' id='word_1_354' title='bbox 1261 3733 1362 3800; x_wconf 84' lang='grc' dir='ltr'>πρῶτον</span> <span class='ocrx_word' id='word_1_355' title='bbox 1390 3730 1481 3782; x_wconf 89' lang='grc' dir='ltr'>οἰκεῖον</span> <span class='ocrx_word' id='word_1_356' title='bbox 1504 3730 1563 3799; x_wconf 75' lang='grc' dir='ltr'>ἡμῖν</span> 
     </span>
     <span class='ocr_line' id='line_1_61' title="bbox 961 3813 1563 3888; baseline 0.005 -22"><span class='ocrx_word' id='word_1_357' title='bbox 961 3816 1028 3886; x_wconf 77' lang='grc' dir='ltr'>ἡμᾶς</span> <span class='ocrx_word' id='word_1_358' title='bbox 1045 3813 1136 3873; x_wconf 77' lang='grc' dir='ltr'>αδτοδς</span> <span class='ocrx_word' id='word_1_359' title='bbox 1148 3853 1155 3866; x_wconf 95' lang='grc'><strong>.</strong></span> <span class='ocrx_word' id='word_1_360' title='bbox 1166 3853 1172 3866; x_wconf 93' lang='grc'><em>.</em></span> <span class='ocrx_word' id='word_1_361' title='bbox 1184 3854 1190 3867; x_wconf 93' lang='grc'><em>.</em></span> <span class='ocrx_word' id='word_1_362' title='bbox 1202 3814 1295 3885; x_wconf 83' lang='grc' dir='ltr'>ταθτης</span> <span class='ocrx_word' id='word_1_363' title='bbox 1312 3819 1358 3884; x_wconf 82' lang='grc' dir='ltr'>τῆς</span> <span class='ocrx_word' id='word_1_364' title='bbox 1376 3814 1450 3886; x_wconf 85' lang='grc' dir='ltr'>δόξης</span> <span class='ocrx_word' id='word_1_365' title='bbox 1468 3817 1490 3869; x_wconf 88' lang='grc' dir='ltr'>οί</span> <span class='ocrx_word' id='word_1_366' title='bbox 1508 3818 1563 3888; x_wconf 81' lang='grc' dir='ltr'>περὶ</span> 
     </span>
     <span class='ocr_line' id='line_1_62' title="bbox 962 3899 1566 3974; baseline -0.003 -17"><span class='ocrx_word' id='word_1_367' title='bbox 962 3900 1089 3973; x_wconf 84' lang='grc' dir='ltr'>Ξέναρχον</span> <span class='ocrx_word' id='word_1_368' title='bbox 1108 3903 1151 3954; x_wconf 87' lang='grc' dir='ltr'>καί</span> <span class='ocrx_word' id='word_1_369' title='bbox 1169 3899 1271 3974; x_wconf 88' lang='grc' dir='ltr'>Βοηθόν</span> <span class='ocrx_word' id='word_1_370' title='bbox 1293 3902 1372 3969; x_wconf 80' lang='lat'><strong>151‚3</strong></span> <span class='ocrx_word' id='word_1_371' title='bbox 1408 3903 1467 3955; x_wconf 77' lang='grc' dir='ltr'>εἰσὶν</span> <span class='ocrx_word' id='word_1_372' title='bbox 1487 3903 1520 3968; x_wconf 85' lang='grc' dir='ltr'>δέ,</span> <span class='ocrx_word' id='word_1_373' title='bbox 1540 3903 1566 3956; x_wconf 81' lang='grc' dir='ltr'>οἳ</span> 
     </span>
     <span class='ocr_line' id='line_1_63' title="bbox 962 3988 1563 4062; baseline 0 -18"><span class='ocrx_word' id='word_1_374' title='bbox 962 3991 1075 4060; x_wconf 88' lang='grc' dir='ltr'>λέγοντες</span> <span class='ocrx_word' id='word_1_375' title='bbox 1092 3988 1185 4060; x_wconf 74' lang='grc' dir='ltr'>ἡδονὴν</span> <span class='ocrx_word' id='word_1_376' title='bbox 1202 3989 1263 4042; x_wconf 86' lang='grc' dir='ltr'>είνοιι</span> <span class='ocrx_word' id='word_1_377' title='bbox 1276 3991 1341 4042; x_wconf 82' lang='grc' dir='ltr'>κατὰ</span> <span class='ocrx_word' id='word_1_378' title='bbox 1359 3988 1515 4062; x_wconf 81' lang='grc' dir='ltr'>’Ἀριστοτέλη</span> <span class='ocrx_word' id='word_1_379' title='bbox 1534 3991 1563 4044; x_wconf 84' lang='grc' dir='ltr'>τὸ</span> 
     </span>
     <span class='ocr_line' id='line_1_64' title="bbox 962 4076 1563 4151; baseline 0 -20"><span class='ocrx_word' id='word_1_380' title='bbox 962 4084 1064 4151; x_wconf 85' lang='grc' dir='ltr'>πρῶτον</span> <span class='ocrx_word' id='word_1_381' title='bbox 1087 4077 1177 4130; x_wconf 88' lang='grc' dir='ltr'>οίκεῖον</span> <span class='ocrx_word' id='word_1_382' title='bbox 1207 4076 1303 4142; x_wconf 79' lang='grc'><strong>151,19</strong></span> <span class='ocrx_word' id='word_1_383' title='bbox 1339 4085 1392 4131; x_wconf 85' lang='grc' dir='ltr'>τῶν</span> <span class='ocrx_word' id='word_1_384' title='bbox 1415 4080 1482 4147; x_wconf 79' lang='grc' dir='ltr'>παρὰ</span> <span class='ocrx_word' id='word_1_385' title='bbox 1503 4076 1563 4150; x_wconf 90' lang='grc' dir='ltr'>Ἀρι-</span> 
     </span>
     <span class='ocr_line' id='line_1_65' title="bbox 963 4163 1562 4236; baseline -0.005 -16"><span class='ocrx_word' id='word_1_386' title='bbox 963 4164 1093 4224; x_wconf 85' lang='grc' dir='ltr'>στοτέλους</span> <span class='ocrx_word' id='word_1_387' title='bbox 1115 4165 1171 4235; x_wconf 84' lang='grc' dir='ltr'>περὶ</span> <span class='ocrx_word' id='word_1_388' title='bbox 1197 4169 1242 4216; x_wconf 76' lang='grc' dir='ltr'>τοῦ</span> <span class='ocrx_word' id='word_1_389' title='bbox 1270 4163 1311 4236; x_wconf 81' lang='grc' dir='ltr'>ἐρ’</span> <span class='ocrx_word' id='word_1_390' title='bbox 1332 4166 1393 4235; x_wconf 75' lang='grc' dir='ltr'>ἡμῖν</span> <span class='ocrx_word' id='word_1_391' title='bbox 1422 4166 1562 4231; x_wconf 87' lang='grc'><strong>169,33-</strong></span> 
     </span>
     <span class='ocr_line' id='line_1_66' title="bbox 964 4250 1563 4325; baseline 0 -19"><span class='ocrx_word' id='word_1_392' title='bbox 964 4254 1057 4319; x_wconf 75' lang='lat'>172‚15</span> <span class='ocrx_word' id='word_1_393' title='bbox 1090 4259 1144 4305; x_wconf 84' lang='grc' dir='ltr'>τῶν</span> <span class='ocrx_word' id='word_1_394' title='bbox 1163 4255 1230 4324; x_wconf 78' lang='grc' dir='ltr'>παρὰ</span> <span class='ocrx_word' id='word_1_395' title='bbox 1248 4250 1428 4324; x_wconf 87' lang='grc' dir='ltr'>Ἀριστοτέλους</span> <span class='ocrx_word' id='word_1_396' title='bbox 1446 4254 1563 4325; x_wconf 80' lang='grc' dir='ltr'>περὶτοῦ</span> 
     </span>
     <span class='ocr_line' id='line_1_67' title="bbox 962 4338 1563 4411; baseline -0.002 -18"><span class='ocrx_word' id='word_1_397' title='bbox 962 4338 1001 4410; x_wconf 80' lang='grc' dir='ltr'>ἐφ’</span> <span class='ocrx_word' id='word_1_398' title='bbox 1025 4340 1085 4411; x_wconf 83' lang='grc' dir='ltr'>ἡμῖν</span> <span class='ocrx_word' id='word_1_399' title='bbox 1111 4340 1363 4406; x_wconf 75' lang='lat'>172,16-175,32</span> <span class='ocrx_word' id='word_1_400' title='bbox 1388 4370 1420 4378; x_wconf 91' lang='grc'>-</span> <span class='ocrx_word' id='word_1_401' title='bbox 1444 4341 1477 4393; x_wconf 83' lang='lat' dir='ltr'>cf.</span> <span class='ocrx_word' id='word_1_402' title='bbox 1501 4355 1521 4393; x_wconf 92' lang='lat' dir='ltr'>s.</span> <span class='ocrx_word' id='word_1_403' title='bbox 1539 4356 1563 4392; x_wconf 84' lang='grc' dir='ltr'>ν.</span> 
     </span>
     <span class='ocr_line' id='line_1_68' title="bbox 965 4424 1102 4497; baseline 0.007 -18"><span class='ocrx_word' id='word_1_404' title='bbox 965 4424 1102 4497; x_wconf 85' lang='grc' dir='ltr'>Ιίερίπατος</span> 
     </span>
    </p>
   </div>
   <div class='ocr_carea' id='block_1_6' title="bbox 910 4512 1563 4587">
    <p class='ocr_par' dir='ltr' id='par_1_8' title="bbox 910 4512 1563 4587">
     <span class='ocr_line' id='line_1_69' title="bbox 910 4512 1563 4587; baseline 0 -19"><span class='ocrx_word' id='word_1_405' title='bbox 910 4512 1152 4583; x_wconf 76' lang='grc' dir='ltr'>*Ἀριστοτέλης</span> <span class='ocrx_word' id='word_1_406' title='bbox 1180 4514 1288 4582; x_wconf 76' lang='grc' dir='ltr'>[ΖοΙΙοιε</span> <span class='ocrx_word' id='word_1_407' title='bbox 1311 4513 1479 4586; x_wconf 80' lang='grc' dir='ltr'>Ἀριστοκλῆς]</span> <span class='ocrx_word' id='word_1_408' title='bbox 1508 4517 1563 4587; x_wconf 84' lang='grc' dir='ltr'>περὶ</span> 
     </span>
    </p>
   </div>
   <div class='ocr_carea' id='block_1_7' title="bbox 962 4600 1563 4933">
    <p class='ocr_par' dir='ltr' id='par_1_9' title="bbox 962 4600 1563 4933">
     <span class='ocr_line' id='line_1_70' title="bbox 962 4600 1563 4674; baseline 0.003 -22"><span class='ocrx_word' id='word_1_409' title='bbox 962 4606 1006 4653; x_wconf 74' lang='grc' dir='ltr'>νου</span> <span class='ocrx_word' id='word_1_410' title='bbox 1028 4606 1073 4654; x_wconf 78' lang='grc' dir='ltr'>τοῦ</span> <span class='ocrx_word' id='word_1_411' title='bbox 1096 4600 1204 4674; x_wconf 84' lang='grc' dir='ltr'>θθραθεν</span> <span class='ocrx_word' id='word_1_412' title='bbox 1231 4603 1445 4667; x_wconf 70' lang='lat'>110‚5—113,‘24</span> <span class='ocrx_word' id='word_1_413' title='bbox 1481 4602 1563 4672; x_wconf 79' lang='grc' dir='ltr'>ἔλεγεν</span> 
     </span>
     <span class='ocr_line' id='line_1_71' title="bbox 963 4687 1562 4761; baseline 0.002 -21"><span class='ocrx_word' id='word_1_414' title='bbox 963 4687 993 4757; x_wconf 78' lang='grc' dir='ltr'>δὴ</span> <span class='ocrx_word' id='word_1_415' title='bbox 1016 4687 1054 4740; x_wconf 86' lang='grc' dir='ltr'>ότι</span> <span class='ocrx_word' id='word_1_416' title='bbox 1079 4689 1099 4741; x_wconf 89' lang='grc' dir='ltr'>εί</span> <span class='ocrx_word' id='word_1_417' title='bbox 1122 4689 1187 4747; x_wconf 86' lang='grc' dir='ltr'>όλως</span> <span class='ocrx_word' id='word_1_418' title='bbox 1210 4688 1394 4758; x_wconf 73' lang='grc' dir='ltr'>ὑπολαμβάνειν</span> <span class='ocrx_word' id='word_1_419' title='bbox 1422 4691 1472 4761; x_wconf 77' lang='grc' dir='ltr'>χρὴ</span> <span class='ocrx_word' id='word_1_420' title='bbox 1496 4691 1562 4741; x_wconf 81' lang='grc' dir='ltr'>κατὰ</span> 
     </span>
     <span class='ocr_line' id='line_1_72' title="bbox 962 4773 1559 4848; baseline -0.003 -20"><span class='ocrx_word' id='word_1_421' title='bbox 962 4773 1115 4847; x_wconf 88' lang='grc' dir='ltr'>Ἀριστοτέλη</span> <span class='ocrx_word' id='word_1_422' title='bbox 1136 4775 1202 4829; x_wconf 84' lang='grc' dir='ltr'>θεῖον</span> <span class='ocrx_word' id='word_1_423' title='bbox 1225 4778 1269 4828; x_wconf 86' lang='grc' dir='ltr'>καὶ</span> <span class='ocrx_word' id='word_1_424' title='bbox 1288 4776 1415 4848; x_wconf 76' lang='grc' dir='ltr'>ἄφθαρτον</span> <span class='ocrx_word' id='word_1_425' title='bbox 1435 4776 1494 4828; x_wconf 85' lang='grc' dir='ltr'>είναι</span> <span class='ocrx_word' id='word_1_426' title='bbox 1515 4776 1559 4828; x_wconf 87' lang='grc' dir='ltr'>τὸν</span> 
     </span>
     <span class='ocr_line' id='line_1_73' title="bbox 963 4862 1561 4933; baseline 0.003 -21"><span class='ocrx_word' id='word_1_427' title='bbox 963 4869 1029 4927; x_wconf 73' lang='grc' dir='ltr'>νοῦν,</span> <span class='ocrx_word' id='word_1_428' title='bbox 1049 4862 1130 4921; x_wconf 82' lang='grc' dir='ltr'>οὕτως</span> <span class='ocrx_word' id='word_1_429' title='bbox 1146 4863 1257 4933; x_wconf 82' lang='grc' dir='ltr'>ἡγεῖσθαι</span> <span class='ocrx_word' id='word_1_430' title='bbox 1270 4863 1327 4927; x_wconf 88' lang='grc' dir='ltr'>δεῖν,</span> <span class='ocrx_word' id='word_1_431' title='bbox 1348 4864 1394 4916; x_wconf 88' lang='grc' dir='ltr'>αὐκ</span> <span class='ocrx_word' id='word_1_432' title='bbox 1408 4862 1499 4927; x_wconf 81' lang='grc' dir='ltr'>ἄλλως,</span> <span class='ocrx_word' id='word_1_433' title='bbox 1518 4865 1561 4914; x_wconf 85' lang='grc' dir='ltr'>καὶ</span> 
     </span>
    </p>
   </div>
   <div class='ocr_carea' id='block_1_8' title="bbox 0 0 1774 5610">
    <p class='ocr_par' dir='ltr' id='par_1_10' title="bbox 0 0 1774 5610">
     <span class='ocr_line' id='line_1_74' title="bbox 0 0 1774 5610; baseline 0 0"><span class='ocrx_word' id='word_1_434' title='bbox 0 0 1774 5610; x_wconf 95' lang='lat' dir='ltr'> </span> 
     </span>
    </p>
   </div>
  </div>
 </body>
</html>
