3540 5610
775 303 927 362 ΑΠΟΡΙΩΝ
948 303 1008 360 ΚΑΙ
1027 303 1160 360 ΛΥΣΕΩΝ

340 476 420 562 ὄψει,
448 478 518 544 ὥστ’
547 479 593 562 εἴη
623 478 657 542 ἄν
685 480 718 542 τὸ
740 483 811 542 πᾶσι
840 479 913 542 κατδι
940 479 1124 562 συμβεβηκός
1150 478 1291 562 αἰσθητδν
1317 481 1361 562 τῷ
1390 478 1498 546 πάσαις
1523 474 1593 540 καθ’

338 581 410 643 αὑτό
434 582 509 645 εἶναί
529 606 555 644 τι
577 583 718 665 αἰσθητόν
741 581 771 644 ἐν
794 582 876 665 αὐτῷ
893 581 987 665 τούτῳ
1011 583 1119 649 πάσαις
1142 579 1226 661 [αὐτὸ
1242 578 1329 662 εἶναι]
1353 580 1427 644 κατὰ
1448 579 1595 665 συμβεβη·
1609 594 1639 637 ⁸⁰

340 684 391 752 κδς
412 683 563 768 αἰσθητόν,
587 686 711 766 ἑκάστης
734 684 824 767 αὐτῆς
845 683 893 746 διὰ
915 687 966 746 τοῦ
988 683 1095 747 οἰκείου
1119 682 1194 766 αὐτῇ
1218 683 1361 765 αἰσθητοῦ
1382 681 1598 765 αἰσθανομένης

339 785 439 849 αὐτοῦ.
484 786 518 849 οῦ
541 787 594 870 γὰρ
617 787 650 848 τδ
673 789 778 855 πάσαις
800 786 874 849 κατὰ
897 785 1081 870 συμβεβηκός
1103 786 1243 868 αἰσθητδν
1265 782 1326 848 οὐδ’
1355 783 1431 853 ὅλως
1454 784 1531 847 ἐστὶν
1554 783 1595 846 αἰ·

306 888 460 971 οσθητόν,
484 893 524 958 ὡς
547 888 581 952 ἂν
597 889 676 957 δόξαι
699 890 800 958 ἁπλῶς
822 888 985 952 άκοόσαντι.
1023 888 1056 949 τὸ
1078 888 1132 970 γὰρ
1149 890 1279 971 μηδεμιᾷ
1301 886 1442 970 αἰσθητὸν
1457 885 1597 969 αἰσθήσει
1610 900 1640 943 ⁸⁵

339 987 538 1074 ἀναίΙσθητον·
565 991 599 1053 οῦ
622 991 724 1055 ταύτόν
748 993 780 1054 δὲ
802 992 834 1054 rb
856 993 962 1058 πάσαις
984 989 1158 1072 ἀναίσθητον
1181 994 1223 1074 τῷ
1245 990 1353 1058 πάσαις
1377 987 1451 1051 κατὰ
1477 989 1580 1074 συμβι·
1603 995 1653 1052 179

339 1093 428 1176 βηκδς
454 1115 474 1154 ιι
497 1115 517 1154 ιι
541 1114 560 1153 ιι
587 1094 727 1176 αἰσθητόν
761 1097 890 1156 τοιοῦτον
923 1092 996 1155 εἶναι
1022 1093 1056 1155 τὸ
1090 1093 1278 1172 ὑποκείμενον
1311 1095 1371 1159 τοῖς
1397 1092 1501 1160 πάσαις
1534 1096 1597 1160 ταῖς

343 1193 513 1276 αἰσθήσεσιν
547 1195 707 1279 αἰσθητοῖς.
763 1201 805 1279 τῷ
841 1195 895 1277 γὰρ
929 1194 964 1256 τὰ
996 1193 1202 1278 συμβεβηκότα
1234 1196 1329 1278 τούτῳ
1359 1193 1489 1278 αἰσθητὰ
1524 1192 1598 1257 εἶναι
1626 1210 1641 1253 s

338 1297 453 1369 πάσαις,
476 1296 546 1360 αότδ
573 1298 606 1360 δὲ
628 1298 681 1381 μή,
704 1297 797 1381 τοότιρ
818 1298 924 1379 γίνεται
946 1297 1051 1365 πάσαις
1073 1293 1147 1359 κατὰ
1170 1294 1356 1379 συμβεβηκός
1376 1294 1528 1379 αἰσθητόν.

289 1586 320 1633 10
340 1568 393 1631 ΙΧ.
449 1566 585 1637 λέξεως
616 1565 779 1648 ἐξήγησις
810 1565 848 1629 ἐκ
875 1569 935 1628 τοῦ
967 1564 1083 1649 τρίτου
1108 1563 1192 1650 Περὶ
1223 1571 1353 1651 ψυχῆς,
1383 1565 1424 1631 δι’
1456 1566 1497 1650 ής
1526 1568 1597 1630 δει·

352 1689 469 1732 κνυσιν
488 1667 753 1753 Ἀριστοτέλης,
776 1667 829 1731 ότι
851 1666 948 1732 ἔστιν
972 1691 1003 1730 τι
1025 1663 1051 1752 ᾧ
1076 1668 1147 1750 ἅμα
1169 1671 1307 1731 πάντων
1329 1668 1585 1751 αἰσθανόμεθα
1613 1685 1642 1727 ιο

407 1854 511 1942 “Ἀρ’
533 1856 592 1920 οῦν
616 1857 685 1938 ἅμα
708 1856 768 1938 μὲν
791 1856 847 1918 καὶ
870 1856 1011 1941 ἀριθμῷ
1035 1856 1236 1940 ἀδιαίρετον
1258 1858 1315 1920 καί
1334 1857 1535 1943 ἀχώριστον
1558 1858 1598 1921 τδ

337 1961 467 2042 κρῖνον,
490 1965 538 2043 τῷ
562 1958 652 2021 εἰναι
674 1958 712 2021 δὲ
734 1958 1014 2042 κεχωρισμένον;
1043 1956 1116 2021 ἔστι
1139 1958 1176 2022 δέ
1197 1982 1269 2029 πως
1292 1962 1337 2029 ὡς
1358 1961 1396 2023 τὸ
1419 1961 1597 2045 διαιρετόν

336 2066 402 2123 τῶν
433 2061 653 2145 διηρημένων
683 2061 906 2138 αἰσθάνεται,
936 2059 1010 2123 ἔστι
1038 2061 1075 2124 δὲ
1106 2065 1151 2129 ὡς
1179 2061 1392 2146 ἀδιαίρετον·
1427 2067 1476 2147 τῷ
1506 2061 1641 2126 εἰναιισ

287 2182 317 2230 15
337 2163 398 2245 μὲν
420 2164 483 2248 γὰρ
506 2162 699 2246 διαιρετόν,
722 2162 816 2246 τόπῳ
841 2164 877 2225 δὲ
899 2165 955 2226 καὶ
979 2164 1120 2248 ἀριθμῷ
1142 2164 1356 2248 ἀδιαίρετον·
1388 2164 1407 2248 ἢ
1430 2163 1497 2251 οῦχ
1519 2164 1597 2228 οίόν

336 2289 383 2345 τε;
407 2267 554 2346 δυνάμει
578 2266 638 2347 μὲν
661 2265 724 2348 γὰρ
748 2267 784 2327 τὸ
808 2264 891 2327 αὐτὸ
915 2267 972 2328 καὶ
991 2267 1193 2350 ἀδιαίρετον
1214 2267 1394 2344 τάναντία,
1416 2272 1465 2351 τῷ
1488 2267 1526 2331 δὲ
1547 2266 1597 2330 εἰ·

334 2391 387 2430 ναι
409 2367 462 2444 οῦ,
485 2368 573 2431 οἰλλόι
595 2372 641 2451 τῷ
659 2367 884 2451 ἐνεργεῖσθαι
907 2367 1097 2452 διαιρετόν,
1120 2368 1176 2432 καλ
1196 2367 1263 2454 οὐχ
1279 2366 1355 2431 οίόν
1371 2368 1495 2454 τεάμα
1517 2372 1640 2433 λευ-εο

335 2471 394 2532 κδν
419 2472 473 2533 καὶ
497 2469 605 2552 μέλαν
627 2468 731 2542 εἶναι,
759 2469 849 2531 ὥστε
871 2468 953 2532 οἰνδὲ
980 2469 1019 2532 τὰ
1041 2468 1118 2552 εἴδη
1141 2471 1293 2555 πάσχειν
1315 2469 1444 2546 αὐτῶν,
1471 2471 1503 2534 εἰ
1523 2494 1594 2535 τοι·

334 2575 435 2634 οῦτον
459 2574 478 2654 ή
501 2570 670 2654 αἴσθησις
697 2571 753 2633 καί
775 2572 794 2654 ή
818 2569 952 2653 νόησις,
982 2569 1050 2634 ἀλλ’
1079 2572 1195 2656 ὥσπερ
1217 2572 1258 2654 ἢν
1281 2574 1432 2638 καλοῦσί
1453 2572 1457 2657 l
1482 2596 1575 2644 τινες
1597 2579 1650 2638 180

281 2693 314 2739 20
333 2673 480 2757 στιγμὴν
508 2697 527 2755 η
555 2672 634 2753 μίαν
661 2673 679 2754 ἢ
709 2672 785 2748 δόο,
814 2674 923 2756 ταότη
955 2675 1011 2736 καὶ
1039 2675 1208 2757 διαιρετή.
1257 2670 1278 2758 ή
1308 2675 1368 2757 μὲν
1396 2674 1455 2739 οῦν
1480 2676 1594 2739 ἀδιαί-

335 2798 448 2859 ρετος,
474 2775 509 2837 ἑν
531 2774 569 2837 τδ
591 2773 708 2859 κρῖνόν
735 2775 809 2838 ἐστι
835 2777 891 2838 καὶ
915 2775 997 2857 ἅμα·
1029 2769 1049 2859 ᾗ
1075 2776 1112 2839 δὲ
1134 2778 1313 2860 διαιρετὸν
1341 2777 1511 2864 ὑπάρχει,
1538 2778 1592 2848 δλς

333 2882 381 2962 τῷ
408 2877 501 2961 αὐτῷ
528 2882 656 2962 χρῆται
684 2877 820 2961 σημείῳ
847 2879 926 2961 ἅμα.
972 2874 993 2960 ᾗ
1017 2878 1077 2961 μὲν
1101 2875 1159 2941 οῦν
1187 2880 1264 2942 δυσὶ
1291 2885 1435 2964 χρῆται,
1461 2885 1509 2965 τῷ
1532 2881 1591 2945 πέ·
1618 2900 1634 2942 ε

334 3003 409 3063 ρατι
432 2980 490 3042 δύο
514 2981 624 3063 κρίνει
651 2981 707 3043 καί
733 2980 983 3064 κεχωρισμένα
1010 2980 1103 3044 ἐστιν
1127 2983 1171 3050 ὡς
1197 2985 1244 3066 τῷ
1268 2981 1536 3068 κεχωρισμένῳ·
1567 2980 1592 3069 ή

333 3084 369 3144 δὲ
392 3082 441 3160 ἑν,
466 3083 514 3145 ἑνὶ
537 3082 594 3145 καί
618 3080 714 3165 άμα.”

281 3203 313 3250 25
419 3185 524 3269 Aufidii
547 3183 591 3246 ότι
614 3187 723 3268 ἑκάστη
746 3183 883 3268 αἴσθησις
907 3184 1002 3269 ἐντῷ
1025 3184 1209 3269 αἰσθητηρίιμ
1232 3183 1320 3260 οῦσα,
1348 3185 1379 3247 ἐν
1402 3181 1428 3272 ql
1453 3183 1527 3250 οῦσα
1551 3188 1593 3250 αἰ·

333 3288 485 3360 σθάνεται,
514 3292 572 3349 τῶν
599 3310 630 3349 τε
652 3287 801 3369 αἰσθητῶν
829 3286 905 3368 αῦτη
934 3288 1103 3351 αἰσθάνεται
1130 3287 1178 3351 καλ
1205 3287 1292 3372 κρίνει
1319 3286 1416 3352 αὐτῶν
1442 3289 1496 3359 τὰς
1517 3294 1635 3375 πρδςιυ

333 3390 463 3473 άλλήλας
485 3390 625 3473 διαφοράς
653 3390 773 3471 (λευκοῦ
798 3388 926 3472 μὲνγὰρ
953 3390 1000 3453 καὶ
1024 3389 1146 3472 μέλανος
1169 3387 1247 3473 ὄψις,
1275 3390 1394 3472 γλυκέος
1420 3393 1452 3455 δὲ
1474 3392 1522 3455 καλ
1545 3416 1590 3456 πι-

333 3495 403 3575 κροῦ
426 3496 532 3574 γεῦσις,
556 3493 666 3573 ὁμοίως
688 3493 721 3555 δὲ
743 3492 791 3555 καὶ
814 3497 871 3554 τῶν
894 3491 992 3555 ἄλλων
1016 3493 1149 3575 ἑκάστη),
1172 3494 1220 3556 καλ
1242 3493 1289 3555 διὰ
1303 3493 1406 3558 τοῦτου
1429 3495 1590 3578 συστήσας,

335 3592 379 3655 ότι
405 3593 423 3674 ἡ
453 3592 650 3676 αἰσθανομένη
678 3598 764 3656 τινῶν
793 3595 840 3656 καί
867 3593 918 3662 τὰς
944 3594 1083 3676 διαφοράς
1109 3593 1205 3656 αὐτῶν
1229 3595 1317 3678 κρίνει
1343 3594 1394 3676 (οῦ
1415 3596 1471 3680 γὰρ
1493 3596 1629 3682 άλληςιι

278 3716 312 3762 30
331 3696 383 3778 μὲν
405 3696 438 3756 τὸ
461 3694 656 3758 αἰσθάνεσθαί
675 3717 774 3768 τινων,
797 3693 888 3777 άλλης
910 3696 943 3758 δὲ
965 3696 997 3757 τὸ
1020 3696 1124 3778 κρίνειν
1146 3695 1197 3764 τὰς
1220 3695 1360 3780 διαφοράς
1382 3696 1490 3775 αὐτῶν,
1512 3700 1583 3765 καθ’

330 3797 364 3865 άς
387 3796 462 3859 ἐστιν
486 3797 627 3878 αἰσθητά,
657 3795 718 3859 ἀλλ’
747 3799 766 3880 ή
789 3820 821 3859 τε
848 3796 1045 3879 αἰσθανομένη
1073 3798 1158 3859 τινῦνν
1186 3799 1235 3860 καὶ
1263 3799 1351 3884 κρίνει
1377 3799 1465 3877 αῦτά,
1498 3803 1590 3887 καλή

331 3898 466 3983 κρίνουσα
492 3899 542 3967 τὰς
570 3899 711 3983 διαφορὰς
739 3898 835 3961 αὐτῶν
863 3899 910 3962 καὶ
938 3899 1105 3963 αἰσθάνεται
1132 3899 1242 3962 αὐτῶν·
1275 3900 1379 3965 ταῦτδν
1405 3903 1461 3988 γὰρ
1483 3904 1634 3988 κρίνοιντο

277 4104 292 4154 2
311 4101 372 4155 αότδ
391 4103 454 4155 εἰναι
472 4102 554 4155 delevi
662 4102 678 4154 3
697 4102 763 4173 αῦτη
782 4103 887 4168 scripsi:
907 4101 978 4171 αὐτῷ
996 4104 1063 4155 coni.
1083 4103 1140 4171 Sp.:
1160 4102 1238 4157 αὑτοῦ
1256 4105 1316 4159 libri
1430 4106 1445 4159 6
1464 4106 1491 4160 δι
1509 4111 1535 4159 V

276 4190 364 4247 πάσαις
382 4187 534 4258 ἀναίσθητον
554 4191 608 4252 (καί
625 4189 655 4241 τό
674 4190 762 4246 πάσαις
779 4190 845 4241 κατὰ
864 4190 1025 4259 συμβεβηκός
1042 4184 1173 4259 αἰσθητὸν)
1192 4192 1261 4245 vict.
1280 4193 1324 4260 Sp.
1432 4192 1585 4267 ’ίαίσθητιγῖ
1603 4201 1646 4270 τῷ

277 4276 382 4343 supplet
401 4275 531 4327 Schwartz
550 4280 618 4328 recte
743 4275 859 4344 ὃτοότῳ
880 4277 984 4344 scripsi:
1013 4277 1111 4329 τούτων
1129 4278 1201 4331 libri:
1229 4277 1321 4331 τοῦτου
1339 4295 1356 4331 ε
1373 4278 1417 4346 Sp.
1524 4282 1585 4336 erl
1605 4286 1645 4356 μή

277 4361 323 4414 Sla
345 4362 401 4428 Sp.:
430 4357 455 4412 δ’
476 4363 497 4414 ιι
517 4363 551 4431 μὴ
571 4363 673 4415 VBFS¹
788 4363 870 4431 τοότιμ
889 4362 948 4430 Sp.:
978 4367 1053 4417 τοῦτο
1072 4364 1133 4417 libri
1251 4365 1284 4418 10
1311 4365 1341 4417 ἐκ
1358 4370 1404 4419 τοῦ
1421 4367 1517 4439 τρίτου]
1546 4369 1578 4422 (le
1598 4387 1645 4426 αα.

276 4448 321 4512 ΙΙΙ,
335 4449 359 4499 θ.
379 4447 469 4499 lem
592 4450 622 4501 13
650 4450 835 4522 κεχωρισμένον
858 4450 927 4501 Feb
945 4449 1001 4516 Sp.:
1030 4452 1219 4524 κεχωρισμένοσ
1243 4452 1320 4506 VBS¹
1435 4455 1480 4507 alt
1502 4454 1541 4525 δέ]
1560 4456 1588 4510 δι
1609 4462 1644 4511 V:

277 4535 322 4602 μέν
342 4533 372 4603 δή
393 4536 472 4587 vice:
491 4534 522 4604 δή
541 4535 622 4589 Arist.
642 4535 711 4604 vulg.
822 4535 852 4588 15
872 4536 1010 4605 ἀδιαίρετον
1029 4537 1121 4590 FSB'ie
1140 4538 1197 4604 Spa
1217 4537 1337 4608 διαιρετόν
1359 4541 1417 4592 VB¹
1526 4542 1558 4595 16
1576 4543 1645 4598 αἰνιό

276 4620 398 4692 διαιρετόν
417 4621 459 4673 καὶ
478 4621 517 4673 ἀδ.
537 4623 605 4674 vict.
712 4621 755 4673 καὶ
773 4622 890 4674 τάναντία
909 4623 977 4675 vict.
1086 4624 1117 4675 18
1140 4624 1161 4676 εἰ
1181 4623 1236 4689 Sp.:
1256 4644 1272 4694 η
1292 4626 1382 4694 (supra
1400 4644 1416 4696 η
1434 4626 1486 4694 lib)
1504 4632 1538 4682 V:
1557 4630 1573 4699 ἡ
1595 4634 1643 4686 Sl:

277 4707 298 4758 εἰ
315 4708 331 4775 ἡ
351 4709 398 4760 θ’ἰο
514 4710 548 4761 20
569 4709 584 4776 ἠ
605 4709 662 4776 μίαν
681 4708 724 4758 καὶ
742 4706 786 4759 blo
807 4710 886 4761 vice:
906 4706 922 4780 ή
943 4710 987 4776 μία
1006 4712 1048 4761 καὶ
1067 4706 1083 4785 r]
1103 4710 1147 4762 δύο
1166 4712 1246 4764 Arist.
1265 4712 1335 4781 vulg.
1462 4709 1492 4786 ᾗ]
1512 4714 1539 4785 br
1559 4720 1581 4768 V
1603 4720 1644 4786 (el

276 4792 392 4860 21-23)
499 4795 541 4848 20.
561 4796 591 4848 21
618 4793 756 4865 ἀδιαίρετον
775 4797 856 4849 Arist.
875 4797 944 4865 vulg.
1053 4797 1087 4850 23
1110 4797 1145 4855 ὡς
1165 4799 1359 4869 κεχωρισμένων
1379 4801 1459 4853 Arist
1478 4801 1549 4872 vulg.

275 4879 310 4932 24
333 4879 371 4948 έν]
397 4880 423 4932 ἰν
442 4881 502 4934 libri
609 4882 642 4934 26
661 4879 760 4950 αῦτηα
867 4881 900 4933 28
919 4882 1011 4934 τοῦτου
1030 4883 1087 4950 Sp.:
1106 4889 1181 4936 τοῦτο
1200 4884 1259 4937 libri
