3548 5604
573 281 704 341 ΗΘΙΚΩΝ
724 281 987 340 ΠΡΟΒΛΗΜΑΤΩΝ
1009 285 1077 339 1-3
1447 283 1505 346 121

201 460 356 545 ἐνεργείαις
378 460 479 542 ἡδοναὶ
504 458 691 541 ἐμποδίζουσι
712 457 763 527 τάς
783 455 829 521 ἐπ’
857 456 957 527 άλλαις
978 454 1127 539 γινομένας
1151 455 1194 538 (οἱ
1214 458 1282 537 γοῦν
1304 454 1454 540 χαίροντες

199 566 238 644 τῇ
271 562 328 625 ἀπὸ
360 565 412 624 τού
444 559 543 624 αὐλεῖν
573 563 667 646 ἡδονῇ
702 560 797 625 οὐκέτι
830 560 976 636 δύνανται,
1011 558 1126 622 ἐπειδὰν
1156 558 1320 623 ἀκούσωσιν
1351 556 1453 631 αύλού,
1480 573 1495 616 ο

200 665 325 750 ἥδεσθαι
351 669 414 733 ταῖς
435 663 484 726 ἐπὶ
511 668 554 749 τῷ
582 666 755 747 μυθολογεῖν
781 661 848 749 φέρ’,
875 663 964 726 εἰπεῖν
991 661 1185 745 γινομέναις),
1211 659 1268 722 εἶεν
1296 658 1330 722 ἀν
1353 660 1454 742 ἡδοναὶ

203 769 315 852 ἡδονῶν
342 765 509 851 φθαρτικαῖ.
561 768 588 830 εἰ
617 766 645 829 δ’
677 767 749 830 εἰσὶν
778 766 880 850 ἡδοναὶ
908 767 1022 849 ἡδονῶν
1049 764 1220 848 ρθαρτικαί,
1255 762 1308 827 οὐκ
1337 761 1371 825 ἀν
1397 761 1455 825 εἶεν

165 872 358 952 ούμυειδεῖς,
385 867 510 954 ἔχουσαί
529 893 561 952 γε
583 873 668 933 τούτο
696 870 766 955 πρὸς
788 867 917 950 ἀλλήλας
945 867 961 931 δ
984 864 1048 953 ἔχει
1074 865 1210 930 τάναντιά
1236 866 1308 950 πρὸς
1329 864 1452 948 ἀλληλα.
1469 880 1496 923 ιο

200 974 234 1038 ού
256 975 329 1058 γάρ,
357 973 458 1057 ῶσπερ
481 974 500 1056 ἡ
523 971 598 1055 αύτὴ
622 973 703 1055 ὑγεία
725 973 896 1056 περιγίνεται
922 974 981 1040 τοῖς
1008 969 1045 1032 τὰ
1066 968 1140 1032 αὐτὰ
1163 968 1375 1052 ἰατρευομένοις
1398 971 1455 1031 δια·

202 1077 310 1162 φύρως,
335 1075 383 1137 καὶ
398 1073 481 1137 οὐδὲν
497 1073 642 1137 κωλύεταί
662 1098 704 1143 τις
726 1075 778 1156 τὴν
801 1073 891 1157 αὐτὴν
907 1071 987 1159 ἔχειν
1010 1073 1106 1154 ὑγείαν
1130 1071 1234 1134 ἀλλοτε
1249 1071 1346 1141 άλλως
1370 1071 1453 1154 θερα·

200 1177 374 1261 πενόμενος,
403 1177 496 1246 ούτως
519 1178 551 1239 δὲ
572 1174 638 1260 ἔχει
665 1176 782 1240 καὶέπὶ
805 1180 864 1239 τῶν
887 1176 1038 1261 ἐνεργειῶν
1068 1198 1098 1237 τε
1120 1175 1168 1238 καὶ
1195 1179 1253 1237 τῶν
1281 1173 1327 1237 ἐπ’
1355 1173 1455 1242 αὐταῖς
1469 1190 1496 1232 ιο

200 1281 324 1363 ἡδονῶν.
362 1278 396 1342 ού
418 1278 473 1362 γάρ
496 1277 557 1341 οίύν
580 1301 612 1341 τε
633 1279 688 1361 τὴν
710 1277 757 1341 ἐπ’
778 1278 854 1360 άλλη
879 1281 931 1340 τινὶ
954 1278 1081 1362 ἐνεργείᾳ
1104 1277 1212 1361 ἡδονὴν
1234 1275 1385 1360 γινομένην
1407 1276 1456 1340 καί

151 1402 182 1449 10
200 1379 245 1445 ἐπ’
274 1381 350 1464 άλλη
377 1380 523 1464 γενέσθαί.
568 1379 603 1443 οὐ
629 1380 685 1464 γάρ
712 1380 773 1444 υίύν
800 1404 832 1443 τε
857 1381 907 1450 τὰς
936 1382 965 1444 ἐν
993 1386 1056 1450 ταῖς
1082 1385 1275 1464 σωφρονικαῑς
1302 1379 1456 1462 ἐνεργείαις

201 1485 307 1569 ἡδονὰς
330 1485 379 1547 ἐπὶ
401 1489 461 1553 τοῖς
483 1484 656 1552 ἀκολάστοις
679 1483 815 1566 γενέσθαι
838 1484 918 1546 ποτέ.

201 1743 256 1807 III.
295 1738 365 1806 Ὁτι
380 1742 608 1827 δικαιοσύνης
630 1742 687 1805 καλ
707 1741 845 1810 ἀδικίας
867 1743 925 1805 καὶ
949 1742 1038 1810 ἕλως
1062 1742 1189 1826 ἀρετῆς
1210 1741 1317 1803 τεκαὶ
1334 1740 1497 1808 κακίαςευ

621 1845 716 1910 ἐστίν
738 1868 789 1914 τις
811 1844 880 1915 ἕξις
903 1844 1041 1927 μεταξύ.

284 2013 354 2081 Ὅτι
377 2015 561 2099 δικαιοσύνης
583 2017 631 2079 καὶ
647 2015 758 2084 ἀδικίας
780 2016 827 2079 καὶ
851 2015 928 2085 ύλως
950 2016 1056 2098 ἀρετὴς
1078 2038 1109 2078 τε
1131 2017 1181 2078 καὶ
1196 2016 1295 2083 κακίας
1318 2013 1393 2077 ἐστίν
1415 2034 1457 2080 τις

153 2140 183 2188 15
202 2118 259 2188 ἕξις
282 2119 398 2203 μεταξύ,
422 2119 457 2202 ἡν
483 2117 487 2203 Ι
512 2118 605 2202 μέσην
628 2118 683 2188 ἕξιν
703 2119 835 2201 λέγομεν.
873 2119 899 2182 εἰ
921 2121 940 2202 ἡ
964 2119 1129 2201 δικαιοσύνη
1153 2119 1201 2181 καλ
1223 2117 1358 2200 ἡάδικία
1379 2118 1436 2178 δια·
1459 2120 1510 2178 232

203 2222 300 2292 θέσεις
321 2220 383 2286 κατ’
412 2222 531 2296 αὐτούς,
562 2223 592 2284 αί
619 2222 652 2284 δέ
675 2221 821 2291 διαθέσεις
847 2220 1059 2306 ἀναπόβλητοι,
1087 2217 1146 2283 οὔτ’
1176 2218 1210 2283 ἀν
1238 2220 1267 2289 ἐξ
1295 2220 1396 2283 ἀδίκου
1418 2219 1457 2300 γί·

202 2323 295 2406 γνοιτύ
322 2348 364 2393 τις
385 2325 508 2399 δίκαιος,
535 2322 602 2386 οὔτε
624 2323 658 2387 ἐκ
685 2324 797 2387 δικαίου
821 2321 929 2392 ἄδικος.
971 2324 1094 2405 γίνονται
1122 2322 1153 2385 δέ
1182 2345 1254 2391 τινες
1280 2324 1384 2385 δίκαιοι
1412 2320 1460 2384 καὶ

206 2424 299 2490 ἄδικοι
322 2427 356 2490 σύ
379 2427 518 2511 πρότερον
542 2424 635 2494 ὄντες·
663 2426 784 2507 γίνοιντο
809 2425 843 2488 ἀν
868 2424 901 2488 έκ
924 2449 998 2495 τινος
1020 2425 1112 2509 ἄλλης
1133 2427 1348 2495 καταστάσεως.
1383 2425 1458 2487 ἀλλὰ
1485 2439 1499 2480 ⁵

206 2530 263 2614 μὴν
287 2534 343 2593 πᾶν
365 2532 399 2594 τὸ
421 2531 568 2612 γινόμενον
591 2529 610 2612 ἡ
634 2527 663 2597 ἐξ
686 2529 813 2591 ἐναντίου
835 2529 942 2610 γίνεται
963 2529 982 2612 ἡ
1005 2551 1079 2598 τινος
1102 2529 1207 2610 μεταξύ
1231 2528 1312 2597 ὄντος
1334 2533 1392 2590 τῶν
1416 2528 1457 2590 ἐ·

154 2651 187 2698 εο
205 2632 318 2694 αντίων.
364 2633 412 2695 καὶ
436 2634 451 2695 6
475 2633 584 2701 δίκαιος
606 2630 663 2714 ἀρα
687 2632 734 2694 καὶ
758 2633 773 2693 6
797 2631 896 2699 άδικος
919 2631 938 2713 ἡ
961 2630 990 2700 ἐξ
1014 2632 1141 2694 ἐναντίου
1163 2632 1288 2712 γίνονται
1310 2632 1329 2714 ἡ
1353 2631 1386 2693 ἐκ
1407 2634 1459 2692 τοῦ

204 2733 319 2818 μεταξύ.
369 2733 403 2797 ού
430 2735 551 2816 γίνονται
579 2734 612 2796 δέ
639 2732 672 2796 ἐκ
698 2737 750 2795 τού
777 2734 923 2807 ἐναντίου,
954 2734 988 2796 ἐκ
1015 2738 1066 2796 τοῦ
1095 2733 1200 2816 μεταξύ
1226 2732 1318 2818 (ἄρα).
1368 2733 1398 2802 ἐξ
1424 2733 1502 2817 ἡςιυ

203 2834 261 2920 (δέ)
284 2837 490 2904 καταστάσεως
518 2837 545 2898 οἱ
568 2836 672 2898 δίκαιοι
700 2837 748 2898 καὶ
776 2836 803 2897 υί
830 2834 924 2898 ἄδικοι
951 2836 1088 2917 γίνονται,
1115 2835 1189 2918 αύτη
1218 2834 1251 2898 ἀν
1279 2835 1326 2918 εἴη
1353 2834 1459 2915 μεταξύ

207 2938 390 3021 δικαιοσύνης
412 2939 461 3001 καὶ
483 2938 603 3006 ἀδικίας.
643 2939 659 3000 6
682 2935 707 3000 δ’
735 2935 821 3006 αὐτὸς
844 2937 928 3019 λύγος
951 2939 998 3000 καὶ
1022 2937 1071 3000 ἐπὶ
1094 2939 1190 3022 πάσης
1212 2939 1319 3022 ἀρετῆς
1342 2939 1389 3002 καλ
1412 2961 1460 3001 κα·

203 3040 275 3108 κίας.
325 3040 351 3102 εἰ
378 3040 411 3102 δέ
438 3039 548 3122 λέγοιεν
575 3039 626 3108 τάς
655 3040 755 3107 κακίας
783 3039 824 3122 μὴ
851 3039 925 3102 εἶναι
953 3039 1098 3108 διαθέσεις
1130 3037 1197 3123 μηδ’
1230 3040 1459 3125 ἀναποβλὴτους,
1475 3055 1501 3097 ιο

152 3164 185 3213 25
204 3142 280 3206 ἀλλά
296 3142 485 3226 μεταβάλλειν
508 3141 586 3210 τινάς
609 3143 700 3226 μηδὲν
717 3141 839 3204 κωλύειν
862 3141 893 3210 ἐξ
915 3142 1026 3210 ἀδικίας
1048 3142 1090 3210 είς
1104 3143 1297 3225 δικαιοσύνην,
1320 3145 1368 3204 καλ
1384 3140 1460 3211 ὅλως

205 3247 239 3310 ἐκ
261 3245 363 3312 κακίας
386 3245 426 3311 εἰς
447 3243 564 3326 ἀρετήν,
587 3243 647 3306 ἀλλ’
668 3242 710 3313 είς
731 3266 764 3325 γε
785 3243 838 3325 τὴν
861 3244 961 3306 κακίαν
985 3243 1075 3306 πύθεν
1100 3245 1341 3329 μεταβάλλουσιν;
1365 3245 1390 3307 εί
1403 3243 1458 3327 γὰρ

205 3349 241 3431 δὴ
265 3347 296 3410 ἐν
319 3352 356 3429 τῇ
379 3345 465 3429 φύσει
486 3349 537 3408 τού
556 3347 715 3429 ἀνθρώπου
738 3346 790 3428 τἠν
814 3346 914 3408 κακίαν
937 3344 1079 3409 εἶναικαὶ
1103 3349 1211 3415 πάντας
1232 3348 1389 3429 γεννᾶσθαι
1412 3362 1501 3411 not-2⁰

206 3451 284 3525 κυύς,
308 3448 356 3512 καὶ
379 3446 425 3532 εἴη
449 3446 483 3508 ἀν
507 3447 580 3510 κατὰ
602 3448 687 3531 φύσιν
710 3448 729 3529 ἡ
753 3447 839 3509 κακία
862 3452 922 3516 τοῖς
944 3449 1120 3532 ἀνθρώποις.
1166 3449 1200 3511 ού
1223 3450 1310 3512 δὲτὸ
1333 3450 1457 3513 ἐναντίον

205 3552 279 3616 κατὰ
304 3552 388 3635 φύσιν
411 3550 473 3623 τινί,
496 3549 590 3634 τούτῳ
613 3551 646 3612 τδ
669 3549 794 3611 ἐναντίον
818 3548 897 3631 παρά
919 3551 1016 3634 φύσιν·
1045 3550 1124 3636 παρὰ
1146 3551 1231 3635 φύσιν
1254 3549 1310 3633 ἀρα
1333 3557 1392 3620 τοῖς
1414 3553 1459 3615 ἀν·

155 3675 188 3724 30
206 3658 337 3739 θρώποις
360 3654 378 3736 ἡ
403 3651 569 3733 δικαιοσύνη
593 3651 640 3713 καὶ
663 3654 681 3733 ἡ
706 3651 805 3735 ἀρετή.
841 3652 866 3713 εί
889 3652 921 3714 δὲ
943 3657 1027 3715 τοῦτο
1050 3652 1168 3727 ἄτοπον,
1191 3655 1238 3715 δεῖ
1257 3653 1387 3734 γίνεσθαι
1410 3657 1458 3719 τὸν
1472 3671 1499 3713 κε

205 3757 303 3822 ἄδικον
327 3755 436 3828 ἀδικυν,
461 3755 560 3836 ῶσπερ
583 3754 689 3834 γίνεται
712 3754 758 3816 καὶ
783 3755 798 3816 6
822 3754 931 3822 δίκαιος
953 3754 1097 3839 (δίκαιος.)
1141 3755 1171 3823 ἐξ
1194 3755 1229 3839 ἡς
1252 3756 1284 3817 δὲ
1307 3755 1396 3825 ἕξεως
1419 3759 1460 3827 εἰς

205 3861 258 3944 τὴν
282 3857 393 3922 ἀδικίαν
417 3858 436 3939 ἡ
462 3856 465 3940 λ
491 3857 653 3940 μεταβολή,
681 3856 754 3939 αύτη
780 3853 813 3917 ἀν
835 3854 882 3939 εἴη
905 3858 924 3939 ἡ
949 3858 1034 3940 μέση.
1079 3858 1105 3920 εἰ
1128 3859 1160 3920 δὲ
1182 3857 1291 3939 λέγοιεν
1315 3858 1438 3941 μηδέπω
1461 3867 1513 3924 233

205 3963 272 4030 τοὺς
295 3961 398 4027 παῖδας
420 3958 553 4041 λογικοὺς
574 3957 662 4031 εἶναι,
690 3959 734 4021 διδ
758 3960 833 4041 μηδὲ
856 3959 984 4028 δικαίους
1012 3960 1086 4043 μηδὲ
1109 3960 1226 4028 ἀδίκους
1252 3960 1383 4041 (λογικοῦ
1406 3961 1460 4048 γὰρ

155 4182 167 4232 l
187 4179 328 4250 γινομέναισ
347 4180 382 4229 V¹
401 4179 476 4245 (corr.
495 4177 543 4244 W)
639 4178 654 4229 2
673 4179 775 4232 δύναναι
794 4181 829 4231 V¹
849 4182 925 4246 (corr.
944 4180 991 4245 W)
1100 4178 1177 4231 αύλού
1198 4179 1296 4232 viem:
1322 4180 1399 4233 αὑτοῦ
1419 4182 1478 4236 libri

152 4268 169 4321 3
193 4267 223 4319 ἀν
241 4265 285 4319 σύν
304 4265 341 4318 V²
429 4265 445 4318 5
468 4265 481 4318 6
503 4266 538 4318 V²
558 4266 643 4318 Vict?
666 4270 724 4331 Sp.:
750 4269 765 4319 δ
785 4269 833 4319 V¹:
857 4269 886 4325 ἀς
904 4271 961 4321 SFa
1050 4269 1074 4320 6.
1094 4269 1108 4318 ῖ
1135 4267 1260 4339 διαφόρως
1278 4269 1361 4321 B²s²a
1383 4274 1439 4339 Sp.:
1464 4272 1514 4324 δια-

152 4353 237 4426 φόροις
260 4354 373 4408 VFB¹S¹
459 4355 487 4406 ll
509 4353 571 4422 τοῖς]
590 4361 645 4412 ταῖς
657 4357 702 4421 Sp.
798 4355 830 4408 12
849 4372 887 4424 pr.
907 4357 961 4421 καλ]
980 4375 1007 4409 τε
1026 4358 1069 4408 καλ
1085 4357 1158 4421 aSp.
1250 4357 1281 4407 14
1300 4373 1338 4424 pr.
1352 4360 1406 4423 καὶ]
1424 4378 1451 4412 τε
1471 4361 1515 4412 καὶ

152 4444 224 4509 usp.
309 4441 339 4494 18
359 4440 533 4508 ἀνούνεὸρ.
618 4442 648 4493 19
667 4443 758 4510 γίνεται
771 4445 829 4510 Sp.:
848 4445 939 4511 γίνοιτο
954 4445 1013 4497 libri
1095 4442 1136 4495 21.
1151 4443 1184 4495 22
1197 4447 1242 4495 τοῦ
1256 4442 1349 4510 μεταξύ
1364 4446 1420 4514 ἄρα.
1446 4446 1471 4506 ἐξ
1484 4446 1514 4517 ἡς

153 4527 179 4580 δλ
197 4527 248 4582 B²n
266 4528 322 4595 (sed
341 4532 387 4598 τῆς
405 4530 431 4594 υ)
451 4531 507 4595 Sp.:
539 4531 586 4598 τὴσ
605 4526 698 4596 μεταξύ
717 4528 777 4599 ἐξὴσ
797 4528 834 4596 (ἐξ
853 4530 882 4600 ἡς
900 4531 1048 4596 S¹)VS'L:
1076 4535 1122 4600 τῆς
1141 4529 1235 4598 μεταξὺ
1254 4530 1298 4583 σύν
1317 4532 1342 4591 ἐξ
1361 4533 1391 4601 ἡς
1410 4532 1435 4585 δέ
1449 4534 1514 4585 8²12:

152 4620 197 4686 τῆς
214 4616 259 4669 σύν
278 4615 371 4684 μεταξύ
390 4616 416 4677 ἐξ
434 4616 464 4687 ἡς
483 4616 530 4686 ἄρα
549 4620 582 4668 F:
606 4620 652 4686 τῆς
671 4616 764 4684 μεταξὺ
784 4617 841 4687 ἐξὴς
861 4619 909 4687 ἄρα
929 4621 951 4671 G
1059 4619 1099 4669 26.
1121 4618 1153 4669 27
1172 4619 1193 4669 τί
1212 4619 1258 4688 γὰρ
1278 4618 1320 4688 δἠ]
1341 4620 1361 4671 εί
1379 4623 1425 4688 γὰρ
1445 4620 1481 4671 δεῖ
1495 4625 1514 4671 L

154 4704 234 4756 Victa
253 4702 334 4773 ἡγὰρ
353 4703 389 4756 δεῖ
400 4704 482 4757 δὲΒδι
502 4703 552 4768 (ςιί
572 4704 705 4769 siveram,
725 4705 767 4757 καλ
780 4714 840 4758 ante
860 4705 898 4773 τίη
918 4704 982 4755 del.“
996 4706 1053 4770 Sp.)
1143 4704 1176 4755 28
1195 4703 1252 4756 ούδε
1264 4709 1295 4755 V:
1316 4703 1336 4773 η’»
1357 4706 1382 4756 δὲ
1396 4708 1478 4757 λιταί

153 4788 185 4841 31
206 4789 292 4844 ἀδικον
311 4790 357 4843 ult.
376 4791 416 4843 m¹
436 4793 463 4843 in
483 4805 533 4858 mg.
554 4794 577 4841 V
684 4791 778 4849 δίκαιος
797 4791 858 4843 add.
877 4795 921 4859 Sp.
1030 4790 1116 4844 δὲκαὶ
1136 4791 1251 4850 ἐξιωςΒ
1353 4794 1386 4843 33
1407 4793 1514 4844 sortasse

154 4877 328 4948 μύει-νοτε
