3540 5610
230 308 290 373 132
453 305 619 377 [ΑΙΙΟΡΙΩΝ
640 305 699 362 ΙίΑΙ
720 304 853 363 ΛΥΣΕΩΝ
871 304 1014 361 ΒΙΒΛΙΟΝ
1033 303 1220 362 ΙἘἸἉΡΙῸΝ
1242 305 1356 375 11-13]

281 504 312 543 τε
334 482 386 565 τὴν
408 482 503 568 ἀρχὴν
526 480 605 568 ἔχειν
628 487 685 546 τῶν
709 481 913 567 πραττομένων
936 483 983 546 καλ
1006 479 1047 545 ἔτι
1070 481 1176 544 εἰδέναι
1199 479 1234 543 τὰ
1256 479 1325 544 καθ’
1345 479 1465 554 ἕκαστα,
1488 479 1532 541 ῶν

282 584 315 646 τὸ
339 587 390 666 μὲν
413 591 463 649 τοῦ
487 586 535 670 βία
558 585 735 669 ἀναιρετικὸν
758 585 833 659 ἐστι,
861 586 893 648 τὸ
921 585 953 647 δὲ
975 589 1025 647 τοῦ
1052 579 1089 647 δι’
1118 583 1242 665 ἄγνοιαν.
1287 584 1331 646 διὸ
1354 583 1417 665 α’ίμα
1440 582 1534 665 άμφυ·

281 686 373 771 τέμοις
395 694 454 757 τοῖς
473 692 523 751 τοῦ
540 688 679 751 ἀκουσίου
704 687 817 770 μέρεσιν
841 687 994 750 ἀντίκειται
1017 689 1049 750 τὸ
1066 686 1197 750 ἑκούσιον
1220 685 1337 748 ἐκείνων
1355 687 1430 769 μηδὲ
1453 705 1533 748 συνυ·
1546 700 1574 742 ει

281 792 402 875 πάρχειν
420 790 477 872 ἤδη
501 790 675 873 δυναμένων.
718 790 752 853 οὐ
775 789 829 874 γὰρ
852 789 912 854 οἷόν
935 813 965 852 τε
988 792 1036 852 τὸν
1060 791 1108 874 βία
1129 814 1155 852 τι
1178 794 1315 852 ποιοῦντα
1337 790 1357 872 6
1380 791 1532 873 πάσχοντα

243 911 258 960 5
279 893 326 954 καὶ
342 895 500 977 ἀγνοοῦντα
523 894 557 956 τὰ
578 892 644 956 καθ’
666 893 774 957 ἕκαστα
792 895 974 978 ἁμαρτάνειν.
1012 891 1095 956 οὐδὲν
1117 892 1171 976 γάρ
1196 891 1199 978 Ι
1223 894 1295 977 πρὸς
1316 894 1349 954 τὸ
1365 892 1509 960 ἀκουσίως
1531 899 1585 956 253

278 1002 370 1058 ποιεῖν
393 996 459 1065 τοὺς
482 996 671 1081 βιαζομένους
694 996 750 1058 ὑπό
773 1019 858 1058 τινων
883 999 1014 1059 συντελεῖ
1034 995 1169 1079 ηάγνοια
1192 997 1211 1080 6
1235 1002 1340 1079 γνῶσις
1362 1000 1421 1058 τῶν
1443 994 1529 1058 καθέ·

277 1120 378 1162 καστα.
418 1099 471 1162 οὐκ
494 1102 652 1184 ἀναιρεῖται
674 1100 706 1163 δὲ
729 1101 745 1163 6
769 1098 857 1168 τάπος
879 1099 947 1162 οὐδὲ
970 1100 1026 1161 ὑπὸ
1049 1102 1100 1161 τοῦ
1122 1099 1155 1161 τὸ
1180 1100 1232 1182 μὲν
1256 1101 1348 1180 φιλεῖν
1371 1101 1529 1182 πολλαχῶς

275 1201 425 1284 λέγεσθαι,
453 1205 485 1267 τὸ
509 1205 540 1266 δὲ
556 1206 656 1285 Ιμισεῖν
685 1203 810 1266 ἐναντίον
838 1202 870 1265 ὃν
893 1201 974 1286 αὐτῷ
1003 1201 1105 1285 μηκέτι
1130 1201 1268 1284 λέγεσθαι
1290 1205 1457 1286 πολλαχῶς.
1503 1203 1530 1264 εἰ
1556 1217 1571 1258 ⁵

277 1305 397 1389 μὲνγὰρ
420 1305 456 1391 ἦν
479 1307 512 1369 τὸ
529 1311 622 1388 μισεῖν
645 1306 728 1368 παντὶ
751 1310 793 1390 τη]
817 1308 909 1390 φιλεῖν
932 1305 1068 1379 ἐναντίον,
1091 1306 1138 1368 καὶ
1163 1307 1203 1388 μὴ
1220 1308 1378 1389 πολλαχῶς
1401 1304 1525 1385 ἐλέγετο,

225 1428 256 1474 10
276 1408 409 1492 άνηρεῖτο
433 1408 467 1472 ἂν
490 1411 506 1472 6
529 1409 630 1478 τόπος·
662 1410 742 1472 εἰδὲ
765 1410 797 1471 τὸ
822 1413 915 1491 μισεῖν
944 1408 1025 1492 μάνιρ
1048 1409 1125 1472 ἐστὶν
1152 1408 1277 1471 ἐναντίον
1300 1411 1341 1492 τῷ
1365 1409 1458 1492 φιλεῖν
1482 1410 1525 1492 τηῖ

274 1512 349 1575 κατὰ
380 1514 522 1591 διάθεσιν,
555 1512 650 1576 οὐκέτι
677 1512 709 1575 δὲ
742 1512 790 1574 καῖ
818 1516 860 1596 τῷ
889 1514 1071 1595 καταφιλεῖν,
1106 1511 1139 1574 οὐ
1168 1511 1353 1596 διαβάλλεται
1380 1511 1396 1573 6
1427 1509 1523 1579 τόπος.
1543 1528 1572 1569 το

274 1614 338 1678 τότε
364 1615 419 1698 γάρ
447 1617 629 1701 ὃιαβάλλοιτο
657 1612 707 1690 άν,
735 1615 761 1676 εἰ
788 1616 872 1677 παντὶ
899 1619 941 1699 τῷ
970 1615 1175 1697 σημαινομένῳ
1204 1614 1259 1676 ὑπὸ
1287 1618 1337 1677 τοῦ
1365 1615 1523 1697 πολλαχῶς

272 1717 429 1801 λεγομένου
452 1717 484 1781 ὂν
506 1718 631 1781 ἐναντίον
654 1741 680 1780 τι
707 1719 747 1801 μὴ
772 1715 818 1801 είη
841 1719 889 1780 καλ
916 1717 987 1780 αὐτὸ
1013 1719 1171 1801 πολλαχῶς
1194 1718 1357 1800 λεγόμενον.
1403 1720 1445 1800 τηῖ
1469 1716 1524 1800 γὰρ

271 1823 368 1906 λευκῷ
395 1824 553 1906 πολλαχῶς
578 1820 727 1905 λεγομένῳ
754 1821 787 1883 τὸ
815 1819 904 1901 μέλαν
932 1820 1057 1883 ἐναντίον
1085 1819 1116 1882 ὃν
1140 1823 1298 1904 πολλαχῶς
1319 1819 1448 1903 λέγεται,
1480 1818 1567 1882 ὅττευ

222 1944 251 1991 15
271 1928 341 1986 πᾶσι
367 1930 426 1992 τοῖς
452 1922 675 2006 σημαινομένοις
702 1922 758 1985 ὑπὸ
785 1927 835 1986 τοῦ
864 1926 969 1986 λευκοῦ
997 1923 1121 1986 ἐναντίον
1145 1923 1235 1986 ἐστίν·
1268 1921 1316 1985 καὶ
1343 1920 1398 2006 γὰρ
1425 1927 1468 2007 τῷ
1492 1924 1522 1987 ἐν

270 2029 404 2113 χρώματι
426 2029 521 2111 λευκῷ
550 2028 597 2089 καὶ
619 2030 661 2111 τιγῖ
690 2026 721 2088 ἐν
744 2031 828 2110 φωνῇ
857 2025 982 2089 ἐναντίον
1009 2026 1042 2089 τὸ
1066 2026 1170 2108 μέλαν,
1199 2029 1239 2093 ῶς
1266 2022 1297 2087 εί
1314 2046 1347 2106 γε
1370 2023 1458 2107 μένον
1482 2024 1519 2109 ἦν

271 2133 314 2212 τῷ
339 2150 431 2212 ετερφ
453 2133 549 2191 αυτῶν
573 2128 710 2203 ἐναντίον,
734 2126 796 2193 οὐδ’
822 2127 893 2192 αὐτὸ
918 2127 951 2191 ἂν
974 2127 1088 2210 ἐλέγετο
1111 2131 1279 2212 πολλαχῶς.

269 2384 338 2448 XII.
379 2383 413 2448 Ἡ
435 2386 526 2456 λέξις
547 2386 585 2450 ἐκ
606 2391 665 2448 τοῦ
688 2386 804 2470 τρίτου
828 2391 894 2449 τῶν
920 2385 1179 2471 Νικομαχείων.

347 2554 509 2621 ((Ἔοικεν
532 2558 572 2640 66
596 2559 632 2619 τὸ
656 2558 769 2641 βίαιον
792 2557 896 2632 εἶναι,
919 2557 958 2621 οὔ
981 2558 1112 2628 ἕῖωλλεν
1134 2560 1153 2641 ἡ
1177 2558 1285 2642 ἀρχή,
1308 2559 1416 2642 μηδὲν
1440 2579 1524 2640 συμ·

215 2676 248 2723 20
267 2659 485 2743 βαλλομένου
507 2664 567 2722 τοῦ
590 2659 836 2744 βιασθέντος”.
1536 2678 1565 2720 25

346 2759 415 2827 Ὅτι
441 2764 473 2825 τὸ
504 2762 539 2824 ἐν
566 2759 586 2845 6
620 2764 728 2846 μηδὲν
761 2765 1019 2848 συμβάλλεὶται
1047 2766 1245 2847 ὁπράττων
1268 2765 1287 2848 6
1311 2766 1327 2827 6
1350 2768 1496 2849 πάσχων
1521 2775 1576 2831 254

267 2864 345 2927 εἶπεν
375 2866 404 2928 ἐν
437 2872 496 2935 τοῖς
529 2863 694 2950 ἔμπροσθεν
727 2867 789 2929 ἀντὶ
816 2871 866 2929 τοῦ
899 2868 914 2930 6
943 2867 1085 2951 βιασθείς,
1120 2867 1166 2930 διὰ
1197 2871 1249 2930 τοῦ
1279 2871 1328 2930 νῦν
1362 2869 1520 2951 εἰρημένου

265 2965 369 3037 ἔδειξεν
394 2971 564 3055 μεταλαβὼν
588 2970 636 3032 καῖ
653 2969 756 3052 μηκέτι
777 2970 868 3032 εἰπὼν
887 2968 993 3053 ιμηδὲν
1010 2969 1248 3054 συμβαλλομένου
1270 2975 1321 3033 τοῦ
1344 2973 1520 3055 πρέποντος

266 3070 285 3152 6
313 3072 501 3158 πάσχοντος’,
539 3072 612 3135 ἀλλὰ
644 3073 704 3134 άντῖ
736 3073 844 3136 τούτων
876 3074 966 3135 εἰπὼν
995 3077 1054 3135 τοῦ
1093 3071 1313 3157 βιασθέντος.
1361 3074 1434 3137 ποτὲ
1466 3078 1520 3158 μὲν
1547 3095 1562 3135 υ

213 3190 246 3239 25
266 3177 398 3257 πράττειν
427 3175 557 3256 λέγομεν,
587 3175 657 3236 ποτὲ
686 3174 717 3236 δὲ
745 3176 882 3259 πάσχειν·
914 3177 961 3238 καὶ
984 3176 1038 3258 γὰρ
1057 3173 1204 3259 βιασθεὶς
1226 3174 1357 3259 ἔπραξεν’
1385 3179 1434 3240 καὶ
1452 3178 1519 3264 ζβία

265 3275 386 3338 έπαίλεν’
414 3277 543 3360 λέγομεν.
592 3278 688 3360 ἀρχὴν
717 3275 742 3338 δ’
773 3275 806 3338 ἂν
835 3276 913 3358 λέγοι
940 3275 1048 3344 έίωίλεν
1076 3276 1148 3339 εἶναι
1175 3277 1223 3340 ἐπὶ
1250 3283 1308 3340 τῶν
1336 3279 1519 3364 βιαζομένων

265 3380 316 3460 τὴν
340 3381 501 3463 ποιητικην.
546 3381 565 3463 ἡ
590 3380 641 3461 μὲν
664 3378 718 3461 γὰρ
742 3379 839 3461 τελικη
862 3380 910 3442 καὶ
933 3378 967 3442 οίι
991 3380 1086 3443 ἕνεκεν
1111 3382 1189 3444 αἰτία
1211 3378 1285 3445 οὖσα
1307 3380 1416 3451 ἔξωθέν
1437 3385 1517 3452 ἐστιν
1533 3405 1561 3447 ιο

264 3480 312 3542 ἐπὶ
340 3483 454 3545 πάντων
483 3487 539 3543 τῶν
568 3482 792 3565 πρασσομένων,
820 3481 851 3544 εί
868 3505 901 3563 γε
927 3487 984 3550 τοῖς
1012 3485 1028 3546 6
1050 3486 1183 3568 πράττων
1211 3483 1297 3548 ἕνεκά
1319 3509 1369 3549 του
1395 3491 1518 3573 πράττει

264 3583 279 3646 6
308 3591 442 3669 πράττει,
477 3586 493 3648 6
520 3584 595 3647 ἐστιν
630 3584 713 3652 ἐκτὸς
744 3584 841 3647 αὐτοῦ.
891 3584 933 3647 ἔτι
961 3608 992 3648 τε
1021 3585 1082 3649 οὐδ’
1115 3585 1149 3649 ἂν
1181 3586 1227 3671 εἴη
1263 3588 1293 3651 ἐν
1321 3594 1380 3659 τοῖς
1413 3592 1462 3676 βίᾳ
1491 3618 1518 3656 τι

211 3706 244 3753 3ο
264 3691 436 3770 πράττουσιν
467 3687 486 3770 6
514 3688 676 3771 πάσχουσιν
708 3689 727 3769 6
756 3692 796 3756 ὡς
823 3687 906 3756 τέλος
932 3688 1017 3751 αἰτία.
1070 3689 1103 3752 οὐ
1129 3689 1184 3773 γὰρ
1217 3692 1233 3753 6
1262 3691 1431 3776 βιαζόμενος
1457 3695 1517 3758 ὑπό
1533 3714 1559 3756 ια

262 3814 336 3860 τινος
358 3793 440 3859 τέλος
462 3815 488 3853 τι
511 3788 573 3876 ἔχει
600 3790 786 3873 προκείμενον
809 3791 900 3875 αὐτῷ,
929 3791 962 3853 οίι
987 3794 1071 3876 χάριν
1099 3792 1155 3853 ὑπὸ
1186 3796 1237 3854 τοῦ
1261 3794 1432 3877 βιαζομένου
1455 3800 1518 3881 βιά-

264 3898 350 3964 ζεται.
389 3899 430 3979 τῷ
454 3895 505 3977 μὲν
527 3893 581 3977 γὰρ
604 3893 767 3977 βιαζομένῳ
788 3896 850 3957 τινὰ
865 3892 888 3975 ’β
904 3896 952 3956 καὶ
970 3898 1055 3957 τοῦτο
1071 3897 1193 3978 πράττον
1210 3895 1228 3978 6
1245 3895 1327 3966 τέλος
1348 3923 1375 3960 τι
1401 3899 1517 3984 πρόκει·

261 4021 316 4072 ται,
339 3998 387 4060 καὶ
410 3998 457 4060 διὰ
480 4001 564 4060 τοῦτο
587 4000 698 4073 τοῦτον,
722 3995 753 4059 ὃν
776 3998 915 4081 βιάζεται,
938 3996 1103 4082 (βιάζεται),
1125 3997 1206 4087 αὐτῷ
1231 4000 1264 4062 δὲ
1291 4000 1382 4064 οὐδέν.
1429 4004 1457 4066 οί
1480 4007 1515 4068 δὲ

208 4170 363 4177 ——.--
374 4172 586 4178 .-——-——
593 4172 606 4178 ..

112 4306 115 4312 ·
206 4287 230 4338 ι).
250 4287 265 4339 3
285 4288 444 4359 ἀμφοτέροις]
464 4287 606 4357 ἀμφοτέρας
625 4307 641 4340 ε
733 4287 829 4357 ἵυπὸ]
849 4288 888 4339 ἐπὶ
907 4290 984 4355 aSp.
1077 4290 1108 4342 10
1127 4291 1165 4360 τῷ
1183 4290 1265 4344 B²s²a
1283 4294 1340 4360 Sps
1361 4297 1407 4345 τοῦ
1428 4298 1520 4349 VB¹S¹

209 4377 239 4427 14
258 4375 286 4426 ὃν
305 4391 354 4427 om.
375 4396 389 4427 a
408 4379 451 4442 Sp.
545 4378 574 4428 16
593 4376 643 4444 τῷ]
662 4376 691 4428 τὸ
705 4396 721 4427 ιι
812 4377 843 4427 18
863 4376 966 4428 titulum
987 4393 1017 4428 ea
1036 4376 1118 4430 forma
1136 4379 1248 4431 reddunt
1263 4381 1329 4433 vict.
1347 4387 1373 4433 et
1391 4381 1436 4449 Sp.
1450 4397 1505 4450 qua
1523 4402 1568 4438 ex·

205 4468 257 4514 stat
276 4465 303 4514 in
317 4464 407 4516 tabula
495 4464 524 4515 ἐκ
543 4463 697 4533 τοῦτρίτου]
718 4464 1085 4528 Eth.Nic.111‚1.1110⁸›15
1175 4466 1567 4539 21426132:inlit.vict.?=

204 4550 230 4600 ἓν
249 4551 264 4619 6
280 4553 355 4604 VB¹a
368 4554 412 4617 Sp.
503 4550 535 4602 22
555 4552 579 4602 ἐν
599 4558 650 4609 τοῖς
668 4550 820 4620 ἔμπροσθεν]
840 4552 1189 4616 Eth.Nie.111,1.1110·2
1287 4555 1320 4608 23
1340 4557 1492 4627 μεταβαλὼν
1512 4562 1568 4624 „vir

204 4637 295 4688 doctus
309 4640 337 4689 in
349 4639 466 4706 exemplo
481 4639 543 4691 bibl.
557 4641 628 4690 univ.
642 4641 757 4690 ΙΙυυυι.“
771 4643 815 4705 Sp.
897 4639 939 4691 24.
953 4640 985 4692 ‘25
1000 4641 1044 4708 μὲν
1058 4643 1104 4712 γὰρ
1116 4644 1233 4711 πράττειν
1245 4662 1261 4695 ε
1273 4646 1317 4711 Sp.
1399 4646 1432 4698 25
1450 4645 1565 4717 λεγοζμτν

203 4741 229 4806 (υ
242 4743 296 4794 sive
309 4759 338 4794 ου
352 4759 431 4811 supra
443 4761 456 4793 ν
472 4760 494 4794 ν.
507 4746 558 4810 εἲ)
571 4748 593 4794 V
666 4742 699 4795 28
712 4732 756 4796 τοῖ
770 4745 841 4796 sicV
914 4744 947 4796 29
962 4746 1062 4814 πράττει
1075 4744 1088 4797 ὃ
1101 4746 1136 4798 13²
1151 4744 1235 4799 vich?
1249 4750 1307 4816 Sp.:
1321 4751 1437 4820 πράττειν
1450 4751 1464 4802 6
1476 4756 1539 4804 vFa

202 4828 310 4881 αὐτοῖν
383 4831 417 4883 30
430 4831 445 4899 6
460 4830 522 4890 ῶςυ
593 4832 623 4883 3Ι
640 4832 710 4902 αὐτῷ
719 4849 735 4882 a
745 4835 788 4898 Sp.
861 4830 894 4884 32
908 4834 1017 4904 πράττον
1030 4832 1087 4904 6V:
1101 4837 1235 4906 πράττοντι
1245 4839 1286 4890 SB
1297 4840 1368 4901 (ante
1380 4838 1452 4898 τέλος
1465 4844 1563 4904 rasura)

201 4935 217 4968 ε
229 4920 288 4985 Sp.:
307 4918 415 4971 fortasse
434 4920 477 4970 καὶ
496 4922 571 4983 (τοῦ)
591 4923 665 4971 τοῦτο
685 4923 834 4991 πράττειν
853 4920 923 4979 τέλος
996 4921 1029 4973 ‘23
1050 4922 1077 4973 ὃν
1097 4938 1146 4975 om.
1166 4927 1238 4991 aSp.
1311 4925 1420 4994 βιάζεται
1438 4930 1528 4982 addidi
