3540 5610
547 299 626 358 ΠΕΡΙ
645 299 805 358 ΚΡΑΣΕΩΣ
824 301 883 360 ΚΑΙ
904 301 1080 360 mmm
1101 306 1199 359 10-11
1490 305 1554 370 2·Ζὸ

248 472 300 554 τὴν
323 471 355 534 δέ
377 471 560 557 πάσχουσαν,
594 473 738 559 μεμῖχθαι
771 478 808 557 τῆ
834 475 889 557 ύλη
912 474 1005 557 λέγειν
1029 476 1076 538 τδν
1100 474 1180 555 διύν,
1213 476 1261 539 διὰ
1291 478 1388 561 πάσης
1409 475 1499 559 αὐτῆς

250 574 386 657 διήκοντα
407 575 457 637 καὶ
480 577 698 659 σχηματίζοντα
719 575 821 658 αύτῆν,
842 578 891 640 καὶ
915 582 1081 662 μορφούντα
1096 579 1144 641 καλ
1160 583 1391 661 κοσμοποιούντα
1404 578 1500 661 τούτῳ

248 680 292 761 τῷ
315 676 426 760 τρύπιρ.
471 678 497 740 εἰ
517 677 571 762 γὰρ
594 679 663 748 δεδς
696 677 759 742 κατ’
787 678 892 748 αύτούς
915 684 1013 762 σῶμα,
1046 684 1160 763 πνεύμα
1193 681 1234 744 ὢν
1256 680 1355 765 νοερύν
1388 704 1419 744 τι
1452 680 1501 743 καὶ

248 776 349 854 ἀίδιον,
382 780 431 842 καλ
453 780 473 862 ῆ
497 779 551 864 ύλη
574 781 606 843 δὲ
629 785 728 865 σῶμα,
762 786 877 864 πρῶτον
901 783 952 864 μὲν
976 783 1058 845 ἔσται
1092 784 1176 846 πάλιν
1210 785 1309 866 διῆκον
1344 787 1431 864 σῶμα
1454 781 1501 845 διά
1515 797 1543 838 1⁰

213 882 395 963 οσιύματος,
421 879 520 945 ἔπειτα
542 884 575 945 τδ
598 888 712 966 πνεῦμα
733 887 818 947 τοῦτο
841 884 905 968 ῆτοι
928 909 953 948 τι
977 889 1033 947 τῶν
1056 886 1206 970 τεσσάρων
1226 890 1284 948 τῶν
1301 885 1402 948 ἁπλῶν
1419 881 1500 949 ἔσται

248 985 404 1066 σωμάτων,
437 983 457 1046 ἃ
482 987 531 1048 καὶ
554 989 687 1070 στοιχεῖά
708 1008 804 1070 φασιν,
828 987 847 1070 ἢ
872 986 906 1050 ἐκ
928 987 1037 1050 τούτων
1061 988 1204 1071 σύγκριμα
1226 987 1282 1069 (ῶς
1304 1011 1360 1051 που
1382 989 1430 1052 καὶ
1452 985 1501 1050 αύ-

248 1088 293 1149 τολ
325 1086 469 1170 λέγουσιν·
504 1088 553 1151 καλ
574 1089 629 1173 γὰρ
651 1088 737 1173 ἀέρος
758 1091 807 1152 καὶ
829 1092 919 1173 πυρὸς
951 1090 1119 1174 ὑφίστανται
1151 1092 1203 1174 τῆν
1226 1089 1325 1153 ούσίαν
1359 1088 1439 1175 ἔχειν
1472 1089 1505 1152 τδ

249 1189 389 1272 πνεῦμα),
411 1188 442 1273 ῆ,
464 1188 516 1274 (ei)
537 1190 609 1254 ἄλλο
632 1215 658 1254 τι
681 1189 738 1276 εἴη,
760 1190 841 1254 ἔσται
864 1193 895 1255 τδ
919 1193 999 1256 θεῖον
1022 1191 1119 1260 αὐτοῖς
1141 1196 1229 1274 σῶμα
1252 1194 1369 1278 πέμπτη
1392 1217 1433 1262 τις
1455 1192 1501 1255 ού·
1515 1207 1541 1249 1⁵

251 1292 309 1366 σία,
330 1293 424 1376 χωρὶς
447 1292 623 1363 ἀποδείξεώς
645 1317 721 1362 τινος
743 1296 792 1357 καὶ
813 1294 999 1379 παραμυθίας
1019 1293 1160 1377 λεγομένη
1182 1300 1242 1364 τοῖς
1265 1295 1337 1379 πρδς
1358 1298 1406 1358 τδν
1430 1296 1503 1379 μετὰ

200 1414 232 1461 ιο
249 1399 308 1457 τῶν
330 1395 446 1459 οἰκείων
469 1394 620 1479 τιθέμενον
642 1400 729 1460 τούτο
752 1397 948 1480 ἀντιλέγουσιν
971 1401 1012 1466 ῶς
1030 1397 1151 1480 λέγοντα
1172 1397 1329 1482 παράδοξα.
1374 1399 1401 1461 εἰ
1429 1399 1461 1460 δὲ
1484 1397 1504 1480 ῆ

250 1501 310 1559 τῶν
331 1498 480 1582 τεσσάρων
502 1521 529 1560 τι
552 1497 598 1581 είη
634 1498 654 1582 ῆ
677 1522 702 1561 τι
725 1498 754 1567 ἐξ
774 1499 891 1563 ἐκείνων
926 1501 1078 1583 σύγκριμα,
1113 1497 1194 1562 ἔσται
1226 1500 1260 1563 τδ
1293 1500 1326 1563 ἐκ
1358 1504 1411 1583 τῆς
1434 1500 1504 1582 ύλης

250 1602 429 1683 γεννώμενον
462 1604 550 1684 σῶμα
576 1602 633 1685 πρὸ
662 1605 713 1664 τοῦ
741 1601 876 1684 γενέσθαι
909 1603 1084 1686 πεφοιτηκδς
1118 1599 1153 1665 δι’
1186 1601 1278 1685 αὐτῆς
1310 1605 1357 1666 καὶ
1388 1605 1505 1665 τεκνοῦν
1518 1617 1547 1659 ευ

251 1702 415 1786 ἑξέκείνης
438 1702 547 1785 δμοίως
567 1707 627 1773 τοῖς
648 1704 747 1774 ἄλλοις
770 1706 817 1768 καλ
840 1706 938 1769 ἑαυτό.
984 1703 1025 1768 ἔτι
1049 1727 1079 1767 τε
1113 1706 1230 1788 ὕστερον
1254 1704 1288 1767 ἂν
1323 1706 1338 1767 ύ
1362 1706 1432 1774 δεδς
1453 1710 1506 1789 τῆς

252 1804 321 1888 ὕλης
343 1804 401 1891 εἴη,
424 1804 504 1889 εἴγε
525 1810 583 1869 πᾶν
606 1809 658 1889 μὲν
682 1809 714 1870 τδ
737 1805 836 1870 ἔνυλον
859 1812 947 1888 σῶμα
980 1812 1033 1890 τῆς
1067 1807 1137 1890 ὕλης
1161 1807 1287 1892 ὕστερον.
1332 1809 1365 1870 τδ
1394 1807 1448 1891 γὰρ
1471 1807 1506 1870 ἐκ

202 1928 232 1976 ιο
251 1912 303 1991 τῆς
325 1908 422 1993 ἀρχῆς
444 1908 573 1993 ὕστερον,
607 1911 623 1972 ύ
646 1911 678 1973 δὲ
700 1910 770 1978 θεὸς
792 1913 921 1973 τοιοῦτον
944 1913 1045 1992 σῶμα·
1080 1909 1114 1971 ού
1137 1909 1190 1994 γὰρ
1214 1911 1251 1993 δὴ
1273 1915 1310 1993 τῆ
1335 1909 1391 1992 ύλη
1415 1911 1431 1971 ύ
1455 1908 1504 1972 αύ-

252 2009 309 2080 τύς.
353 2015 482 2080 τοιοῦτος
515 2013 548 2075 δὲ
575 2013 615 2074 ῶν
639 2011 685 2096 είη
708 2011 742 2076 ἀν
771 2013 858 2098 μέχρι
879 2016 980 2096 φωνῆς
1013 2012 1104 2080 ἀιδιος
1126 2011 1222 2080 αύτοῖς
1256 2011 1359 2095 μύνης·
1393 2012 1420 2075 εἰ
1451 2013 1506 2096 γὰρ

252 2113 351 2196 γέγονε
365 2113 478 2197 (γέγονε
500 2115 533 2177 δὲ
556 2114 589 2177 ἐκ
611 2119 664 2199 τῆς
686 2115 782 2200 ύλης),
804 2114 863 2178 εἴτε
885 2138 911 2178 τι
933 2119 991 2178 τῶν
1013 2116 1116 2177 ἁπλῶν
1138 2113 1199 2177 ἐστι
1213 2115 1369 2195 σωμάτων,
1393 2114 1452 2179 εἴτε
1474 2114 1549 2179 ixa

251 2216 360 2280 τούτων
386 2217 537 2302 σύγκριμα.
575 2218 647 2301 πρὸς
669 2217 701 2280 δὲ
723 2217 834 2286 τούτοις
855 2216 1026 2300 ἐπιζητῆσαι
1049 2240 1090 2285 τις
1111 2217 1157 2292 ἄν,
1179 2217 1205 2280 εί
1227 2221 1285 2279 τῶν
1308 2218 1341 2280 ἐκ
1362 2222 1415 2302 τῆς
1437 2219 1508 2303 ὕλης

253 2319 417 2402 γενομένων
439 2317 501 2384 οἷύν
522 2342 555 2382 τε
578 2321 752 2403 δημιουργὸν
774 2319 868 2403 λέγειν
891 2321 939 2382 τδν
962 2318 1207 2403 διαπεφοιτηκύτα
1221 2324 1273 2403 τῆς
1290 2321 1360 2405 ύλης
1374 2323 1422 2384 καὶ
1438 2319 1507 2385 ὄντα

202 2441 237 2488 ιο
255 2421 285 2491 ἐν
307 2420 383 2505 αύτῆ
407 2421 487 2485 δεύν.
531 2420 655 2506 φέρουσι
679 2422 731 2504 μέν
753 2422 808 2506 γὰρ
831 2422 872 2491 εἰς
894 2422 947 2505 τῆν
969 2422 1151 2504 κατασκευὴν
1174 2423 1257 2485 τοῦδε
1279 2423 1311 2485 τδ
1333 2424 1374 2507 μὴ
1400 2422 1509 2506 δμοίως

254 2529 315 2594 τοῖς
336 2524 422 2609 φύσει
443 2523 603 2607 γινομένοις
625 2524 755 2606 γίνεσθαι
778 2525 813 2587 τὰ
837 2524 910 2587 κατὰ
932 2524 982 2592 τὰς
1005 2523 1119 2608 τέχνας.
1164 2523 1200 2587 τὰ
1223 2524 1352 2609 μὲνγὰρ
1375 2526 1433 2589 ἀπὸ
1456 2532 1549 2610 τῆςεο

255 2628 372 2710 φύσεως
394 2626 617 2709 ἀποτελέσματα
640 2626 693 2690 ούκ
716 2626 867 2708 ἐπιπολῆς,
891 2627 966 2690 ἀλλὰ
988 2624 1025 2689 δι’
1054 2625 1130 2689 ύλων
1153 2627 1340 2690 εἰδοποιεῖταί
1359 2651 1390 2691 τε
1415 2627 1483 2713 imi
1506 2636 1560 2693 607

256 2731 469 2805 διαπλάττεται,
491 2730 541 2793 καὶ
563 2728 600 2792 τὰ
622 2725 703 2792 ἔνδον
727 2729 823 2792 αύτῶν
846 2732 1058 2814 γλαφυρῶτατα
1073 2729 1326 2814 πεφιλοτέχνηται,
1349 2731 1385 2794 τὰ
1401 2733 1434 2795 δὲ
1448 2736 1508 2796 τῶν

257 2836 370 2918 τεχνῶν
393 2832 643 2916 διαμεμύρφωται,
667 2834 708 2899 ῶς
730 2831 777 2894 ἐπὶ
800 2836 858 2894 τῶν
882 2832 1055 2915 ἀνδριάντων
1079 2830 1157 2916 ἔχει·
1180 2832 1216 2896 τά
1231 2832 1284 2916 γάρ
1301 2831 1381 2897 ἔνδον
1396 2834 1507 2898 τούτων

203 2954 237 3004 25
255 2936 446 2999 άδιάπλαστα.
503 2934 552 2997 διὰ
589 2936 626 3018 δῆ
665 2934 749 2998 τούτύ
782 2955 868 3019 φασιν
906 2940 964 2997 τῶν
1001 2935 1054 3016 μὲν
1091 2935 1248 3017 γινομένων
1287 2937 1360 3000 κατὰ
1402 2938 1508 3022 τέχνην

256 3037 365 3108 ἔξωθεν
387 3037 460 3101 είναι
482 3039 530 3101 καὶ
551 3037 768 3122 κεχωρισμένον
791 3037 823 3100 τδ
847 3042 958 3116 ποιοῦν,
982 3037 1031 3100 ἐπὶ
1054 3039 1086 3100 δὲ
1109 3042 1167 3106 τῶν
1189 3037 1347 3121 γινομένων
1369 3039 1456 3123 φύσει
1478 3039 1509 3102 ἐν
1536 3056 1550 3098 ο

257 3140 375 3224 τῆύλη
397 3139 470 3203 εἶναι
493 3141 545 3223 τὴν
567 3139 686 3222 δύναμιν
719 3140 771 3223 τῆν
795 3141 964 3224 μορφούσάν
987 3163 1018 3203 τε
1040 3140 1088 3203 καί
1110 3144 1254 3221 γεννῶσαν
1289 3140 1373 3204 αύτά.
1418 3147 1509 3205 ταῦτα

258 3244 291 3306 δὲ
312 3242 370 3327 ούχ
392 3244 508 3327 δρῶμεν
530 3245 591 3311 τοῖς
614 3241 772 3324 γινομένοις
794 3241 961 3326 συνᾴδοντα.
999 3243 1047 3306 ἐπὶ
1062 3243 1117 3326 γὰρ
1140 3244 1255 3306 πάντων
1277 3248 1335 3307 τῶν
1350 3246 1509 3327 γινομένων

259 3344 346 3430 φύσει
379 3343 489 3414 ἔξωθέν
521 3345 550 3408 τί
569 3345 630 3408 ἐστι
653 3346 685 3407 τδ
708 3344 760 3427 τῆν
784 3345 879 3429 ἀρχὴν
903 3350 955 3428 τῆς
977 3343 1118 3428 γενέσεως
1149 3345 1245 3408 αὐτῶν
1277 3345 1348 3431 ἔχον
1382 3349 1429 3411 καὶ
1457 3353 1510 3431 τῆς

205 3468 240 3516 30
258 3451 377 3535 πρῶτης
409 3448 439 3511 ἐν
461 3451 499 3532 τῆ
524 3447 580 3531 ύλγγ
604 3448 768 3531 μεταβολῆς
800 3446 900 3510 αἴτιον.
947 3449 982 3510 τά
1012 3470 1043 3509 τε
1065 3447 1120 3533 γὰρ
1153 3449 1232 3510 ἁπλᾶ
1260 3452 1383 3534 σώματα
1404 3455 1458 3534 τῆς
1479 3473 1510 3512 τε
1525 3467 1552 3508 ιο

258 3551 300 3620 εἰς
322 3549 435 3634 ἀλληλα
458 3551 621 3635 μεταβολῆς
655 3547 851 3633 ἔξωθενέχει
873 3550 926 3632 τῆν
948 3550 1049 3613 αἰτίαν.
1094 3550 1174 3635 ψύξις
1206 3552 1260 3634 γὰρ
1293 3553 1341 3615 καλ
1363 3553 1511 3636 δερμύτης

257 3651 434 3738 ῆγινομίνη
457 3652 505 3716 διὰ
526 3653 579 3736 τῆν
601 3655 659 3713 τῶν
693 3651 833 3736 ούρανίων
867 3654 1011 3733 σωμάτων
1046 3652 1151 3715 ἄλλοτε
1188 3653 1305 3717 ἀλλοίαν
1338 3656 1409 3738 πρδς
1435 3653 1511 3718 αὐτὰ

258 3754 361 3842 σχέσιν
394 3760 447 3840 τῆς
467 3754 608 3839 γενέσεως
630 3753 727 3823 αὐτοῖς
749 3756 798 3818 καὶ
820 3760 873 3839 τῆς
894 3756 1009 3839 φθορᾶς
1031 3757 1079 3818 καὶ
1112 3760 1165 3838 τῆς
1187 3755 1229 3824 εἰς
1251 3755 1365 3840 ἄλληλα
1388 3757 1510 3841 μεταβο-

257 3861 311 3943 λῆς
333 3857 422 3922 αίτια.
460 3857 605 3921 ἀλλὰκαὶ
627 3861 685 3920 τῶν
707 3861 805 3940 φυτῶν
828 3859 876 3921 καλ
898 3862 955 3920 τῶν
980 3856 1065 3942 ζῴων
1088 3858 1210 3921 ἕκαστον
1232 3857 1289 3921 ύπύ
1311 3880 1386 3928 τινος
1400 3856 1510 3928 ἔξωθεν

207 4102 218 4152 l
245 4098 323 4168 λέγειν
346 4097 439 4166 Apelt:
466 4095 533 4169 λέγει
555 4096 629 4150 libri:
656 4094 754 4164 λέγουσι
777 4095 859 4148 ΙύεΙει
983 4095 1056 4148 ύίύσ
1074 4094 1135 4164 που]
1159 4094 1243 4168 ὥσπερ
1260 4097 1302 4148 Ra
1425 4096 1442 4149 8
1466 4095 1487 4148 τί
1505 4095 1565 4149 add.

205 4186 286 4256 Apelt
410 4184 426 4238 9
454 4184 576 4255 λεγομένη
600 4184 692 4252 Apelt:
720 4181 855 4252 λιγομένης
882 4182 941 4235 libri
1047 4182 1109 4251 τοῖς]
1129 4187 1175 4253 τῆς
1193 4186 1233 4237 Rs
1324 4183 1357 4234 10
1383 4182 1487 4252 λέγοντα
1509 4183 1565 4236 lde·

204 4273 254 4328 λιιι
282 4274 379 4345 λέγοντι
402 4274 463 4328 libri
573 4271 604 4325 12
623 4269 785 4342 πεφοιτηκῶς
804 4269 885 4322 ΙύοΙετ
991 4267 1025 4338 δι]
1045 4288 1068 4322 τι
1086 4274 1126 4324 Ra
1227 4272 1331 4321 τικνούν
1350 4269 1442 4338 Apelt:
1469 4271 1580 4338 τέκνωνΙ

205 4362 265 4416 libri
380 4361 411 4414 13
430 4360 505 4414 έαυτύ
522 4359 611 4428 Apelt:
632 4358 716 4427 έαυτιγῖ
732 4356 792 4410 libri
890 4356 928 4425 τι]
948 4357 974 4409 δέ
994 4356 1076 4409 Ιάείοι
1177 4356 1208 4408 16
1227 4358 1301 4429 μέχρι
1319 4361 1408 4427 φωνῆς
1426 4355 1504 4414 ἀίδιος
1521 4355 1566 4409 ab·

204 4456 259 4506 τοῖς
276 4449 420 4502 Schwartz:
450 4449 522 4520 μέχρι
540 4450 628 4517 φωνῆς
647 4444 739 4503 αίδοῐος
757 4442 841 4501 αύτοῖς
859 4450 896 4495 A:
926 4444 1000 4517 μέχρι
1018 4447 1134 4514 φωνῆσαι
1152 4439 1177 4496 δ’
1197 4442 1281 4502 αύτοῖς
1300 4445 1400 4497 BOPS:
1419 4444 1494 4517 μέχρι
1512 4461 1567 4514 φω·

205 4539 278 4607 νῆσαι
302 4534 347 4587 δύο
369 4533 454 4593 αύτοῖς
474 4538 526 4589 Ra:
554 4532 575 4586 ιί
600 4534 649 4605 γρῆ
675 4536 805 4601 φωνῆσαι,
830 4526 864 4583 δι’
884 4530 962 4601 αύτῆς
986 4531 1064 4599 Apelt
1153 4531 1238 4600 ρύνοις
1256 4531 1339 4584 ideler
1413 4530 1443 4582 17
1471 4530 1509 4599 δέ]
1535 4530 1566 4602 δὴ

207 4622 286 4690 Apelt
309 4624 364 4676 sive
384 4621 433 4674 del.
541 4619 572 4672 21
601 4622 632 4673 τά
655 4621 722 4672 κατὰ
743 4618 799 4687 τὰς]
823 4619 868 4676 τὰς
885 4619 951 4671 κατὰ
969 4623 1008 4672 Ra
1062 4624 1067 4633 “
1115 4618 1177 4684 ἀπὸ]
1205 4617 1254 4670 ύπδ
1281 4617 1364 4671 Ιύοίοι
1453 4618 1486 4670 22
1514 4618 1567 4672 έπι-

206 4707 334 4780 πολῆςΛι
352 4708 489 4777 έπιπολλῆς
501 4710 602 4762 BPCS:
621 4707 662 4761 έπέ
673 4706 767 4776 πολλῆς
780 4709 831 4758 Ra:
851 4705 980 4776 έπιφανείφ
993 4707 1075 4758 Ideier
1162 4705 1195 4758 25
1214 4721 1286 4774 φασιν
1301 4707 1408 4773 scripsi:
1428 4707 1567 4775 φησάντων

206 4795 279 4850 libri:
298 4796 393 4868 έφησαν
412 4796 492 4865 Apelt
574 4794 607 4848 26
626 4796 709 4859 <ιῖναι>
726 4793 756 4846 τὸ
770 4797 855 4846 ποιούν
870 4793 952 4846 Ιύοίοι
1034 4793 1068 4845 ‘28
1086 4799 1138 4845 τῶν
1157 4808 1206 4845 om.
1220 4796 1260 4846 Ra
1349 4792 1382 4844 32
1402 4794 1418 4863 ῆ
1437 4793 1567 4863 γινομένη]

207 4885 334 4955 ἡγουμένη
354 4886 393 4938 Ra
482 4883 571 4937 ἄλλοτε
590 4899 676 4936 onia

260 4992 333 5042 ΒαρρΙ.
348 4992 414 5030 Atini.
429 4986 477 5031 ui
504 4992 566 5029 Alex.
581 4992 660 5038 scripta
675 4991 763 5028 minen.
1327 4970 1366 5031 15
