3540 5610
199 310 240 373 48
683 306 835 364 AllllPlllN
855 306 914 363 llll
934 308 1064 398 Alzljllll‘

253 481 326 544 κατὰ
349 483 544 568 συμβεβηκύς;
570 484 693 568 καὶγὰρ
717 485 741 546 εἰ
764 488 805 567 τῷ
828 489 983 564 γειτνιῶντι
1005 484 1085 567 αὐτῷ
1109 485 1214 565 γίνεται
1237 484 1359 564 σώματι,
1383 480 1440 565 ἤδη
1464 478 1499 542 ἄν

252 582 406 665 εἴητοῦτο
429 585 499 671 ἔχον
522 587 628 648 οἰκείαν
651 587 735 669 φύσιν
763 585 794 648 ὄν
817 610 849 649 τε
870 587 998 670 ἐνεργείᾳ
1025 591 1124 668 σῶμα·
1157 590 1213 648 πᾶν
1235 586 1290 668 γὰρ
1312 589 1399 667 σῶμα
1422 584 1498 666 ἐνερ
1512 598 1537 640 1⁶

255 688 318 772 γείῳ
342 690 446 773 θνητὸν
469 689 570 751 ἁπλῶν
593 688 622 750 τί
642 688 717 751 ἐστιν
741 688 759 769 ἢ
783 688 815 750 ἐκ
838 689 946 752 τούτων
969 687 1105 752 σύνθετύν
1128 711 1160 751 τε
1182 689 1229 749 καὶ
1253 686 1367 769 μικτόν,
1390 686 1499 750 τούτων

254 791 286 852 δὲ
309 790 428 855 ἕκαστον
452 792 556 855 οἰκείαν
584 788 647 875 ἔχει
669 790 731 854 τινὰ
753 791 837 875 φύσιν
865 788 897 873 [ἦ
921 791 968 853 καί
991 789 1028 854 δι’
1056 790 1167 874 ἐκείνην
1194 792 1270 855 ἐστὶν
1292 789 1422 873 ἐνεργείᾳ
1446 812 1500 852 τοι·

219 893 367 977 belteil
400 893 445 977 εἰη
472 918 503 957 τε
535 893 568 957 ἂν
595 895 672 957 ούτω
699 898 812 976 πρῶτον
839 893 985 955 ἀπολαῦον
1013 895 1045 955 τδ
1073 899 1128 976 πῦρ
1152 898 1204 977 τῆς
1231 893 1364 975 τοιαύτης
1390 893 1422 954 ἐκ
1450 895 1542 954 τοῦευ

253 996 336 1059 θείου
360 998 524 1080 δυνάμεως,
547 994 646 1059 ἔπειτα
669 1001 727 1064 τοῖς
750 994 811 1078 μετ’
840 995 910 1058 αύτδ
932 997 1059 1059 διαδιδδν
1081 995 1186 1079 αὐτην,
1209 1000 1250 1062 ῶς
1272 998 1365 1058 πάντα
1386 995 1422 1057 τὰ
1445 997 1501 1057 σῶ-

255 1122 331 1179 ματα
354 1104 390 1182 τῇ
414 1100 532 1181 τοιαύτη
556 1097 682 1162 διαδόσει
699 1099 926 1182 μεταλαμβάνειν
941 1097 1041 1181 αὐτῆς,
1065 1098 1100 1160 τὰ
1124 1099 1175 1181 μὲν
1196 1101 1293 1161 πλεῖον
1315 1098 1350 1160 τά
1373 1099 1406 1160 δὲ
1422 1095 1502 1160 ἔλατ-

252 1224 310 1264 τον.
349 1201 408 1265 ἀλλ’
429 1202 455 1264 εἰ
470 1206 564 1271 τοῦτο,
587 1200 758 1283 ἐπιζητῆσαι
779 1223 821 1268 τις
844 1199 877 1262 ἂν
900 1201 927 1263 τί
948 1205 1079 1264 συντελεῖ
1098 1207 1156 1263 τῶν
1180 1203 1324 1284 σωμάτων
1347 1201 1464 1284 ἑκάστῳ
1480 1201 1499 1281 ἡ
1514 1215 1540 1256 ετ

254 1304 370 1386 τοιαύτη
393 1304 521 1388 ὃύίναμίς
542 1326 572 1366 τε
600 1303 647 1365 καὶ
674 1302 768 1386 φύσις.
812 1302 886 1365 κατὰ
908 1303 961 1387 γὰρ
984 1305 1036 1386 τὴν
1064 1306 1181 1387 πρώτην
1207 1303 1291 1388 φύσιν
1319 1303 1371 1385 τὴν
1394 1302 1499 1384 ἐγγινο
1519 1310 1554 1365 89

203 1428 235 1475 10
254 1405 343 1489 μένην
366 1406 456 1490 αὐτὴν
480 1407 608 1489 ἑκάστῳ,
637 1404 704 1468 καθ’
733 1406 767 1488 ἢν
790 1406 822 1467 τδ
846 1405 898 1488 μέν
921 1406 982 1469 ἐστι
1005 1412 1075 1488 πῦρ,
1099 1407 1130 1469 rb
1154 1407 1186 1468 δὲ
1209 1407 1279 1489 ἀὴρ,
1302 1406 1335 1468 τὸ
1358 1407 1391 1468 δὲ
1413 1405 1502 1489 ὕδωρ,

257 1512 288 1573 τὸ
312 1510 344 1572 δὲ
366 1515 415 1591 γῆ,
438 1510 456 1591 ἡ
480 1509 527 1570 ἐπὶ
550 1507 616 1576 τούς
638 1507 760 1576 οἰκείους
775 1508 872 1575 αὐτοῖς
894 1509 998 1577 τύπους
1021 1509 1128 1591 κίνησις
1150 1509 1265 1588 γίνεται,
1289 1505 1357 1570 καθ’
1379 1509 1414 1591 ἣν
1438 1509 1503 1571 ἕνα·
1529 1526 1544 1567 ε

254 1634 320 1676 στον
344 1611 439 1675 αὐτῶν
462 1616 514 1693 τῆς
536 1610 607 1677 ἰδίας
626 1612 762 1694 τυγχάνει
784 1611 971 1695 τελειότητος.
1008 1612 1117 1693 ὁμοίως
1139 1612 1170 1673 δὲ
1193 1611 1219 1672 εἰ
1234 1612 1281 1673 καί
1305 1611 1334 1672 ἐν
1357 1615 1417 1679 τοῖς
1439 1634 1503 1676 συν-

252 1715 348 1784 θέτοις
369 1715 472 1797 γίνοιτο
489 1715 630 1796 σώμασιν,
653 1714 700 1776 καί
723 1712 753 1774 ἐν
769 1714 888 1782 ἐκείνοις
909 1713 942 1776 ού
964 1715 1034 1797 πρὸς
1057 1715 1089 1775 εδ
1106 1713 1179 1775 εἰναι
1201 1711 1355 1797 ἄνθρωπον
1378 1714 1396 1796 ἢ
1421 1719 1500 1800 ζῷον

254 1818 273 1900 ἢ
297 1818 384 1902 φυτὸν
405 1817 524 1879 ἕκαστον
547 1815 642 1877 αὐτῶν
664 1819 797 1878 συντελοῖ
815 1816 849 1878 ἄν
872 1840 911 1878 τι·
935 1815 992 1898 ἤδη
1015 1815 1069 1898 γὰρ
1091 1813 1170 1878 οὖσιν
1194 1815 1291 1885 αὐτοῖς
1313 1816 1443 1899 ἐγγίνυιτ’
1465 1817 1501 1881 ἂν
1518 1835 1544 1876 re

203 1941 234 1989 15
254 1923 294 1988 ῶς
316 1925 358 2004 τῷ
384 1921 450 2003 πυρί
472 1921 519 1982 καὶ
542 1924 599 1981 τῶν
622 1919 723 1980 ἁπλῶν
746 1919 875 2001 ἑκάστῳ·
898 1919 974 1981 οὕτω
998 1917 1023 1980 δ’
1046 1917 1079 1980 lb
1102 1918 1201 1981 οὐκέθ’
1222 1920 1240 2001 ἡ
1264 1919 1381 2001 δύναμις
1404 1920 1501 2005 ἐκείνη

254 2024 331 2086 αἰτία
352 2023 454 2103 γίνοιτο
482 2026 532 2084 τού
555 2022 591 2085 τὰ
614 2022 665 2102 μὲν
692 2020 811 2106 ἔμψυχα
833 2020 919 2096 εἶναι,
946 2020 982 2082 τὰ
1004 2021 1036 2083 δὲ
1058 2020 1158 2105 ἄψυχα
1185 2026 1243 2084 τῶν
1265 2026 1424 2103 σωμάτων,
1452 2026 1501 2087 καὶ

253 2131 310 2189 τῶν
334 2125 474 2209 ἐμψύχων
497 2124 532 2186 τὰ
557 2124 607 2207 μὲν
630 2124 681 2206 τἠν
705 2124 861 2207 θρεπτικὴν
884 2125 982 2208 ψυχὴν
1006 2125 1095 2206 μάνην
1119 2121 1239 2209 ἔχοντα,
1265 2125 1302 2187 τὰ
1324 2127 1425 2190 δὲκαὶ
1448 2128 1501 2209 τἠν

254 2228 436 2312 αἰσθητικὴν,
459 2226 548 2289 τὰδὲ
571 2228 642 2310 πρὸς
664 2227 774 2296 τούτοις
795 2227 843 2290 καὶ
865 2226 916 2309 τὴν
939 2226 1071 2308 λογικήν·
1095 2227 1168 2311 αύτη
1192 2227 1217 2289 δ’
1244 2225 1336 2291 ἔκειτο
1358 2234 1411 2313 τῆς
1432 2227 1497 2292 κατ’
1519 2245 1545 2287 re

255 2331 345 2399 αύτὰς
367 2332 507 2414 διαφορᾶς
532 2327 612 2414 ἔχειν
636 2331 687 2412 τὴν
710 2329 815 2392 αἰτίαν·
848 2329 895 2391 δια
916 2329 971 2410 γὰρ
999 2328 1104 2412 ταύτης
1130 2334 1182 2411 τῆς
1209 2331 1359 2413 δυνάμεως
1380 2333 1503 2417 πρόνοια

202 2457 235 2503 20
253 2431 346 2497 ἔκειτο
369 2435 483 2515 λογικὸν
507 2435 583 2516 ζῷον
606 2434 653 2495 τὸν
677 2431 832 2515 ἄνθρωπον
855 2435 988 2506 ποιοῦσα,
1011 2432 1059 2494 καὶ
1082 2432 1128 2495 διὰ
1151 2437 1236 2496 τοῦτο
1258 2434 1373 2517 ἐλέγετο
1396 2437 1502 2511 πάντα,

255 2538 310 2601 ὅσα
333 2536 380 2599 διὰ
402 2535 450 2598 τὸν
473 2537 557 2616 λόγον
580 2558 611 2597 τε
633 2536 681 2598 καί
704 2535 753 2598 τὸν
775 2538 841 2596 νούν
864 2533 913 2595 οἷά
934 2557 965 2595 τε
985 2534 1125 2619 ὑπάρχειν
1148 2541 1190 2618 τῷ
1215 2537 1373 2622 ἀνθρώπῳ,
1396 2539 1501 2601 ταύτὸν
1516 2554 1545 2596 ευ

253 2639 316 2726 ἔχει
339 2638 418 2722 παρὰ
444 2643 496 2722 τῆς
518 2638 599 2706 θείας
624 2638 767 2721 προνοίας.
812 2636 920 2719 μήποτ’
950 2635 999 2698 ούν
1027 2638 1087 2721 χρὴ
1114 2638 1206 2720 λέγειν
1233 2645 1293 2708 τοῖς
1319 2641 1371 2723 μὲν
1399 2643 1502 2711 ἁπλῶς

255 2747 370 2826 σώμασι
399 2742 619 2824 προϋπάρχουσι
647 2740 731 2821 τήνδε
758 2741 810 2822 τὴν
838 2740 956 2823 δύναμιν
977 2739 1139 2823 ἐγγίνεσθαί
1163 2765 1194 2804 τε
1219 2742 1267 2805 καὶ
1290 2744 1505 2825 προσγίνεσθαι,

255 2845 291 2910 δι’
319 2846 354 2927 ἢν
381 2844 471 2905 αἰτίαν
499 2842 571 2906 αὐτὰ
599 2843 650 2925 μὲν
679 2843 761 2906 οὐδέν
788 2866 814 2904 τι
840 2842 920 2905 θεῖον
943 2843 1047 2911 αὐτούς
1074 2841 1137 2928 ἔχει
1164 2869 1239 2914 πως·
1273 2851 1383 2910 τοιοῦτο
1406 2848 1461 2932 γὰρ
1485 2849 1548 2931 iste

203 2970 235 3017 25
254 2947 336 3033 ψυχή
360 2947 446 3020 ἐστιν,
469 2944 575 3028 ἄμοιρα
597 2947 786 3019 παντάπασιν,
810 2943 854 3007 ὅτι
876 2946 916 3028 μη
942 2946 945 3027 l
972 2943 1046 3008 ἔστιν
1069 2947 1165 3009 αὐτῶν
1188 2948 1218 3010 ἐν
1240 2971 1276 3030 τη
1295 2948 1379 3032 ούσίῳ
1402 2952 1421 3034 ἡ
1444 2975 1500 3016 τοι·
1520 2960 1558 3015 ⁹⁰

254 3054 306 3115 άδε
336 3051 453 3132 δύναμις
485 3048 593 3118 ἔξωθεν
624 3048 719 3117 αὐτοῖς
747 3049 795 3111 καί
824 3050 1047 3131 προϋπάρχουσι
1077 3052 1299 3134 προσγινομένη,
1331 3051 1391 3115 ἀλλ’
1426 3052 1505 3119 ἔστιν

256 3155 356 3222 ἁπλῶς
379 3155 514 3235 σώματα·
548 3153 603 3215 ὅσα
625 3150 651 3213 δ’
680 3151 714 3213 ἐκ
739 3155 791 3233 τῆς
814 3151 922 3212 τούτων
950 3156 1076 3235 φυσικῆς
1104 3153 1207 3234 μίξεῶς
1235 3177 1265 3216 τε
1293 3157 1340 3217 καὶ
1368 3158 1504 3240 κράσεως

254 3258 373 3340 γίνεται.
401 3255 509 3317 τούτων
536 3252 561 3318 δ’
590 3255 619 3316 ἐν
646 3277 682 3336 τη
707 3253 817 3335 γενέσει
839 3254 1102 3338 κατασπειρομένην
1129 3257 1177 3317 καὶ
1204 3257 1256 3339 τὴν
1279 3258 1359 3320 θείαν
1382 3259 1503 3344 δύναμιν
1533 3279 1547 3321 ι

255 3360 302 3421 καὶ
325 3359 409 3440 φύσιν
432 3358 542 3439 ἀμείνω
565 3359 612 3419 καὶ
635 3357 797 3439 τελειότερα
818 3360 908 3419 ταῦτα
931 3361 1020 3419 ποιεῖν
1044 3356 1079 3418 τὰ
1099 3359 1231 3439 σώματα,
1255 3360 1503 3446 συνεισφερύντων

203 3482 237 3531 30
254 3462 303 3524 καὶ
324 3466 381 3523 τῶν
405 3461 505 3531 ἁπλῶς
527 3461 671 3541 σωμάτων
699 3460 740 3528 εἰς
761 3460 813 3542 τὴν
836 3459 943 3541 γε’νεσιν
971 3466 1028 3522 τῶν
1056 3460 1086 3529 ἐξ
1107 3460 1202 3523 αὐτῶν
1225 3463 1381 3545 γινομένων
1404 3469 1505 3548 σωμά-

206 3637 408 3646 —-..-—-—
425 3634 604 3643 —-—-—-

205 3759 216 3809 l
237 3756 258 3808 εἰ
275 3754 405 3808 BS²HF¹a
423 3756 481 3818 Sp.:
501 3752 539 3821 εἰη
560 3752 597 3802 sic
610 3755 642 3803 V:
662 3749 700 3821 εἰη
720 3753 759 3803 FS
866 3750 882 3802 3
902 3749 988 3802 ἁπλῶν
1006 3750 1110 3817 scripsi:
1130 3749 1217 3810 ἁπλῶς
1230 3756 1380 3809 VFHB¹S¹:
1399 3757 1497 3812 ἁπλοῦν
1509 3760 1557 3814 B':

204 3843 290 3902 ἁπλῶς
308 3842 335 3894 ὃν
349 3842 409 3895 δ’·ὀε
430 3840 522 3893 ἁπλοῦν
536 3838 563 3890 ὃν
578 3840 644 3891 Vicl.
732 3839 786 3891 le
806 3839 821 3907 ἡ
841 3840 1029 3890 καὶ-τοιοῦτον
1048 3839 1174 3890 emblema
1193 3856 1250 3893 esse
1268 3842 1344 3894 docui
1358 3843 1375 3894 l.
1389 3860 1410 3896 e.
1423 3845 1474 3897 139
1484 3863 1524 3917 sq.

205 3931 221 3984 5
239 3929 367 3998 ἀπολαβόν
387 3948 402 3979 e
420 3932 464 3996 Sp.
572 3929 587 3979 ύ
607 3927 669 3979 αύτύ
688 3931 724 3979 H:
744 3926 819 3978 αύτον
839 3928 876 3978 sie
895 3930 927 3977 V:
947 3925 1022 3977 αύτύν
1042 3925 1120 3977 FSBe
1139 3929 1184 3992 Sp.
1302 3929 1408 3983 διαδιδυν
1428 3936 1454 3984 V

205 4019 284 4089 αύτην
305 4021 372 4070 vicl.
391 4022 450 4084 Spa
469 4035 532 4084 αυτη
554 4020 584 4066 V:
603 4015 666 4085 αύτῖγ
686 4019 720 4066 F:
740 4013 804 4085 αὕτη
823 4018 858 4068 Sa
947 4014 962 4065 ἰ
981 4014 1065 4066 πλεῖον
1083 4017 1140 4080 Spa
1159 4014 1233 4066 πλέον
1253 4021 1290 4068 H:
1310 4017 1387 4070 πλείω
1409 4023 1517 4075 VFSBe

205 4107 235 4159 12
254 4107 364 4159 fortasse
387 4103 555 4174 τηλειότητος.
592 4102 650 4165 <ebir
674 4103 721 4171 α’ίρα
748 4103 764 4171 ἡ
789 4101 891 4170 δύναμις
920 4102 1003 4172 ἐκείνη
1031 4101 1131 4158 τελείοις
1159 4102 1207 4172 ἤδη
1236 4109 1415 4175 προσγινομὲνη
1446 4109 1558 4177 σώμασιν

204 4196 270 4247 αἰτία
289 4193 318 4245 ἂν
337 4192 375 4262 εἰη
395 4190 479 4243 αὐτῶν
497 4196 543 4259 της
562 4191 741 4260 τελειότητος>·
761 4190 855 4258 ὁμοίως
961 4190 987 4241 δὲ
1007 4192 1113 4257 scripsi:
1133 4191 1161 4242 τὸ
1181 4192 1253 4242 libri:
1272 4192 1310 4260 τῷ
1329 4194 1397 4244 coni.
1416 4196 1462 4262 Sp.

205 4282 235 4333 14
255 4280 367 4333 συντελεῖ
384 4280 414 4331 ἅν
433 4297 456 4331 τι
475 4280 542 4331 Viel.
562 4285 620 4346 post
639 4280 737 4330 litteras
757 4278 858 4344 V(erla)
884 4278 1009 4344 L(eeli0):
1033 4278 1161 4349 τελοιαντη
1182 4282 1214 4327 V:
1233 4278 1328 4332 εελοῖαν
1347 4285 1377 4349 τῆ
1398 4285 1432 4334 F:
1463 4284 1560 4363 εἰλοιαν

202 4390 233 4453 τῆ
253 4388 283 4437 S:
310 4383 409 4436 τέλοιαν
427 4385 461 4457 τη
479 4401 507 4434 a:
536 4381 604 4434 τελοῑ
622 4382 650 4433 ἂν
670 4401 701 4452 τη
721 4383 758 4434 sie
777 4386 814 4434 H:
845 4397 893 4433 om.
913 4384 942 4433 in
961 4384 1046 4448 spatio
1066 4380 1081 4431 9
1100 4382 1151 4434 litt.
1171 4399 1252 4434 vacuo
1272 4385 1356 4436 rel.B
1467 4390 1498 4440 17
1517 4390 1560 4458 ἐμ·

204 4473 293 4544 ψυχων
312 4476 335 4525 G
354 4472 500 4540 mg.Viel.:
520 4469 627 4539 ἀψύχων
646 4472 705 4522 libri
794 4471 860 4540 ἔχειν
879 4472 946 4521 roni.
966 4473 1010 4536 Sp.
1095 4469 1180 4521 llll
1199 4471 1290 4523 ταύτὸν
1310 4471 1372 4544 ἔχει]
1392 4479 1473 4527 ταῦτα
1492 4476 1560 4546 ἰχειν

201 4560 269 4611 Viet.
288 4562 345 4626 Sp.:
372 4560 480 4611 fortasse
498 4553 571 4609 ταῦτ’
591 4557 667 4609 αὐτὸν
686 4558 752 4626 ἔχειν
841 4558 873 4609 22
893 4557 992 4626 relinet*
1007 4559 1086 4609 licl:
1107 4555 1169 4628 μήτ’
1184 4560 1242 4612 libri
1332 4560 1365 4611 23
1384 4563 1559 4631 προσγίνισθαι

202 4648 270 4700 vicl.
283 4649 340 4715 Sp.:
359 4644 515 4718 προγίνεσθαι
534 4647 592 4699 libri
664 4647 697 4699 24
716 4646 816 4714 αύτούς]
836 4647 860 4698 ἐν
881 4646 964 4704 αύεοῖς
983 4649 1026 4712 Sp.
1048 4652 1114 4699 reete
1133 4649 1200 4699 coni.
1273 4646 1306 4699 25
1325 4648 1417 4718 ἄμοιρα
1438 4653 1562 4705 GFSHa:

203 4752 295 4804 αμαιρα
315 4739 347 4785 V:
366 4734 395 4804 ης
414 4734 505 4803 ἄμοιρα
525 4735 589 4786 Viet.
608 4736 665 4801 Sp.:
693 4735 756 4785 ἐστιν
780 4735 867 4786 eolloe.
888 4741 946 4801 post
971 4735 1062 4803 ἄμοιρα
1083 4739 1118 4785 H:
1146 4734 1255 4786 fortasse
1279 4737 1342 4798 (καὶ)
1365 4744 1432 4795 πῶςι
1460 4746 1561 4794 τοιαῦτα

202 4825 248 4893 γὰρ
267 4824 283 4894 ἡ
303 4824 379 4896 ψύχη,
399 4822 449 4892 (ης)
468 4823 532 4874 ἐστιν
552 4822 643 4891 ἄμοιρα
749 4823 781 4874 26
800 4823 979 4893 προσγινομένῳ
1000 4825 1057 4890 Sps
1081 4825 1272 4891 προσγινομένης
1291 4825 1350 4876 libri
1462 4827 1496 4880 ll
1515 4833 1561 4899 της

203 4927 223 4966 s.
238 4927 260 4963 ιι.
282 4915 304 4962 V
411 4909 444 4962 29
463 4916 539 4964 ποιεῖν
558 4912 703 4978 s²1rasp.:
726 4918 792 4964 ποιεῖ
811 4913 938 4965 VllGFS¹
1045 4912 1079 4963 30
1098 4912 1140 4963 καί
1160 4911 1239 4964 vice:
1259 4930 1275 4982 η
1296 4912 1356 4967 libri
