<?xml version="1.0" encoding="UTF-8"?>
<!DOCTYPE html PUBLIC "-//W3C//DTD XHTML 1.0 Transitional//EN"
    "http://www.w3.org/TR/xhtml1/DTD/xhtml1-transitional.dtd">
<html xmlns="http://www.w3.org/1999/xhtml" xml:lang="en" lang="en">
 <head>
  <title>
</title>
<meta http-equiv="Content-Type" content="text/html;charset=utf-8" />
  <meta name='ocr-system' content='tesseract 3.04.00' />
  <meta name='ocr-capabilities' content='ocr_page ocr_carea ocr_par ocr_line ocrx_word'/>
</head>
<body>
  <div class='ocr_page' id='page_1' title='image "./supplementumari02arisgoog/supplementumari02arisgoog_0141.png"; bbox 0 0 3540 5610; ppageno 0'>
   <div class='ocr_carea' id='block_1_1' title="bbox 215 286 1249 352">
    <p class='ocr_par' dir='ltr' id='par_1_1' title="bbox 215 286 1249 352">
     <span class='ocr_line' id='line_1_1' title="bbox 215 286 1249 352; baseline -0.007 0"><span class='ocrx_word' id='word_1_1' title='bbox 215 286 276 352; x_wconf 78' lang='lat'>114</span> <span class='ocrx_word' id='word_1_2' title='bbox 533 288 735 345; x_wconf 77' lang='grc' dir='ltr'>ιουκιιιυιιι</span> <span class='ocrx_word' id='word_1_3' title='bbox 760 290 803 343; x_wconf 71' lang='lat' dir='ltr'>DE</span> <span class='ocrx_word' id='word_1_4' title='bbox 827 290 936 344; x_wconf 76' lang='grc' dir='ltr'>κνοω</span> <span class='ocrx_word' id='word_1_5' title='bbox 960 289 1051 345; x_wconf 81' lang='grc' dir='ltr'>οιΒιιι</span> <span class='ocrx_word' id='word_1_6' title='bbox 1075 288 1249 345; x_wconf 75' lang='grc' dir='ltr'>ιιοιννιεεο</span> 
     </span>
    </p>
   </div>
   <div class='ocr_carea' id='block_1_2' title="bbox 184 459 1616 4957">
    <p class='ocr_par' dir='ltr' id='par_1_2' title="bbox 184 459 1616 4957">
     <span class='ocr_line' id='line_1_2' title="bbox 265 459 1517 550; baseline 0.003 -28"><span class='ocrx_word' id='word_1_7' title='bbox 265 459 307 523; x_wconf 86' lang='grc' dir='ltr'>ἔτι</span> <span class='ocrx_word' id='word_1_8' title='bbox 328 468 385 526; x_wconf 84' lang='grc' dir='ltr'>πᾶν</span> <span class='ocrx_word' id='word_1_9' title='bbox 409 469 495 548; x_wconf 85' lang='grc' dir='ltr'>σῶμα</span> <span class='ocrx_word' id='word_1_10' title='bbox 520 465 539 548; x_wconf 76' lang='grc' dir='ltr'><strong>ἦ</strong></span> <span class='ocrx_word' id='word_1_11' title='bbox 563 465 691 547; x_wconf 75' lang='grc' dir='ltr'>ἐνεργείᾳ</span> <span class='ocrx_word' id='word_1_12' title='bbox 718 464 737 547; x_wconf 74' lang='grc' dir='ltr'>ἦ</span> <span class='ocrx_word' id='word_1_13' title='bbox 761 465 881 548; x_wconf 88' lang='grc' dir='ltr'>δυνάμει</span> <span class='ocrx_word' id='word_1_14' title='bbox 904 465 1059 548; x_wconf 85' lang='grc' dir='ltr'>αἰσθητόν,</span> <span class='ocrx_word' id='word_1_15' title='bbox 1090 467 1109 549; x_wconf 78' lang='grc' dir='ltr'>η</span> <span class='ocrx_word' id='word_1_16' title='bbox 1133 466 1165 528; x_wconf 85' lang='grc' dir='ltr'>δὲ</span> <span class='ocrx_word' id='word_1_17' title='bbox 1187 466 1268 550; x_wconf 72' lang='grc' dir='ltr'>ψυχὴ</span> <span class='ocrx_word' id='word_1_18' title='bbox 1298 463 1365 528; x_wconf 83' lang='grc' dir='ltr'>οὔτε</span> <span class='ocrx_word' id='word_1_19' title='bbox 1386 463 1517 548; x_wconf 77' lang='grc' dir='ltr'>ἐνεργείᾳ</span> 
     </span>
     <span class='ocr_line' id='line_1_3' title="bbox 265 562 1517 652; baseline 0.002 -26"><span class='ocrx_word' id='word_1_20' title='bbox 265 562 332 627; x_wconf 75' lang='grc' dir='ltr'>οὔτε</span> <span class='ocrx_word' id='word_1_21' title='bbox 352 569 469 648; x_wconf 82' lang='grc' dir='ltr'>δυνάμει</span> <span class='ocrx_word' id='word_1_22' title='bbox 485 566 639 651; x_wconf 83' lang='grc' dir='ltr'>αἰσθητόν·</span> <span class='ocrx_word' id='word_1_23' title='bbox 664 568 739 630; x_wconf 85' lang='grc' dir='ltr'>ὥστε</span> <span class='ocrx_word' id='word_1_24' title='bbox 762 567 795 629; x_wconf 78' lang='grc' dir='ltr'>οὐ</span> <span class='ocrx_word' id='word_1_25' title='bbox 812 573 908 651; x_wconf 84' lang='grc' dir='ltr'>σῶμα.</span> <span class='ocrx_word' id='word_1_26' title='bbox 942 565 984 629; x_wconf 86' lang='grc' dir='ltr'>ἔτι</span> <span class='ocrx_word' id='word_1_27' title='bbox 1007 568 1033 629; x_wconf 82' lang='grc' dir='ltr'>εἰ</span> <span class='ocrx_word' id='word_1_28' title='bbox 1055 568 1173 651; x_wconf 70' lang='grc' dir='ltr'>ἡψυχὴ</span> <span class='ocrx_word' id='word_1_29' title='bbox 1198 571 1239 636; x_wconf 85' lang='grc' dir='ltr'>ὡς</span> <span class='ocrx_word' id='word_1_30' title='bbox 1260 568 1404 652; x_wconf 82' lang='grc' dir='ltr'>αἰσθητῆς</span> <span class='ocrx_word' id='word_1_31' title='bbox 1426 567 1517 650; x_wconf 80' lang='grc' dir='ltr'>αὑτῆς</span> 
     </span>
     <span class='ocr_line' id='line_1_4' title="bbox 265 666 1519 753; baseline 0.003 -26"><span class='ocrx_word' id='word_1_32' title='bbox 265 666 447 741; x_wconf 82' lang='grc' dir='ltr'>αἰσθάνεται,</span> <span class='ocrx_word' id='word_1_33' title='bbox 475 672 522 733; x_wconf 87' lang='grc' dir='ltr'>καὶ</span> <span class='ocrx_word' id='word_1_34' title='bbox 544 670 635 752; x_wconf 93' lang='grc' dir='ltr'>ἄλλης</span> <span class='ocrx_word' id='word_1_35' title='bbox 656 670 838 753; x_wconf 77' lang='grc' dir='ltr'>αἰσθήσεται.</span> <span class='ocrx_word' id='word_1_36' title='bbox 882 668 936 732; x_wconf 81' lang='grc' dir='ltr'>οὐκ</span> <span class='ocrx_word' id='word_1_37' title='bbox 958 669 1126 733; x_wconf 82' lang='grc' dir='ltr'>αἰσθάνεται</span> <span class='ocrx_word' id='word_1_38' title='bbox 1150 671 1183 733; x_wconf 89' lang='grc' dir='ltr'>δὲ</span> <span class='ocrx_word' id='word_1_39' title='bbox 1205 669 1310 753; x_wconf 84' lang='grc' dir='ltr'>ἄλλης,</span> <span class='ocrx_word' id='word_1_40' title='bbox 1338 667 1399 733; x_wconf 79' lang='grc' dir='ltr'>οὐδ’</span> <span class='ocrx_word' id='word_1_41' title='bbox 1427 669 1519 752; x_wconf 76' lang='grc' dir='ltr'>αὑτῆς</span> 
     </span>
     <span class='ocr_line' id='line_1_5' title="bbox 265 767 1518 858; baseline 0.002 -27"><span class='ocrx_word' id='word_1_42' title='bbox 265 767 321 852; x_wconf 89' lang='grc' dir='ltr'>ἄρα</span> <span class='ocrx_word' id='word_1_43' title='bbox 345 775 385 840; x_wconf 85' lang='grc' dir='ltr'>ὡς</span> <span class='ocrx_word' id='word_1_44' title='bbox 407 773 559 857; x_wconf 79' lang='grc' dir='ltr'><strong>αἰσθητῆς.</strong></span> <span class='ocrx_word' id='word_1_45' title='bbox 605 771 648 835; x_wconf 85' lang='grc' dir='ltr'>ἔτι</span> <span class='ocrx_word' id='word_1_46' title='bbox 670 773 695 835; x_wconf 86' lang='grc' dir='ltr'>εἰ</span> <span class='ocrx_word' id='word_1_47' title='bbox 718 774 736 855; x_wconf 78' lang='grc' dir='ltr'><strong>ἡ</strong></span> <span class='ocrx_word' id='word_1_48' title='bbox 760 772 841 856; x_wconf 75' lang='grc' dir='ltr'>ψυχὴ</span> <span class='ocrx_word' id='word_1_49' title='bbox 865 775 962 856; x_wconf 83' lang='grc' dir='ltr'>σῶμα,</span> <span class='ocrx_word' id='word_1_50' title='bbox 990 771 1056 854; x_wconf 77' lang='grc' dir='ltr'>ἤτοι</span> <span class='ocrx_word' id='word_1_51' title='bbox 1078 769 1208 857; x_wconf 81' lang='grc' dir='ltr'>ἔμψυχον</span> <span class='ocrx_word' id='word_1_52' title='bbox 1232 773 1251 856; x_wconf 77' lang='grc' dir='ltr'>ἢ</span> <span class='ocrx_word' id='word_1_53' title='bbox 1274 772 1398 858; x_wconf 69' lang='grc' dir='ltr'>ἄψυχον.</span> <span class='ocrx_word' id='word_1_54' title='bbox 1443 770 1518 834; x_wconf 80' lang='grc' dir='ltr'>ἀλλὰ</span> 
     </span>
     <span class='ocr_line' id='line_1_6' title="bbox 237 872 1560 960; baseline -0.002 -26"><span class='ocrx_word' id='word_1_55' title='bbox 237 873 322 954; x_wconf 71' lang='grc' dir='ltr'>ὁμὴν</span> <span class='ocrx_word' id='word_1_56' title='bbox 345 873 452 937; x_wconf 88' lang='grc' dir='ltr'>ἄτοπον</span> <span class='ocrx_word' id='word_1_57' title='bbox 474 876 507 938; x_wconf 87' lang='grc' dir='ltr'>τὸ</span> <span class='ocrx_word' id='word_1_58' title='bbox 529 875 653 960; x_wconf 77' lang='grc' dir='ltr'>ἄψυχον.</span> <span class='ocrx_word' id='word_1_59' title='bbox 698 876 723 938; x_wconf 86' lang='grc' dir='ltr'>εἰ</span> <span class='ocrx_word' id='word_1_60' title='bbox 746 875 778 938; x_wconf 86' lang='grc' dir='ltr'>δὲ</span> <span class='ocrx_word' id='word_1_61' title='bbox 800 872 943 959; x_wconf 71' lang='grc' dir='ltr'>ἔμψυχον,</span> <span class='ocrx_word' id='word_1_62' title='bbox 970 874 1046 958; x_wconf 72' lang='grc' dir='ltr'>ζῷόν</span> <span class='ocrx_word' id='word_1_63' title='bbox 1070 898 1101 938; x_wconf 87' lang='grc' dir='ltr'>τε</span> <span class='ocrx_word' id='word_1_64' title='bbox 1123 873 1204 939; x_wconf 84' lang='grc' dir='ltr'>ἔσται</span> <span class='ocrx_word' id='word_1_65' title='bbox 1226 875 1274 938; x_wconf 78' lang='grc' dir='ltr'>καὶ</span> <span class='ocrx_word' id='word_1_66' title='bbox 1296 877 1381 938; x_wconf 91' lang='grc' dir='ltr'>πάλιν</span> <span class='ocrx_word' id='word_1_67' title='bbox 1404 874 1517 938; x_wconf 86' lang='grc' dir='ltr'>ἐκείνου</span> <span class='ocrx_word' id='word_1_68' title='bbox 1531 889 1560 932; x_wconf 72' lang='grc' dir='ltr'>τε</span> 
     </span>
     <span class='ocr_line' id='line_1_7' title="bbox 264 975 1517 1063; baseline 0.001 -25"><span class='ocrx_word' id='word_1_69' title='bbox 264 976 283 1057; x_wconf 77' lang='grc' dir='ltr'>ἡ</span> <span class='ocrx_word' id='word_1_70' title='bbox 307 978 388 1061; x_wconf 79' lang='grc' dir='ltr'>ψυχὴ</span> <span class='ocrx_word' id='word_1_71' title='bbox 417 977 482 1060; x_wconf 80' lang='grc' dir='ltr'>ἤτοι</span> <span class='ocrx_word' id='word_1_72' title='bbox 508 975 639 1063; x_wconf 72' lang='grc' dir='ltr'>ἔμψυχος</span> <span class='ocrx_word' id='word_1_73' title='bbox 665 977 684 1060; x_wconf 79' lang='grc' dir='ltr'><strong>ἢ</strong></span> <span class='ocrx_word' id='word_1_74' title='bbox 707 976 839 1062; x_wconf 77' lang='grc' dir='ltr'>ἄψυχος,</span> <span class='ocrx_word' id='word_1_75' title='bbox 865 979 912 1040; x_wconf 81' lang='grc' dir='ltr'>καλ</span> <span class='ocrx_word' id='word_1_76' title='bbox 939 981 1024 1040; x_wconf 88' lang='grc' dir='ltr'>τοδτο</span> <span class='ocrx_word' id='word_1_77' title='bbox 1052 978 1094 1047; x_wconf 84' lang='grc' dir='ltr'>εἰς</span> <span class='ocrx_word' id='word_1_78' title='bbox 1119 976 1248 1061; x_wconf 87' lang='grc' dir='ltr'>ἄπειρον.</span> <span class='ocrx_word' id='word_1_79' title='bbox 1293 976 1328 1040; x_wconf 80' lang='grc' dir='ltr'>ἂν</span> <span class='ocrx_word' id='word_1_80' title='bbox 1355 975 1382 1039; x_wconf 86' lang='grc' dir='ltr'>δ’</span> <span class='ocrx_word' id='word_1_81' title='bbox 1409 976 1517 1040; x_wconf 79' lang='grc' dir='ltr'>ἐνιστά-</span> 
     </span>
     <span class='ocr_line' id='line_1_8' title="bbox 265 1078 1517 1166; baseline 0.002 -26"><span class='ocrx_word' id='word_1_82' title='bbox 265 1101 343 1159; x_wconf 81' lang='grc' dir='ltr'>μενοι</span> <span class='ocrx_word' id='word_1_83' title='bbox 366 1080 438 1164; x_wconf 87' lang='grc' dir='ltr'>πρὸς</span> <span class='ocrx_word' id='word_1_84' title='bbox 460 1081 511 1164; x_wconf 82' lang='grc' dir='ltr'>τὴν</span> <span class='ocrx_word' id='word_1_85' title='bbox 528 1081 663 1166; x_wconf 82' lang='grc' dir='ltr'>διαίρεσιν</span> <span class='ocrx_word' id='word_1_86' title='bbox 686 1084 744 1142; x_wconf 86' lang='grc' dir='ltr'>τῶν</span> <span class='ocrx_word' id='word_1_87' title='bbox 766 1082 912 1161; x_wconf 91' lang='grc' dir='ltr'>σωμάτων</span> <span class='ocrx_word' id='word_1_88' title='bbox 934 1080 986 1162; x_wconf 78' lang='grc' dir='ltr'>τὴν</span> <span class='ocrx_word' id='word_1_89' title='bbox 1008 1079 1149 1162; x_wconf 89' lang='grc' dir='ltr'>λέγουσαν</span> <span class='ocrx_word' id='word_1_90' title='bbox 1172 1081 1276 1164; x_wconf 82' lang='grc' dir='ltr'>τὰμὲν</span> <span class='ocrx_word' id='word_1_91' title='bbox 1298 1078 1421 1165; x_wconf 80' lang='grc' dir='ltr'>ἔμψυχα</span> <span class='ocrx_word' id='word_1_92' title='bbox 1443 1078 1517 1144; x_wconf 89' lang='grc' dir='ltr'>εἶναι</span> 
     </span>
     <span class='ocr_line' id='line_1_9' title="bbox 263 1179 1516 1267; baseline 0.003 -26"><span class='ocrx_word' id='word_1_93' title='bbox 263 1179 375 1258; x_wconf 80' lang='grc' dir='ltr'>αὐτῶν,</span> <span class='ocrx_word' id='word_1_94' title='bbox 402 1182 438 1246; x_wconf 85' lang='grc' dir='ltr'>τὰ</span> <span class='ocrx_word' id='word_1_95' title='bbox 460 1184 493 1246; x_wconf 81' lang='grc' dir='ltr'>δὲ</span> <span class='ocrx_word' id='word_1_96' title='bbox 515 1182 625 1267; x_wconf 83' lang='grc' dir='ltr'>ἄψυχα,</span> <span class='ocrx_word' id='word_1_97' title='bbox 648 1181 769 1264; x_wconf 87' lang='grc' dir='ltr'>λέγωσιν</span> <span class='ocrx_word' id='word_1_98' title='bbox 793 1183 834 1266; x_wconf 76' lang='grc' dir='ltr'>μἠ</span> <span class='ocrx_word' id='word_1_99' title='bbox 858 1182 944 1263; x_wconf 81' lang='grc' dir='ltr'>ὑγιῶς</span> <span class='ocrx_word' id='word_1_100' title='bbox 965 1184 1134 1267; x_wconf 69' lang='grc' dir='ltr'>διῃρῆσθαι,</span> <span class='ocrx_word' id='word_1_101' title='bbox 1160 1183 1308 1266; x_wconf 80' lang='grc' dir='ltr'>εἶναιγὰρ</span> <span class='ocrx_word' id='word_1_102' title='bbox 1331 1182 1443 1265; x_wconf 82' lang='grc' dir='ltr'>τὰμὲν</span> <span class='ocrx_word' id='word_1_103' title='bbox 1466 1180 1516 1265; x_wconf 81' lang='grc' dir='ltr'>ἔρ·</span> 
     </span>
     <span class='ocr_line' id='line_1_10' title="bbox 184 1284 1516 1371; baseline 0.003 -27"><span class='ocrx_word' id='word_1_104' title='bbox 184 1286 190 1297; x_wconf 83' lang='grc'><em>’</em></span> <span class='ocrx_word' id='word_1_105' title='bbox 263 1287 360 1368; x_wconf 82' lang='grc' dir='ltr'>ψυχα,</span> <span class='ocrx_word' id='word_1_106' title='bbox 382 1284 418 1347; x_wconf 85' lang='grc' dir='ltr'>τὰ</span> <span class='ocrx_word' id='word_1_107' title='bbox 441 1287 474 1348; x_wconf 82' lang='grc' dir='ltr'>δὲ</span> <span class='ocrx_word' id='word_1_108' title='bbox 493 1285 611 1370; x_wconf 81' lang='grc' dir='ltr'>ἄψυχα,</span> <span class='ocrx_word' id='word_1_109' title='bbox 637 1284 672 1347; x_wconf 82' lang='grc' dir='ltr'>τὰ</span> <span class='ocrx_word' id='word_1_110' title='bbox 695 1285 727 1348; x_wconf 81' lang='grc' dir='ltr'>δὲ</span> <span class='ocrx_word' id='word_1_111' title='bbox 749 1286 859 1368; x_wconf 81' lang='grc' dir='ltr'>ψυχάς,</span> <span class='ocrx_word' id='word_1_112' title='bbox 887 1285 1003 1367; x_wconf 78' lang='grc' dir='ltr'>ῥητέον,</span> <span class='ocrx_word' id='word_1_113' title='bbox 1031 1286 1073 1349; x_wconf 79' lang='grc' dir='ltr'>ὅτι</span> <span class='ocrx_word' id='word_1_114' title='bbox 1096 1290 1159 1356; x_wconf 85' lang='grc' dir='ltr'>τοῖς</span> <span class='ocrx_word' id='word_1_115' title='bbox 1181 1286 1255 1350; x_wconf 86' lang='grc' dir='ltr'>κατὰ</span> <span class='ocrx_word' id='word_1_116' title='bbox 1277 1287 1425 1371; x_wconf 85' lang='grc' dir='ltr'>ἀντίφασιν</span> <span class='ocrx_word' id='word_1_117' title='bbox 1447 1287 1516 1348; x_wconf 89' lang='grc' dir='ltr'>διαι-</span> 
     </span>
     <span class='ocr_line' id='line_1_11' title="bbox 224 1386 1514 1473; baseline 0.005 -30"><span class='ocrx_word' id='word_1_118' title='bbox 224 1400 249 1444; x_wconf 88' lang='lat'>10</span> <span class='ocrx_word' id='word_1_119' title='bbox 263 1386 414 1470; x_wconf 87' lang='grc' dir='ltr'>ρουμένοις</span> <span class='ocrx_word' id='word_1_120' title='bbox 435 1388 574 1452; x_wconf 80' lang='grc' dir='ltr'>οὐδέποτε</span> <span class='ocrx_word' id='word_1_121' title='bbox 596 1388 805 1470; x_wconf 84' lang='grc' dir='ltr'>ἀντιδιαιρεῖται</span> <span class='ocrx_word' id='word_1_122' title='bbox 828 1386 980 1459; x_wconf 84' lang='grc' dir='ltr'>τοῦτο,ὀῦ</span> <span class='ocrx_word' id='word_1_123' title='bbox 1003 1389 1078 1452; x_wconf 87' lang='grc' dir='ltr'>ἐστιν</span> <span class='ocrx_word' id='word_1_124' title='bbox 1100 1390 1118 1472; x_wconf 83' lang='grc' dir='ltr'>ἡ</span> <span class='ocrx_word' id='word_1_125' title='bbox 1138 1387 1297 1473; x_wconf 84' lang='grc' dir='ltr'>ἀπόφασις·</span> <span class='ocrx_word' id='word_1_126' title='bbox 1321 1389 1381 1452; x_wconf 80' lang='grc' dir='ltr'>οἷον</span> <span class='ocrx_word' id='word_1_127' title='bbox 1405 1389 1430 1451; x_wconf 85' lang='grc' dir='ltr'>εἰ</span> <span class='ocrx_word' id='word_1_128' title='bbox 1446 1390 1514 1451; x_wconf 91' lang='grc' dir='ltr'>διαι-</span> 
     </span>
     <span class='ocr_line' id='line_1_12' title="bbox 261 1489 1515 1579; baseline 0 -27"><span class='ocrx_word' id='word_1_129' title='bbox 261 1489 395 1573; x_wconf 82' lang='grc' dir='ltr'>ρούμενοι</span> <span class='ocrx_word' id='word_1_130' title='bbox 421 1496 478 1553; x_wconf 83' lang='grc' dir='ltr'>τῶν</span> <span class='ocrx_word' id='word_1_131' title='bbox 502 1492 645 1572; x_wconf 89' lang='grc' dir='ltr'>σωμάτων</span> <span class='ocrx_word' id='word_1_132' title='bbox 674 1489 710 1552; x_wconf 86' lang='grc' dir='ltr'>τὰ</span> <span class='ocrx_word' id='word_1_133' title='bbox 733 1490 784 1571; x_wconf 81' lang='grc' dir='ltr'>μὲν</span> <span class='ocrx_word' id='word_1_134' title='bbox 811 1489 943 1574; x_wconf 87' lang='grc' dir='ltr'>λέγοιμεν</span> <span class='ocrx_word' id='word_1_135' title='bbox 970 1490 1043 1554; x_wconf 87' lang='grc' dir='ltr'>εἶναι</span> <span class='ocrx_word' id='word_1_136' title='bbox 1066 1491 1271 1579; x_wconf 86' lang='grc' dir='ltr'>κεχρωσμένα,</span> <span class='ocrx_word' id='word_1_137' title='bbox 1302 1492 1337 1553; x_wconf 79' lang='grc' dir='ltr'>τὰ</span> <span class='ocrx_word' id='word_1_138' title='bbox 1364 1492 1396 1555; x_wconf 86' lang='grc' dir='ltr'>δὲ</span> <span class='ocrx_word' id='word_1_139' title='bbox 1418 1491 1515 1576; x_wconf 88' lang='grc' dir='ltr'>ἄχροα</span> 
     </span>
     <span class='ocr_line' id='line_1_13' title="bbox 260 1591 1556 1678; baseline 0 -25"><span class='ocrx_word' id='word_1_140' title='bbox 260 1591 306 1674; x_wconf 77' lang='grc' dir='ltr'>(ἐν</span> <span class='ocrx_word' id='word_1_141' title='bbox 321 1592 375 1676; x_wconf 82' lang='grc' dir='ltr'>γὰρ</span> <span class='ocrx_word' id='word_1_142' title='bbox 397 1597 441 1678; x_wconf 74' lang='grc' dir='ltr'>τῷ</span> <span class='ocrx_word' id='word_1_143' title='bbox 462 1593 542 1677; x_wconf 80' lang='grc' dir='ltr'>αὐτῷ</span> <span class='ocrx_word' id='word_1_144' title='bbox 566 1593 641 1675; x_wconf 84' lang='grc' dir='ltr'>γένει</span> <span class='ocrx_word' id='word_1_145' title='bbox 656 1597 701 1678; x_wconf 74' lang='grc' dir='ltr'>τῷ</span> <span class='ocrx_word' id='word_1_146' title='bbox 722 1597 774 1675; x_wconf 81' lang='grc' dir='ltr'>τῆς</span> <span class='ocrx_word' id='word_1_147' title='bbox 795 1591 882 1661; x_wconf 76' lang='grc' dir='ltr'>έίεως</span> <span class='ocrx_word' id='word_1_148' title='bbox 904 1594 1025 1678; x_wconf 76' lang='grc' dir='ltr'>δεκτικῷ</span> <span class='ocrx_word' id='word_1_149' title='bbox 1049 1593 1153 1656; x_wconf 85' lang='grc' dir='ltr'>ταίιτδν</span> <span class='ocrx_word' id='word_1_150' title='bbox 1173 1594 1288 1658; x_wconf 83' lang='grc' dir='ltr'>δύναται</span> <span class='ocrx_word' id='word_1_151' title='bbox 1311 1599 1349 1678; x_wconf 75' lang='grc' dir='ltr'>τῇ</span> <span class='ocrx_word' id='word_1_152' title='bbox 1366 1595 1513 1678; x_wconf 75' lang='grc' dir='ltr'>ἀποφάσει</span> <span class='ocrx_word' id='word_1_153' title='bbox 1527 1611 1556 1653; x_wconf 82' lang='grc' dir='ltr'>ω</span> 
     </span>
     <span class='ocr_line' id='line_1_14' title="bbox 261 1694 1515 1782; baseline 0.001 -24"><span class='ocrx_word' id='word_1_154' title='bbox 261 1696 280 1777; x_wconf 78' lang='grc' dir='ltr'>ἡ</span> <span class='ocrx_word' id='word_1_155' title='bbox 304 1694 462 1779; x_wconf 86' lang='grc' dir='ltr'>στέρησις),</span> <span class='ocrx_word' id='word_1_156' title='bbox 485 1695 582 1758; x_wconf 86' lang='grc' dir='ltr'>οὐκέτι</span> <span class='ocrx_word' id='word_1_157' title='bbox 604 1695 700 1778; x_wconf 84' lang='grc' dir='ltr'>μέντοι</span> <span class='ocrx_word' id='word_1_158' title='bbox 722 1695 857 1777; x_wconf 87' lang='grc' dir='ltr'>λέγομεν·</span> <span class='ocrx_word' id='word_1_159' title='bbox 881 1694 917 1757; x_wconf 76' lang='grc' dir='ltr'>τὰ</span> <span class='ocrx_word' id='word_1_160' title='bbox 939 1697 971 1759; x_wconf 82' lang='grc' dir='ltr'>δὲ</span> <span class='ocrx_word' id='word_1_161' title='bbox 994 1699 1147 1780; x_wconf 88' lang='grc' dir='ltr'>χρώματα.</span> <span class='ocrx_word' id='word_1_162' title='bbox 1191 1698 1316 1782; x_wconf 78' lang='grc' dir='ltr'>διαφορὰ</span> <span class='ocrx_word' id='word_1_163' title='bbox 1337 1697 1392 1781; x_wconf 78' lang='grc' dir='ltr'>γὰρ</span> <span class='ocrx_word' id='word_1_164' title='bbox 1416 1698 1515 1782; x_wconf 80' lang='grc' dir='ltr'>σωμά·</span> 
     </span>
     <span class='ocr_line' id='line_1_15' title="bbox 260 1795 1512 1883; baseline 0.003 -26"><span class='ocrx_word' id='word_1_165' title='bbox 260 1820 317 1859; x_wconf 91' lang='grc' dir='ltr'>των</span> <span class='ocrx_word' id='word_1_166' title='bbox 340 1799 372 1860; x_wconf 88' lang='grc' dir='ltr'>τὸ</span> <span class='ocrx_word' id='word_1_167' title='bbox 395 1798 565 1882; x_wconf 87' lang='grc' dir='ltr'>κεχρῶσθαι</span> <span class='ocrx_word' id='word_1_168' title='bbox 587 1798 607 1879; x_wconf 76' lang='grc' dir='ltr'>ἢ</span> <span class='ocrx_word' id='word_1_169' title='bbox 629 1797 725 1882; x_wconf 88' lang='grc' dir='ltr'>ἄχροα</span> <span class='ocrx_word' id='word_1_170' title='bbox 751 1795 838 1869; x_wconf 84' lang='grc' dir='ltr'>εἶναι,</span> <span class='ocrx_word' id='word_1_171' title='bbox 867 1796 929 1860; x_wconf 86' lang='grc' dir='ltr'>ἀλλ’</span> <span class='ocrx_word' id='word_1_172' title='bbox 956 1797 990 1860; x_wconf 80' lang='grc' dir='ltr'>οδ</span> <span class='ocrx_word' id='word_1_173' title='bbox 1012 1799 1048 1861; x_wconf 79' lang='grc' dir='ltr'>τὰ</span> <span class='ocrx_word' id='word_1_174' title='bbox 1071 1801 1224 1883; x_wconf 87' lang='grc' dir='ltr'>χρώματα.</span> <span class='ocrx_word' id='word_1_175' title='bbox 1274 1802 1323 1863; x_wconf 86' lang='grc' dir='ltr'>καὶ</span> <span class='ocrx_word' id='word_1_176' title='bbox 1346 1801 1431 1863; x_wconf 77' lang='grc' dir='ltr'>πάλιν</span> <span class='ocrx_word' id='word_1_177' title='bbox 1454 1807 1512 1862; x_wconf 83' lang='grc' dir='ltr'>τῶν</span> 
     </span>
     <span class='ocr_line' id='line_1_16' title="bbox 222 1896 1511 1985; baseline 0.005 -27"><span class='ocrx_word' id='word_1_178' title='bbox 222 1915 246 1958; x_wconf 82' lang='grc' dir='ltr'>ιο</span> <span class='ocrx_word' id='word_1_179' title='bbox 261 1902 405 1981; x_wconf 89' lang='grc' dir='ltr'>σωμάτων</span> <span class='ocrx_word' id='word_1_180' title='bbox 428 1901 532 1984; x_wconf 78' lang='grc' dir='ltr'>τὰμὲν</span> <span class='ocrx_word' id='word_1_181' title='bbox 551 1900 646 1983; x_wconf 83' lang='grc' dir='ltr'>ὀσμὴν</span> <span class='ocrx_word' id='word_1_182' title='bbox 669 1896 778 1984; x_wconf 88' lang='grc' dir='ltr'>ἔχοντά</span> <span class='ocrx_word' id='word_1_183' title='bbox 796 1901 882 1975; x_wconf 85' lang='grc' dir='ltr'>ἐστιν,</span> <span class='ocrx_word' id='word_1_184' title='bbox 905 1900 940 1963; x_wconf 78' lang='grc' dir='ltr'>τὰ</span> <span class='ocrx_word' id='word_1_185' title='bbox 963 1902 995 1963; x_wconf 79' lang='grc' dir='ltr'>δὲ</span> <span class='ocrx_word' id='word_1_186' title='bbox 1016 1900 1069 1963; x_wconf 86' lang='grc' dir='ltr'>οὐκ</span> <span class='ocrx_word' id='word_1_187' title='bbox 1092 1898 1198 1985; x_wconf 86' lang='grc' dir='ltr'>ἔχοντα</span> <span class='ocrx_word' id='word_1_188' title='bbox 1219 1903 1268 1966; x_wconf 76' lang='grc' dir='ltr'>καὶ</span> <span class='ocrx_word' id='word_1_189' title='bbox 1282 1902 1390 1985; x_wconf 90' lang='grc' dir='ltr'>ἄοσμα,</span> <span class='ocrx_word' id='word_1_190' title='bbox 1414 1901 1511 1965; x_wconf 84' lang='grc' dir='ltr'>οὐκέτι</span> 
     </span>
     <span class='ocr_line' id='line_1_17' title="bbox 261 2000 1512 2089; baseline 0.002 -24"><span class='ocrx_word' id='word_1_191' title='bbox 261 2002 396 2087; x_wconf 84' lang='grc' dir='ltr'>λέγομεν·</span> <span class='ocrx_word' id='word_1_192' title='bbox 430 2002 467 2065; x_wconf 81' lang='grc' dir='ltr'>τά</span> <span class='ocrx_word' id='word_1_193' title='bbox 493 2004 526 2066; x_wconf 78' lang='grc' dir='ltr'>δὲ</span> <span class='ocrx_word' id='word_1_194' title='bbox 548 2003 644 2086; x_wconf 83' lang='grc' dir='ltr'>όσμαί.</span> <span class='ocrx_word' id='word_1_195' title='bbox 691 2003 738 2065; x_wconf 81' lang='grc' dir='ltr'>καλ</span> <span class='ocrx_word' id='word_1_196' title='bbox 761 2001 871 2089; x_wconf 80' lang='grc' dir='ltr'>τὰμὲν</span> <span class='ocrx_word' id='word_1_197' title='bbox 895 2002 1033 2086; x_wconf 86' lang='grc' dir='ltr'>ποιότητα</span> <span class='ocrx_word' id='word_1_198' title='bbox 1061 2000 1181 2087; x_wconf 82' lang='grc' dir='ltr'>ἔχοντα,</span> <span class='ocrx_word' id='word_1_199' title='bbox 1207 2005 1244 2068; x_wconf 81' lang='grc' dir='ltr'>τὰ</span> <span class='ocrx_word' id='word_1_200' title='bbox 1270 2005 1302 2068; x_wconf 82' lang='grc' dir='ltr'>δὲ</span> <span class='ocrx_word' id='word_1_201' title='bbox 1330 2005 1383 2068; x_wconf 80' lang='grc' dir='ltr'>οὐκ</span> <span class='ocrx_word' id='word_1_202' title='bbox 1405 2002 1512 2089; x_wconf 81' lang='grc' dir='ltr'>ἔχοντα</span> 
     </span>
     <span class='ocr_line' id='line_1_18' title="bbox 260 2103 1512 2190; baseline 0.003 -24"><span class='ocrx_word' id='word_1_203' title='bbox 260 2103 400 2190; x_wconf 87' lang='grc' dir='ltr'>ποιότητα</span> <span class='ocrx_word' id='word_1_204' title='bbox 423 2107 471 2169; x_wconf 76' lang='grc' dir='ltr'>καὶ</span> <span class='ocrx_word' id='word_1_205' title='bbox 493 2105 594 2183; x_wconf 83' lang='grc' dir='ltr'>ἄποια,</span> <span class='ocrx_word' id='word_1_206' title='bbox 623 2103 732 2167; x_wconf 79' lang='grc' dir='ltr'>οὐκέτι·</span> <span class='ocrx_word' id='word_1_207' title='bbox 755 2105 795 2175; x_wconf 89' lang='grc' dir='ltr'>,τὰ</span> <span class='ocrx_word' id='word_1_208' title='bbox 818 2107 850 2168; x_wconf 81' lang='grc' dir='ltr'>δὲ</span> <span class='ocrx_word' id='word_1_209' title='bbox 872 2105 1032 2190; x_wconf 70' lang='grc' dir='ltr'>ποιότητες.</span> <span class='ocrx_word' id='word_1_210' title='bbox 1079 2107 1098 2189; x_wconf 82' lang='grc' dir='ltr'><strong>ἢ</strong></span> <span class='ocrx_word' id='word_1_211' title='bbox 1125 2108 1196 2188; x_wconf 84' lang='grc' dir='ltr'>[τῶν</span> <span class='ocrx_word' id='word_1_212' title='bbox 1220 2107 1378 2190; x_wconf 88' lang='grc' dir='ltr'>σωμάτων]</span> <span class='ocrx_word' id='word_1_213' title='bbox 1400 2107 1437 2170; x_wconf 80' lang='grc' dir='ltr'>τὰ</span> <span class='ocrx_word' id='word_1_214' title='bbox 1459 2108 1512 2190; x_wconf 86' lang='grc' dir='ltr'>μὲν</span> 
     </span>
     <span class='ocr_line' id='line_1_19' title="bbox 260 2205 1514 2294; baseline 0 -24"><span class='ocrx_word' id='word_1_215' title='bbox 260 2206 453 2291; x_wconf 47' lang='grc' dir='ltr'>σύνθεταχτδι</span> <span class='ocrx_word' id='word_1_216' title='bbox 475 2209 507 2271; x_wconf 83' lang='grc' dir='ltr'>δὲ</span> <span class='ocrx_word' id='word_1_217' title='bbox 529 2206 563 2270; x_wconf 84' lang='grc' dir='ltr'>οὐ</span> <span class='ocrx_word' id='word_1_218' title='bbox 587 2208 720 2281; x_wconf 80' lang='grc' dir='ltr'>σύνθετα,</span> <span class='ocrx_word' id='word_1_219' title='bbox 743 2205 853 2269; x_wconf 81' lang='grc' dir='ltr'>οὐκέτι·</span> <span class='ocrx_word' id='word_1_220' title='bbox 876 2208 912 2271; x_wconf 78' lang='grc' dir='ltr'>τὰ</span> <span class='ocrx_word' id='word_1_221' title='bbox 931 2210 964 2271; x_wconf 84' lang='grc' dir='ltr'>δὲ</span> <span class='ocrx_word' id='word_1_222' title='bbox 986 2208 1143 2278; x_wconf 81' lang='grc' dir='ltr'>συνθέσεις.</span> <span class='ocrx_word' id='word_1_223' title='bbox 1178 2210 1281 2294; x_wconf 83' lang='grc' dir='ltr'>οὐγὰρ</span> <span class='ocrx_word' id='word_1_224' title='bbox 1303 2216 1390 2294; x_wconf 83' lang='grc' dir='ltr'>σῶμα</span> <span class='ocrx_word' id='word_1_225' title='bbox 1412 2210 1431 2293; x_wconf 81' lang='grc' dir='ltr'>ἡ</span> <span class='ocrx_word' id='word_1_226' title='bbox 1450 2210 1514 2272; x_wconf 83' lang='grc' dir='ltr'>σύν-</span> 
     </span>
     <span class='ocr_line' id='line_1_20' title="bbox 261 2306 1553 2395; baseline -0.001 -23"><span class='ocrx_word' id='word_1_227' title='bbox 261 2309 349 2379; x_wconf 89' lang='grc' dir='ltr'>θεσις.</span> <span class='ocrx_word' id='word_1_228' title='bbox 395 2310 503 2393; x_wconf 82' lang='grc' dir='ltr'>ὁμοίως</span> <span class='ocrx_word' id='word_1_229' title='bbox 524 2311 557 2372; x_wconf 87' lang='grc' dir='ltr'>δὲ</span> <span class='ocrx_word' id='word_1_230' title='bbox 579 2312 626 2373; x_wconf 78' lang='grc' dir='ltr'>καὶ</span> <span class='ocrx_word' id='word_1_231' title='bbox 654 2317 712 2373; x_wconf 84' lang='grc' dir='ltr'>τῶν</span> <span class='ocrx_word' id='word_1_232' title='bbox 736 2306 822 2394; x_wconf 75' lang='grc' dir='ltr'>ζῴων</span> <span class='ocrx_word' id='word_1_233' title='bbox 849 2310 958 2390; x_wconf 77' lang='grc' dir='ltr'>τὰμὲν</span> <span class='ocrx_word' id='word_1_234' title='bbox 983 2311 1088 2394; x_wconf 83' lang='grc' dir='ltr'>θνητά,</span> <span class='ocrx_word' id='word_1_235' title='bbox 1116 2313 1151 2375; x_wconf 77' lang='grc' dir='ltr'>πολ</span> <span class='ocrx_word' id='word_1_236' title='bbox 1174 2314 1206 2375; x_wconf 85' lang='grc' dir='ltr'>δὲ</span> <span class='ocrx_word' id='word_1_237' title='bbox 1232 2311 1266 2374; x_wconf 80' lang='grc' dir='ltr'>οὐ</span> <span class='ocrx_word' id='word_1_238' title='bbox 1290 2312 1383 2395; x_wconf 89' lang='grc' dir='ltr'>θνητά</span> <span class='ocrx_word' id='word_1_239' title='bbox 1409 2334 1440 2375; x_wconf 87' lang='grc' dir='ltr'>τε</span> <span class='ocrx_word' id='word_1_240' title='bbox 1462 2312 1510 2375; x_wconf 90' lang='grc' dir='ltr'>καὶ</span> <span class='ocrx_word' id='word_1_241' title='bbox 1525 2328 1553 2371; x_wconf 80' lang='grc' dir='ltr'>ιο</span> 
     </span>
     <span class='ocr_line' id='line_1_21' title="bbox 218 2411 1511 2500; baseline 0.005 -29"><span class='ocrx_word' id='word_1_242' title='bbox 218 2426 246 2471; x_wconf 79' lang='grc' dir='ltr'>νυ</span> <span class='ocrx_word' id='word_1_243' title='bbox 259 2412 401 2486; x_wconf 79' lang='grc' dir='ltr'>ἀθάνατα,</span> <span class='ocrx_word' id='word_1_244' title='bbox 424 2411 533 2475; x_wconf 84' lang='grc' dir='ltr'>οὐκέτι·</span> <span class='ocrx_word' id='word_1_245' title='bbox 556 2412 592 2474; x_wconf 81' lang='grc' dir='ltr'>τὰ</span> <span class='ocrx_word' id='word_1_246' title='bbox 614 2413 647 2475; x_wconf 82' lang='grc' dir='ltr'>δὲ</span> <span class='ocrx_word' id='word_1_247' title='bbox 663 2411 791 2474; x_wconf 87' lang='grc' dir='ltr'>θάνατοι.</span> <span class='ocrx_word' id='word_1_248' title='bbox 826 2411 929 2495; x_wconf 79' lang='grc' dir='ltr'>οὐγὰρ</span> <span class='ocrx_word' id='word_1_249' title='bbox 946 2417 1023 2496; x_wconf 75' lang='grc' dir='ltr'>ζῷον</span> <span class='ocrx_word' id='word_1_250' title='bbox 1040 2415 1056 2476; x_wconf 83' lang='grc' dir='ltr'>ὁ</span> <span class='ocrx_word' id='word_1_251' title='bbox 1074 2414 1207 2485; x_wconf 87' lang='grc' dir='ltr'>θάνατος.</span> <span class='ocrx_word' id='word_1_252' title='bbox 1242 2417 1325 2477; x_wconf 78' lang='grc' dir='ltr'>παλιν</span> <span class='ocrx_word' id='word_1_253' title='bbox 1347 2417 1405 2476; x_wconf 84' lang='grc' dir='ltr'>τῶν</span> <span class='ocrx_word' id='word_1_254' title='bbox 1423 2411 1511 2500; x_wconf 74' lang='grc' dir='ltr'>ζῴων</span> 
     </span>
     <span class='ocr_line' id='line_1_22' title="bbox 257 2513 1511 2607; baseline 0.002 -30"><span class='ocrx_word' id='word_1_255' title='bbox 257 2514 361 2594; x_wconf 77' lang='grc' dir='ltr'>τὰμὲν</span> <span class='ocrx_word' id='word_1_256' title='bbox 384 2515 495 2596; x_wconf 89' lang='grc' dir='ltr'>λογικά,</span> <span class='ocrx_word' id='word_1_257' title='bbox 518 2515 554 2578; x_wconf 84' lang='grc' dir='ltr'>τὰ</span> <span class='ocrx_word' id='word_1_258' title='bbox 577 2514 603 2577; x_wconf 79' lang='grc' dir='ltr'>δ’</span> <span class='ocrx_word' id='word_1_259' title='bbox 623 2513 657 2577; x_wconf 84' lang='grc' dir='ltr'>οδ</span> <span class='ocrx_word' id='word_1_260' title='bbox 681 2516 781 2596; x_wconf 87' lang='grc' dir='ltr'>λογικά</span> <span class='ocrx_word' id='word_1_261' title='bbox 801 2537 832 2576; x_wconf 88' lang='grc' dir='ltr'>τε</span> <span class='ocrx_word' id='word_1_262' title='bbox 847 2516 895 2577; x_wconf 87' lang='grc' dir='ltr'>καὶ</span> <span class='ocrx_word' id='word_1_263' title='bbox 910 2514 1012 2596; x_wconf 85' lang='grc' dir='ltr'>ἄλογα,</span> <span class='ocrx_word' id='word_1_264' title='bbox 1035 2515 1144 2579; x_wconf 82' lang='grc' dir='ltr'>οὐκέτι·</span> <span class='ocrx_word' id='word_1_265' title='bbox 1167 2516 1203 2579; x_wconf 74' lang='grc' dir='ltr'>τὰ</span> <span class='ocrx_word' id='word_1_266' title='bbox 1218 2518 1251 2580; x_wconf 80' lang='grc' dir='ltr'>δὲ</span> <span class='ocrx_word' id='word_1_267' title='bbox 1273 2516 1361 2599; x_wconf 84' lang='grc' dir='ltr'>λόγοι.</span> <span class='ocrx_word' id='word_1_268' title='bbox 1399 2516 1433 2580; x_wconf 79' lang='grc' dir='ltr'>οὐ</span> <span class='ocrx_word' id='word_1_269' title='bbox 1456 2517 1511 2607; x_wconf 84' lang='grc' dir='ltr'>γδιρ</span> 
     </span>
     <span class='ocr_line' id='line_1_23' title="bbox 258 2615 1510 2703; baseline 0.002 -23"><span class='ocrx_word' id='word_1_270' title='bbox 258 2617 338 2700; x_wconf 90' lang='grc' dir='ltr'>λόγοι</span> <span class='ocrx_word' id='word_1_271' title='bbox 360 2617 396 2680; x_wconf 80' lang='grc' dir='ltr'>τὰ</span> <span class='ocrx_word' id='word_1_272' title='bbox 419 2622 494 2703; x_wconf 76' lang='grc' dir='ltr'>ζῷα.</span> <span class='ocrx_word' id='word_1_273' title='bbox 538 2619 587 2680; x_wconf 88' lang='grc' dir='ltr'>τδν</span> <span class='ocrx_word' id='word_1_274' title='bbox 609 2616 695 2680; x_wconf 83' lang='grc' dir='ltr'>αι’ντδν</span> <span class='ocrx_word' id='word_1_275' title='bbox 724 2615 774 2680; x_wconf 81' lang='grc' dir='ltr'>οὖν</span> <span class='ocrx_word' id='word_1_276' title='bbox 795 2616 900 2700; x_wconf 87' lang='grc' dir='ltr'>τρόπον</span> <span class='ocrx_word' id='word_1_277' title='bbox 923 2618 1044 2701; x_wconf 80' lang='grc' dir='ltr'>ἐροῦμεν</span> <span class='ocrx_word' id='word_1_278' title='bbox 1075 2619 1204 2682; x_wconf 76' lang='grc' dir='ltr'>καὶτῶν</span> <span class='ocrx_word' id='word_1_279' title='bbox 1228 2620 1372 2702; x_wconf 93' lang='grc' dir='ltr'>σωμάτων</span> <span class='ocrx_word' id='word_1_280' title='bbox 1398 2619 1434 2682; x_wconf 82' lang='grc' dir='ltr'>τὰ</span> <span class='ocrx_word' id='word_1_281' title='bbox 1458 2621 1510 2703; x_wconf 85' lang='grc' dir='ltr'>μὲν</span> 
     </span>
     <span class='ocr_line' id='line_1_24' title="bbox 257 2718 1511 2806; baseline 0.003 -24"><span class='ocrx_word' id='word_1_282' title='bbox 257 2719 330 2806; x_wconf 78' lang='grc' dir='ltr'>εἶναι</span> <span class='ocrx_word' id='word_1_283' title='bbox 352 2718 481 2805; x_wconf 71' lang='grc' dir='ltr'>ἔμψυχα,</span> <span class='ocrx_word' id='word_1_284' title='bbox 503 2720 539 2783; x_wconf 85' lang='grc' dir='ltr'>τὰ</span> <span class='ocrx_word' id='word_1_285' title='bbox 561 2721 593 2784; x_wconf 82' lang='grc' dir='ltr'>δὲ</span> <span class='ocrx_word' id='word_1_286' title='bbox 607 2719 661 2783; x_wconf 78' lang='grc' dir='ltr'>οὐκ</span> <span class='ocrx_word' id='word_1_287' title='bbox 683 2718 805 2804; x_wconf 77' lang='grc' dir='ltr'>ἔμψυχα</span> <span class='ocrx_word' id='word_1_288' title='bbox 827 2721 874 2782; x_wconf 88' lang='grc' dir='ltr'>καὶ</span> <span class='ocrx_word' id='word_1_289' title='bbox 889 2719 1001 2805; x_wconf 76' lang='grc' dir='ltr'>ἄψυχα,</span> <span class='ocrx_word' id='word_1_290' title='bbox 1025 2721 1121 2785; x_wconf 87' lang='grc' dir='ltr'>οδκέτι</span> <span class='ocrx_word' id='word_1_291' title='bbox 1144 2721 1243 2785; x_wconf 83' lang='grc' dir='ltr'>δὲκαὶ</span> <span class='ocrx_word' id='word_1_292' title='bbox 1265 2722 1376 2806; x_wconf 83' lang='grc' dir='ltr'>ψυχάς·</span> <span class='ocrx_word' id='word_1_293' title='bbox 1401 2722 1434 2785; x_wconf 79' lang='grc' dir='ltr'>οὐ</span> <span class='ocrx_word' id='word_1_294' title='bbox 1456 2722 1511 2806; x_wconf 79' lang='grc' dir='ltr'>γὰρ</span> 
     </span>
     <span class='ocr_line' id='line_1_25' title="bbox 257 2820 1504 2910; baseline 0.002 -25"><span class='ocrx_word' id='word_1_295' title='bbox 257 2823 286 2885; x_wconf 89' lang='grc' dir='ltr'>αί</span> <span class='ocrx_word' id='word_1_296' title='bbox 309 2824 404 2907; x_wconf 72' lang='grc' dir='ltr'>ψυχαὶ</span> <span class='ocrx_word' id='word_1_297' title='bbox 428 2826 559 2904; x_wconf 89' lang='grc' dir='ltr'>σώματα.</span> <span class='ocrx_word' id='word_1_298' title='bbox 595 2820 684 2885; x_wconf 62' lang='lat' dir='ltr'>{wel</span> <span class='ocrx_word' id='word_1_299' title='bbox 706 2847 725 2905; x_wconf 92' lang='grc' dir='ltr'>η</span> <span class='ocrx_word' id='word_1_300' title='bbox 749 2822 830 2907; x_wconf 69' lang='grc' dir='ltr'>ψυχὴ</span> <span class='ocrx_word' id='word_1_301' title='bbox 854 2829 950 2904; x_wconf 85' lang='grc' dir='ltr'>σῶμα,</span> <span class='ocrx_word' id='word_1_302' title='bbox 973 2821 1037 2905; x_wconf 83' lang='grc' dir='ltr'>ἤτοι</span> <span class='ocrx_word' id='word_1_303' title='bbox 1060 2821 1116 2886; x_wconf 86' lang='grc' dir='ltr'>ὑπό</span> <span class='ocrx_word' id='word_1_304' title='bbox 1139 2847 1213 2892; x_wconf 89' lang='grc' dir='ltr'>τινος</span> <span class='ocrx_word' id='word_1_305' title='bbox 1236 2823 1388 2908; x_wconf 85' lang='grc' dir='ltr'>συνέχεται</span> <span class='ocrx_word' id='word_1_306' title='bbox 1410 2849 1429 2908; x_wconf 92' lang='grc' dir='ltr'>η</span> <span class='ocrx_word' id='word_1_307' title='bbox 1453 2824 1504 2910; x_wconf 80' lang='grc' dir='ltr'>ὑφ’</span> 
     </span>
     <span class='ocr_line' id='line_1_26' title="bbox 216 2923 1508 3009; baseline 0.002 -23"><span class='ocrx_word' id='word_1_308' title='bbox 216 2926 356 3009; x_wconf 70' lang='grc' dir='ltr'>νοαὺτῆς.</span> <span class='ocrx_word' id='word_1_309' title='bbox 401 2924 460 2987; x_wconf 82' lang='grc' dir='ltr'>ἀλλ’</span> <span class='ocrx_word' id='word_1_310' title='bbox 489 2923 539 3008; x_wconf 76' lang='grc' dir='ltr'>ὑφ’</span> <span class='ocrx_word' id='word_1_311' title='bbox 567 2927 657 3007; x_wconf 75' lang='grc' dir='ltr'>αὐτῆς</span> <span class='ocrx_word' id='word_1_312' title='bbox 685 2925 736 3005; x_wconf 84' lang='grc' dir='ltr'>μὲν</span> <span class='ocrx_word' id='word_1_313' title='bbox 764 2923 821 3009; x_wconf 85' lang='grc' dir='ltr'>οὐχ</span> <span class='ocrx_word' id='word_1_314' title='bbox 847 2924 907 2987; x_wconf 84' lang='grc' dir='ltr'>οἶόν</span> <span class='ocrx_word' id='word_1_315' title='bbox 934 2949 966 2986; x_wconf 85' lang='grc' dir='ltr'>τε</span> <span class='ocrx_word' id='word_1_316' title='bbox 993 2928 1034 2992; x_wconf 80' lang='grc' dir='ltr'>ὡς</span> <span class='ocrx_word' id='word_1_317' title='bbox 1061 2929 1127 3008; x_wconf 78' lang='grc' dir='ltr'>μιᾶς</span> <span class='ocrx_word' id='word_1_318' title='bbox 1157 2927 1204 2988; x_wconf 85' lang='grc' dir='ltr'>καὶ</span> <span class='ocrx_word' id='word_1_319' title='bbox 1231 2924 1268 2989; x_wconf 85' lang='grc' dir='ltr'>δι’</span> <span class='ocrx_word' id='word_1_320' title='bbox 1297 2924 1368 3009; x_wconf 77' lang='grc' dir='ltr'>ὅλης</span> <span class='ocrx_word' id='word_1_321' title='bbox 1398 2927 1508 3008; x_wconf 81' lang='grc' dir='ltr'>ὁμοίας.</span> 
     </span>
     <span class='ocr_line' id='line_1_27' title="bbox 257 3025 1553 3113; baseline -0.002 -23"><span class='ocrx_word' id='word_1_322' title='bbox 257 3027 395 3091; x_wconf 84' lang='grc' dir='ltr'>ἀδύνατον</span> <span class='ocrx_word' id='word_1_323' title='bbox 417 3027 470 3112; x_wconf 78' lang='grc' dir='ltr'>γὰρ</span> <span class='ocrx_word' id='word_1_324' title='bbox 494 3030 526 3091; x_wconf 87' lang='grc' dir='ltr'>τὸ</span> <span class='ocrx_word' id='word_1_325' title='bbox 547 3027 617 3090; x_wconf 79' lang='grc' dir='ltr'>αὐτὸ</span> <span class='ocrx_word' id='word_1_326' title='bbox 641 3027 769 3091; x_wconf 81' lang='grc' dir='ltr'>κατὰτὸ</span> <span class='ocrx_word' id='word_1_327' title='bbox 794 3025 865 3089; x_wconf 83' lang='grc' dir='ltr'>αὐτὸ</span> <span class='ocrx_word' id='word_1_328' title='bbox 888 3026 1018 3112; x_wconf 84' lang='grc' dir='ltr'>συνέχειν</span> <span class='ocrx_word' id='word_1_329' title='bbox 1041 3051 1073 3090; x_wconf 90' lang='grc' dir='ltr'>τε</span> <span class='ocrx_word' id='word_1_330' title='bbox 1094 3029 1141 3090; x_wconf 82' lang='grc' dir='ltr'>καὶ</span> <span class='ocrx_word' id='word_1_331' title='bbox 1161 3027 1354 3113; x_wconf 86' lang='grc' dir='ltr'>συνέχεσθαι.·</span> <span class='ocrx_word' id='word_1_332' title='bbox 1382 3029 1509 3091; x_wconf 85' lang='grc' dir='ltr'>λείπεται</span> <span class='ocrx_word' id='word_1_333' title='bbox 1522 3045 1553 3087; x_wconf 84' lang='grc' dir='ltr'>ου</span> 
     </span>
     <span class='ocr_line' id='line_1_28' title="bbox 256 3129 1511 3216; baseline -0.001 -22"><span class='ocrx_word' id='word_1_334' title='bbox 256 3131 314 3216; x_wconf 92' lang='grc' dir='ltr'>ἄρα</span> <span class='ocrx_word' id='word_1_335' title='bbox 337 3131 424 3214; x_wconf 87' lang='grc' dir='ltr'>μέρος</span> <span class='ocrx_word' id='word_1_336' title='bbox 446 3130 497 3213; x_wconf 78' lang='grc' dir='ltr'>μὲν</span> <span class='ocrx_word' id='word_1_337' title='bbox 521 3130 654 3215; x_wconf 87' lang='grc' dir='ltr'>συνέχειν</span> <span class='ocrx_word' id='word_1_338' title='bbox 677 3129 777 3213; x_wconf 81' lang='grc' dir='ltr'>αὐτῆς,</span> <span class='ocrx_word' id='word_1_339' title='bbox 801 3129 888 3212; x_wconf 85' lang='grc' dir='ltr'>μέρος</span> <span class='ocrx_word' id='word_1_340' title='bbox 911 3130 943 3192; x_wconf 85' lang='grc' dir='ltr'>δὲ</span> <span class='ocrx_word' id='word_1_341' title='bbox 966 3129 1151 3214; x_wconf 86' lang='grc' dir='ltr'>συνέχεσθαι.</span> <span class='ocrx_word' id='word_1_342' title='bbox 1185 3130 1211 3192; x_wconf 83' lang='grc' dir='ltr'>εἰ</span> <span class='ocrx_word' id='word_1_343' title='bbox 1233 3132 1266 3193; x_wconf 84' lang='grc' dir='ltr'>δὲ</span> <span class='ocrx_word' id='word_1_344' title='bbox 1288 3134 1383 3207; x_wconf 83' lang='grc' dir='ltr'>τοῦτο,</span> <span class='ocrx_word' id='word_1_345' title='bbox 1406 3129 1452 3214; x_wconf 83' lang='grc' dir='ltr'>εἴη</span> <span class='ocrx_word' id='word_1_346' title='bbox 1477 3130 1511 3194; x_wconf 82' lang='grc' dir='ltr'>ἄν</span> 
     </span>
     <span class='ocr_line' id='line_1_29' title="bbox 254 3230 1547 3325; baseline 0.001 -29"><span class='ocrx_word' id='word_1_347' title='bbox 254 3234 286 3296; x_wconf 86' lang='grc' dir='ltr'>τδ</span> <span class='ocrx_word' id='word_1_348' title='bbox 310 3232 397 3315; x_wconf 90' lang='grc' dir='ltr'>μέρος</span> <span class='ocrx_word' id='word_1_349' title='bbox 419 3232 451 3294; x_wconf 83' lang='grc' dir='ltr'>τὸ</span> <span class='ocrx_word' id='word_1_350' title='bbox 475 3231 595 3317; x_wconf 84' lang='grc' dir='ltr'>συνέχον</span> <span class='ocrx_word' id='word_1_351' title='bbox 618 3257 637 3315; x_wconf 91' lang='grc' dir='ltr'>η</span> <span class='ocrx_word' id='word_1_352' title='bbox 661 3233 757 3317; x_wconf 81' lang='grc' dir='ltr'>ψυχή,</span> <span class='ocrx_word' id='word_1_353' title='bbox 785 3230 819 3293; x_wconf 88' lang='grc' dir='ltr'>οδ</span> <span class='ocrx_word' id='word_1_354' title='bbox 842 3232 874 3293; x_wconf 82' lang='grc' dir='ltr'>τὸ</span> <span class='ocrx_word' id='word_1_355' title='bbox 898 3230 1108 3317; x_wconf 88' lang='grc' dir='ltr'>συνεχόμενον,</span> <span class='ocrx_word' id='word_1_356' title='bbox 1137 3230 1170 3308; x_wconf 82' lang='grc' dir='ltr'>δ’,</span> <span class='ocrx_word' id='word_1_357' title='bbox 1197 3232 1223 3295; x_wconf 83' lang='grc' dir='ltr'>εἰ</span> <span class='ocrx_word' id='word_1_358' title='bbox 1246 3234 1294 3296; x_wconf 86' lang='grc' dir='ltr'>καὶ</span> <span class='ocrx_word' id='word_1_359' title='bbox 1316 3233 1387 3297; x_wconf 79' lang='grc' dir='ltr'>αὐτὸ</span> <span class='ocrx_word' id='word_1_360' title='bbox 1410 3239 1508 3318; x_wconf 84' lang='grc' dir='ltr'>σῶμα,</span> <span class='ocrx_word' id='word_1_361' title='bbox 1541 3312 1547 3325; x_wconf 28' lang='grc' dir='ltr'>ι</span> 
     </span>
     <span class='ocr_line' id='line_1_30' title="bbox 255 3331 1556 3422; baseline 0.002 -23"><span class='ocrx_word' id='word_1_362' title='bbox 255 3335 319 3420; x_wconf 81' lang='grc' dir='ltr'>ἤτοι</span> <span class='ocrx_word' id='word_1_363' title='bbox 343 3335 399 3398; x_wconf 77' lang='grc' dir='ltr'>ὑπὸ</span> <span class='ocrx_word' id='word_1_364' title='bbox 422 3331 511 3397; x_wconf 91' lang='grc' dir='ltr'>ἄλλου</span> <span class='ocrx_word' id='word_1_365' title='bbox 540 3335 707 3420; x_wconf 85' lang='grc' dir='ltr'>συνέχεται,</span> <span class='ocrx_word' id='word_1_366' title='bbox 735 3334 754 3417; x_wconf 79' lang='grc' dir='ltr'><strong>ἢ</strong></span> <span class='ocrx_word' id='word_1_367' title='bbox 778 3333 827 3418; x_wconf 82' lang='grc' dir='ltr'>ὑφ’</span> <span class='ocrx_word' id='word_1_368' title='bbox 855 3335 954 3411; x_wconf 82' lang='grc' dir='ltr'>αὑτοῦ,</span> <span class='ocrx_word' id='word_1_369' title='bbox 977 3337 1025 3398; x_wconf 85' lang='grc' dir='ltr'>καὶ</span> <span class='ocrx_word' id='word_1_370' title='bbox 1052 3339 1136 3398; x_wconf 80' lang='grc' dir='ltr'>τοῦτο</span> <span class='ocrx_word' id='word_1_371' title='bbox 1164 3335 1205 3404; x_wconf 85' lang='grc' dir='ltr'>εἰς</span> <span class='ocrx_word' id='word_1_372' title='bbox 1230 3334 1360 3420; x_wconf 90' lang='grc' dir='ltr'>ἄπειρον.</span> <span class='ocrx_word' id='word_1_373' title='bbox 1404 3337 1431 3400; x_wconf 82' lang='grc' dir='ltr'>εἰ</span> <span class='ocrx_word' id='word_1_374' title='bbox 1451 3337 1506 3422; x_wconf 81' lang='grc' dir='ltr'>γάρ</span> <span class='ocrx_word' id='word_1_375' title='bbox 1552 3364 1556 3373; x_wconf 96' lang='grc'><strong><em>·</em></strong></span> 
     </span>
     <span class='ocr_line' id='line_1_31' title="bbox 214 3435 1507 3523; baseline 0.002 -25"><span class='ocrx_word' id='word_1_376' title='bbox 214 3437 326 3523; x_wconf 76' lang='grc' dir='ltr'>ευὸλην</span> <span class='ocrx_word' id='word_1_377' title='bbox 349 3437 457 3519; x_wconf 89' lang='grc' dir='ltr'>λέγοιεν</span> <span class='ocrx_word' id='word_1_378' title='bbox 479 3435 570 3520; x_wconf 81' lang='grc' dir='ltr'>αὐτὴν</span> <span class='ocrx_word' id='word_1_379' title='bbox 599 3436 730 3522; x_wconf 87' lang='grc' dir='ltr'>συνέχειν</span> <span class='ocrx_word' id='word_1_380' title='bbox 756 3461 787 3500; x_wconf 88' lang='grc' dir='ltr'>τε</span> <span class='ocrx_word' id='word_1_381' title='bbox 813 3438 861 3500; x_wconf 88' lang='grc' dir='ltr'>καὶ</span> <span class='ocrx_word' id='word_1_382' title='bbox 890 3438 1064 3523; x_wconf 87' lang='grc' dir='ltr'>συνέχεσθαι</span> <span class='ocrx_word' id='word_1_383' title='bbox 1093 3441 1133 3506; x_wconf 85' lang='grc' dir='ltr'>ὡς</span> <span class='ocrx_word' id='word_1_384' title='bbox 1160 3437 1192 3501; x_wconf 83' lang='grc' dir='ltr'>έν</span> <span class='ocrx_word' id='word_1_385' title='bbox 1219 3462 1245 3500; x_wconf 91' lang='grc' dir='ltr'>τι</span> <span class='ocrx_word' id='word_1_386' title='bbox 1267 3440 1315 3501; x_wconf 86' lang='grc' dir='ltr'>καὶ</span> <span class='ocrx_word' id='word_1_387' title='bbox 1338 3437 1441 3501; x_wconf 83' lang='grc' dir='ltr'>ταύτὸν</span> <span class='ocrx_word' id='word_1_388' title='bbox 1464 3437 1507 3515; x_wconf 83' lang='grc' dir='ltr'>ἄν,</span> 
     </span>
     <span class='ocr_line' id='line_1_32' title="bbox 255 3537 1562 3626; baseline -0.002 -21"><span class='ocrx_word' id='word_1_389' title='bbox 255 3542 410 3626; x_wconf 75' lang='grc' dir='ltr'>δυνήσεταί</span> <span class='ocrx_word' id='word_1_390' title='bbox 430 3563 456 3603; x_wconf 91' lang='grc' dir='ltr'>τι</span> <span class='ocrx_word' id='word_1_391' title='bbox 471 3542 520 3603; x_wconf 82' lang='grc' dir='ltr'>καὶ</span> <span class='ocrx_word' id='word_1_392' title='bbox 542 3538 621 3625; x_wconf 83' lang='grc' dir='ltr'>ἔχειν</span> <span class='ocrx_word' id='word_1_393' title='bbox 644 3539 692 3603; x_wconf 87' lang='grc' dir='ltr'>καὶ</span> <span class='ocrx_word' id='word_1_394' title='bbox 712 3537 836 3625; x_wconf 83' lang='grc' dir='ltr'>ἔχεσθαι</span> <span class='ocrx_word' id='word_1_395' title='bbox 858 3539 907 3624; x_wconf 78' lang='grc' dir='ltr'>ὑφ’</span> <span class='ocrx_word' id='word_1_396' title='bbox 928 3541 1016 3603; x_wconf 83' lang='grc' dir='ltr'>αὑτοῦ</span> <span class='ocrx_word' id='word_1_397' title='bbox 1042 3539 1046 3625; x_wconf 71' lang='grc'><strong>1</strong></span> <span class='ocrx_word' id='word_1_398' title='bbox 1072 3542 1119 3603; x_wconf 85' lang='grc' dir='ltr'>καὶ</span> <span class='ocrx_word' id='word_1_399' title='bbox 1140 3545 1232 3604; x_wconf 84' lang='grc' dir='ltr'>ποιεῖν</span> <span class='ocrx_word' id='word_1_400' title='bbox 1255 3539 1342 3604; x_wconf 82' lang='grc' dir='ltr'>ταύτὸ</span> <span class='ocrx_word' id='word_1_401' title='bbox 1366 3543 1413 3604; x_wconf 81' lang='grc' dir='ltr'>καλ</span> <span class='ocrx_word' id='word_1_402' title='bbox 1437 3544 1490 3605; x_wconf 88' lang='grc' dir='ltr'>πά·</span> <span class='ocrx_word' id='word_1_403' title='bbox 1509 3558 1562 3603; x_wconf 63' lang='grc'>145,</span> 
     </span>
     <span class='ocr_line' id='line_1_33' title="bbox 255 3640 1563 3729; baseline 0.002 -22"><span class='ocrx_word' id='word_1_404' title='bbox 255 3664 345 3729; x_wconf 89' lang='grc' dir='ltr'>σχειν.</span> <span class='ocrx_word' id='word_1_405' title='bbox 390 3641 459 3707; x_wconf 76' lang='grc' dir='ltr'>οὐδὲ</span> <span class='ocrx_word' id='word_1_406' title='bbox 480 3643 534 3727; x_wconf 77' lang='grc' dir='ltr'>γάρ</span> <span class='ocrx_word' id='word_1_407' title='bbox 562 3669 581 3727; x_wconf 89' lang='grc' dir='ltr'>η</span> <span class='ocrx_word' id='word_1_408' title='bbox 604 3643 740 3726; x_wconf 85' lang='grc' dir='ltr'>τρίβουσα</span> <span class='ocrx_word' id='word_1_409' title='bbox 766 3647 831 3728; x_wconf 85' lang='grc' dir='ltr'>χεῖρ</span> <span class='ocrx_word' id='word_1_410' title='bbox 858 3644 906 3706; x_wconf 88' lang='grc' dir='ltr'>καὶ</span> <span class='ocrx_word' id='word_1_411' title='bbox 928 3643 1147 3728; x_wconf 83' lang='grc' dir='ltr'>ἀντιτάσχουσα</span> <span class='ocrx_word' id='word_1_412' title='bbox 1173 3644 1247 3707; x_wconf 80' lang='grc' dir='ltr'>κατὰ</span> <span class='ocrx_word' id='word_1_413' title='bbox 1273 3644 1325 3728; x_wconf 75' lang='grc' dir='ltr'>τὴν</span> <span class='ocrx_word' id='word_1_414' title='bbox 1348 3642 1438 3728; x_wconf 75' lang='grc' dir='ltr'>αὐτὴν</span> <span class='ocrx_word' id='word_1_415' title='bbox 1461 3646 1506 3709; x_wconf 82' lang='grc' dir='ltr'>δό·</span> <span class='ocrx_word' id='word_1_416' title='bbox 1561 3640 1563 3644; x_wconf 38' lang='lat'><strong><em>⁴</em></strong></span> 
     </span>
     <span class='ocr_line' id='line_1_34' title="bbox 253 3743 1505 3833; baseline 0.001 -25"><span class='ocrx_word' id='word_1_417' title='bbox 253 3769 337 3831; x_wconf 90' lang='grc' dir='ltr'>ναμιν</span> <span class='ocrx_word' id='word_1_418' title='bbox 358 3750 438 3810; x_wconf 88' lang='grc' dir='ltr'>ποιεῖ</span> <span class='ocrx_word' id='word_1_419' title='bbox 457 3769 487 3809; x_wconf 91' lang='grc' dir='ltr'>τε</span> <span class='ocrx_word' id='word_1_420' title='bbox 514 3747 562 3809; x_wconf 81' lang='grc' dir='ltr'>καὶ</span> <span class='ocrx_word' id='word_1_421' title='bbox 584 3746 701 3830; x_wconf 84' lang='grc' dir='ltr'>πάσχει.</span> <span class='ocrx_word' id='word_1_422' title='bbox 747 3746 796 3807; x_wconf 81' lang='grc' dir='ltr'>καὶ</span> <span class='ocrx_word' id='word_1_423' title='bbox 819 3743 946 3809; x_wconf 85' lang='grc' dir='ltr'>καθόλου</span> <span class='ocrx_word' id='word_1_424' title='bbox 974 3745 1056 3808; x_wconf 85' lang='grc' dir='ltr'>οὐδὲν</span> <span class='ocrx_word' id='word_1_425' title='bbox 1083 3752 1141 3809; x_wconf 85' lang='grc' dir='ltr'>τῶν</span> <span class='ocrx_word' id='word_1_426' title='bbox 1169 3747 1224 3811; x_wconf 81' lang='grc' dir='ltr'>ὑπό</span> <span class='ocrx_word' id='word_1_427' title='bbox 1253 3770 1328 3816; x_wconf 89' lang='grc' dir='ltr'>τινος</span> <span class='ocrx_word' id='word_1_428' title='bbox 1355 3747 1505 3833; x_wconf 80' lang='grc' dir='ltr'>ἐχομένων</span> 
     </span>
     <span class='ocr_line' id='line_1_35' title="bbox 254 3845 1505 3934; baseline 0.002 -22"><span class='ocrx_word' id='word_1_429' title='bbox 254 3851 301 3912; x_wconf 87' lang='grc' dir='ltr'>καὶ</span> <span class='ocrx_word' id='word_1_430' title='bbox 324 3848 395 3912; x_wconf 84' lang='grc' dir='ltr'>αδτδ</span> <span class='ocrx_word' id='word_1_431' title='bbox 419 3847 491 3934; x_wconf 86' lang='grc' dir='ltr'>ἔχει.</span> <span class='ocrx_word' id='word_1_432' title='bbox 529 3846 596 3911; x_wconf 78' lang='grc' dir='ltr'>οὔτε</span> <span class='ocrx_word' id='word_1_433' title='bbox 619 3847 671 3931; x_wconf 81' lang='grc' dir='ltr'>γὰρ</span> <span class='ocrx_word' id='word_1_434' title='bbox 689 3847 833 3931; x_wconf 89' lang='grc' dir='ltr'>θερμότης</span> <span class='ocrx_word' id='word_1_435' title='bbox 855 3845 922 3910; x_wconf 83' lang='grc' dir='ltr'>οὔτε</span> <span class='ocrx_word' id='word_1_436' title='bbox 937 3848 1090 3932; x_wconf 84' lang='grc' dir='ltr'>γλυκότης,</span> <span class='ocrx_word' id='word_1_437' title='bbox 1113 3847 1180 3912; x_wconf 80' lang='grc' dir='ltr'>οὕτε</span> <span class='ocrx_word' id='word_1_438' title='bbox 1196 3855 1298 3934; x_wconf 79' lang='grc' dir='ltr'>σχῆμα</span> <span class='ocrx_word' id='word_1_439' title='bbox 1314 3848 1380 3912; x_wconf 73' lang='grc' dir='ltr'>οὔτε</span> <span class='ocrx_word' id='word_1_440' title='bbox 1396 3857 1505 3934; x_wconf 83' lang='grc' dir='ltr'>χρῶμα</span> 
     </span>
     <span class='ocr_line' id='line_1_36' title="bbox 213 3947 1505 4036; baseline 0.005 -26"><span class='ocrx_word' id='word_1_441' title='bbox 213 3951 321 4014; x_wconf 77' lang='grc' dir='ltr'>οσοῦτε</span> <span class='ocrx_word' id='word_1_442' title='bbox 343 3951 434 4033; x_wconf 85' lang='grc' dir='ltr'>ὑγίεια</span> <span class='ocrx_word' id='word_1_443' title='bbox 457 3949 524 4014; x_wconf 83' lang='grc' dir='ltr'>οὔτε</span> <span class='ocrx_word' id='word_1_444' title='bbox 546 3951 677 4034; x_wconf 84' lang='grc' dir='ltr'>ἁρμονία.</span> <span class='ocrx_word' id='word_1_445' title='bbox 723 3947 781 4012; x_wconf 73' lang='grc' dir='ltr'>ἀλλ’</span> <span class='ocrx_word' id='word_1_446' title='bbox 810 3950 878 4012; x_wconf 84' lang='grc' dir='ltr'>οὐδὲ</span> <span class='ocrx_word' id='word_1_447' title='bbox 900 3950 988 4033; x_wconf 81' lang='grc' dir='ltr'>ἀρετὴ</span> <span class='ocrx_word' id='word_1_448' title='bbox 1013 3975 1031 4034; x_wconf 90' lang='grc' dir='ltr'>η</span> <span class='ocrx_word' id='word_1_449' title='bbox 1055 3951 1212 4036; x_wconf 81' lang='grc' dir='ltr'>ἐπιστήμη.</span> <span class='ocrx_word' id='word_1_450' title='bbox 1252 3956 1380 4016; x_wconf 79' lang='grc' dir='ltr'>τοιοῦτον</span> <span class='ocrx_word' id='word_1_451' title='bbox 1403 3953 1505 4016; x_wconf 82' lang='grc' dir='ltr'>δὲκαὶ</span> 
     </span>
     <span class='ocr_line' id='line_1_37' title="bbox 256 4051 1506 4141; baseline 0.002 -25"><span class='ocrx_word' id='word_1_452' title='bbox 256 4057 275 4135; x_wconf 77' lang='grc' dir='ltr'>ί,</span> <span class='ocrx_word' id='word_1_453' title='bbox 298 4056 391 4138; x_wconf 74' lang='grc' dir='ltr'>ψυχή.</span> <span class='ocrx_word' id='word_1_454' title='bbox 435 4051 478 4116; x_wconf 88' lang='grc' dir='ltr'>ἔτι</span> <span class='ocrx_word' id='word_1_455' title='bbox 500 4053 526 4116; x_wconf 78' lang='grc' dir='ltr'>εἰ</span> <span class='ocrx_word' id='word_1_456' title='bbox 548 4054 567 4136; x_wconf 81' lang='grc' dir='ltr'>ἡ</span> <span class='ocrx_word' id='word_1_457' title='bbox 591 4054 670 4136; x_wconf 79' lang='grc' dir='ltr'>ψυχὴ</span> <span class='ocrx_word' id='word_1_458' title='bbox 694 4051 870 4136; x_wconf 81' lang='grc' dir='ltr'>λεπτομερές</span> <span class='ocrx_word' id='word_1_459' title='bbox 894 4075 920 4114; x_wconf 91' lang='grc' dir='ltr'>τι</span> <span class='ocrx_word' id='word_1_460' title='bbox 943 4058 1030 4136; x_wconf 86' lang='grc' dir='ltr'>σῶμα</span> <span class='ocrx_word' id='word_1_461' title='bbox 1052 4051 1125 4117; x_wconf 84' lang='grc' dir='ltr'>οδσα</span> <span class='ocrx_word' id='word_1_462' title='bbox 1148 4055 1263 4140; x_wconf 87' lang='grc' dir='ltr'>συνέχει</span> <span class='ocrx_word' id='word_1_463' title='bbox 1291 4056 1342 4138; x_wconf 80' lang='grc' dir='ltr'>μὲν</span> <span class='ocrx_word' id='word_1_464' title='bbox 1364 4055 1506 4141; x_wconf 41' lang='grc' dir='ltr'>τδχσῶμα</span> 
     </span>
     <span class='ocr_line' id='line_1_38' title="bbox 253 4153 1548 4242; baseline -0.001 -24"><span class='ocrx_word' id='word_1_465' title='bbox 253 4156 346 4239; x_wconf 82' lang='grc' dir='ltr'>αὐτή,</span> <span class='ocrx_word' id='word_1_466' title='bbox 368 4159 451 4219; x_wconf 88' lang='grc' dir='ltr'>πάλιν</span> <span class='ocrx_word' id='word_1_467' title='bbox 474 4157 506 4219; x_wconf 81' lang='grc' dir='ltr'>δὲ</span> <span class='ocrx_word' id='word_1_468' title='bbox 528 4155 680 4239; x_wconf 90' lang='grc' dir='ltr'>συνέχεται</span> <span class='ocrx_word' id='word_1_469' title='bbox 702 4153 750 4217; x_wconf 86' lang='grc' dir='ltr'>ὑπ’</span> <span class='ocrx_word' id='word_1_470' title='bbox 777 4154 882 4229; x_wconf 79' lang='grc' dir='ltr'>αὐτοῦ,</span> <span class='ocrx_word' id='word_1_471' title='bbox 911 4153 992 4218; x_wconf 85' lang='grc' dir='ltr'>ἔσται</span> <span class='ocrx_word' id='word_1_472' title='bbox 1015 4156 1169 4218; x_wconf 77' lang='grc' dir='ltr'>καὶτοῦτο</span> <span class='ocrx_word' id='word_1_473' title='bbox 1192 4158 1224 4219; x_wconf 79' lang='grc' dir='ltr'>τό</span> <span class='ocrx_word' id='word_1_474' title='bbox 1248 4156 1506 4242; x_wconf 88' lang='grc' dir='ltr'>παχυμερέστατον</span> <span class='ocrx_word' id='word_1_475' title='bbox 1533 4176 1548 4217; x_wconf 82' lang='grc' dir='ltr'>ο</span> 
     </span>
     <span class='ocr_line' id='line_1_39' title="bbox 254 4255 1506 4347; baseline 0.002 -26"><span class='ocrx_word' id='word_1_476' title='bbox 254 4263 341 4342; x_wconf 84' lang='grc' dir='ltr'>σῶμα</span> <span class='ocrx_word' id='word_1_477' title='bbox 368 4260 467 4342; x_wconf 79' lang='grc' dir='ltr'>ψυχή,</span> <span class='ocrx_word' id='word_1_478' title='bbox 497 4256 528 4320; x_wconf 85' lang='grc' dir='ltr'>εί</span> <span class='ocrx_word' id='word_1_479' title='bbox 549 4280 582 4339; x_wconf 92' lang='grc' dir='ltr'>γε</span> <span class='ocrx_word' id='word_1_480' title='bbox 611 4258 643 4320; x_wconf 78' lang='grc' dir='ltr'>τό</span> <span class='ocrx_word' id='word_1_481' title='bbox 671 4256 793 4342; x_wconf 84' lang='grc' dir='ltr'>συνέχον</span> <span class='ocrx_word' id='word_1_482' title='bbox 821 4259 913 4342; x_wconf 73' lang='grc' dir='ltr'>ψυχή.</span> <span class='ocrx_word' id='word_1_483' title='bbox 950 4259 1035 4347; x_wconf 12' lang='grc' dir='ltr'>(ὥστε</span> <span class='ocrx_word' id='word_1_484' title='bbox 1062 4255 1141 4319; x_wconf 86' lang='grc' dir='ltr'>ἔσται</span> <span class='ocrx_word' id='word_1_485' title='bbox 1167 4259 1199 4320; x_wconf 78' lang='grc' dir='ltr'>τὸ</span> <span class='ocrx_word' id='word_1_486' title='bbox 1228 4266 1314 4342; x_wconf 83' lang='grc' dir='ltr'>σῶμα</span> <span class='ocrx_word' id='word_1_487' title='bbox 1342 4261 1422 4344; x_wconf 77' lang='grc' dir='ltr'>ψυχὴ</span> <span class='ocrx_word' id='word_1_488' title='bbox 1453 4267 1506 4345; x_wconf 82' lang='grc' dir='ltr'>τῆς</span> 
     </span>
     <span class='ocr_line' id='line_1_40' title="bbox 253 4358 1504 4446; baseline 0.001 -22"><span class='ocrx_word' id='word_1_489' title='bbox 253 4366 361 4446; x_wconf 73' lang='grc' dir='ltr'>ψυχῆς,</span> <span class='ocrx_word' id='word_1_490' title='bbox 385 4360 509 4445; x_wconf 88' lang='grc' dir='ltr'>συνέχον</span> <span class='ocrx_word' id='word_1_491' title='bbox 531 4383 564 4443; x_wconf 89' lang='grc' dir='ltr'>γε</span> <span class='ocrx_word' id='word_1_492' title='bbox 579 4359 679 4443; x_wconf 77' lang='grc' dir='ltr'>αὐτήν.</span> <span class='ocrx_word' id='word_1_493' title='bbox 718 4358 761 4422; x_wconf 82' lang='grc' dir='ltr'>ότι</span> <span class='ocrx_word' id='word_1_494' title='bbox 783 4361 836 4442; x_wconf 78' lang='grc' dir='ltr'>γὰρ</span> <span class='ocrx_word' id='word_1_495' title='bbox 859 4360 941 4423; x_wconf 81' lang='grc' dir='ltr'>οὐδὲν</span> <span class='ocrx_word' id='word_1_496' title='bbox 958 4360 1028 4422; x_wconf 80' lang='grc' dir='ltr'>αότδ</span> <span class='ocrx_word' id='word_1_497' title='bbox 1047 4360 1171 4444; x_wconf 81' lang='grc' dir='ltr'>συνέχει,</span> <span class='ocrx_word' id='word_1_498' title='bbox 1196 4362 1283 4444; x_wconf 75' lang='grc' dir='ltr'>δῆλον</span> <span class='ocrx_word' id='word_1_499' title='bbox 1307 4362 1339 4423; x_wconf 81' lang='grc' dir='ltr'>ἐκ</span> <span class='ocrx_word' id='word_1_500' title='bbox 1355 4366 1405 4424; x_wconf 83' lang='grc' dir='ltr'>τοῦ</span> <span class='ocrx_word' id='word_1_501' title='bbox 1429 4363 1504 4446; x_wconf 86' lang='grc' dir='ltr'>μηδὲ</span> 
     </span>
     <span class='ocr_line' id='line_1_41' title="bbox 200 4546 1559 4621; baseline 0.003 -19"><span class='ocrx_word' id='word_1_502' title='bbox 200 4549 313 4621; x_wconf 74' lang='grc' dir='ltr'>θειότης</span> <span class='ocrx_word' id='word_1_503' title='bbox 331 4552 371 4602; x_wconf 82' lang='lat' dir='ltr'>Ka</span> <span class='ocrx_word' id='word_1_504' title='bbox 446 4549 497 4621; x_wconf 73' lang='grc'>41,</span> <span class='ocrx_word' id='word_1_505' title='bbox 518 4552 577 4602; x_wconf 81' lang='lat' dir='ltr'>VK:</span> <span class='ocrx_word' id='word_1_506' title='bbox 598 4550 649 4620; x_wconf 73' lang='grc' dir='ltr'>ἡκ</span> <span class='ocrx_word' id='word_1_507' title='bbox 723 4548 854 4601; x_wconf 73' lang='grc' dir='ltr'>ὅὲκιίνου</span> <span class='ocrx_word' id='word_1_508' title='bbox 873 4550 978 4617; x_wconf 74' lang='lat' dir='ltr'>scripsi:</span> <span class='ocrx_word' id='word_1_509' title='bbox 998 4549 1086 4602; x_wconf 82' lang='grc' dir='ltr'>ἐκείνει</span> <span class='ocrx_word' id='word_1_510' title='bbox 1106 4549 1138 4600; x_wconf 88' lang='lat' dir='ltr'>V:</span> <span class='ocrx_word' id='word_1_511' title='bbox 1158 4546 1241 4619; x_wconf 79' lang='grc' dir='ltr'>ἐκείνη</span> <span class='ocrx_word' id='word_1_512' title='bbox 1260 4549 1301 4600; x_wconf 85' lang='lat' dir='ltr'>Ka</span> <span class='ocrx_word' id='word_1_513' title='bbox 1374 4550 1499 4620; x_wconf 76' lang='grc' dir='ltr'>8ὺγειῶς</span> <span class='ocrx_word' id='word_1_514' title='bbox 1517 4553 1559 4606; x_wconf 73' lang='lat' dir='ltr'>Ka</span> 
     </span>
     <span class='ocr_line' id='line_1_42' title="bbox 202 4635 1616 4708; baseline 0.001 -18"><span class='ocrx_word' id='word_1_515' title='bbox 202 4639 231 4690; x_wconf 94' lang='grc'>11</span> <span class='ocrx_word' id='word_1_516' title='bbox 252 4637 313 4691; x_wconf 85' lang='grc' dir='ltr'>ιῖναι</span> <span class='ocrx_word' id='word_1_517' title='bbox 330 4636 443 4708; x_wconf 77' lang='grc' dir='ltr'>λέγοιμεν</span> <span class='ocrx_word' id='word_1_518' title='bbox 462 4639 503 4690; x_wconf 83' lang='grc' dir='ltr'>Κιι</span> <span class='ocrx_word' id='word_1_519' title='bbox 612 4637 643 4689; x_wconf 93' lang='grc'>13</span> <span class='ocrx_word' id='word_1_520' title='bbox 662 4636 759 4706; x_wconf 87' lang='grc' dir='ltr'>μέντοι]</span> <span class='ocrx_word' id='word_1_521' title='bbox 779 4637 811 4690; x_wconf 78' lang='grc' dir='ltr'>τί.</span> <span class='ocrx_word' id='word_1_522' title='bbox 829 4637 974 4704; x_wconf 61' lang='lat' dir='ltr'>p.1.⁷›8230</span> <span class='ocrx_word' id='word_1_523' title='bbox 1011 4637 1032 4689; x_wconf 81' lang='grc' dir='ltr'>εί</span> <span class='ocrx_word' id='word_1_524' title='bbox 1046 4637 1186 4704; x_wconf 73' lang='grc' dir='ltr'>..λέγοιτο</span> <span class='ocrx_word' id='word_1_525' title='bbox 1206 4635 1383 4707; x_wconf 69' lang='grc' dir='ltr'>προσδεήσεται</span> <span class='ocrx_word' id='word_1_526' title='bbox 1403 4641 1488 4707; x_wconf 82' lang='grc' dir='ltr'>μέντοι</span> <span class='ocrx_word' id='word_1_527' title='bbox 1613 4652 1616 4657; x_wconf 87' lang='grc'><em>·</em></span> 
     </span>
     <span class='ocr_line' id='line_1_43' title="bbox 203 4724 1558 4797; baseline 0.002 -19"><span class='ocrx_word' id='word_1_528' title='bbox 203 4725 233 4778; x_wconf 88' lang='grc'>16</span> <span class='ocrx_word' id='word_1_529' title='bbox 257 4725 360 4797; x_wconf 71' lang='grc' dir='ltr'>λέγομεν</span> <span class='ocrx_word' id='word_1_530' title='bbox 379 4726 516 4780; x_wconf 78' lang='lat' dir='ltr'>delendum</span> <span class='ocrx_word' id='word_1_531' title='bbox 537 4726 639 4779; x_wconf 82' lang='lat' dir='ltr'>videtur</span> <span class='ocrx_word' id='word_1_532' title='bbox 747 4725 777 4776; x_wconf 80' lang='lat'>17</span> <span class='ocrx_word' id='word_1_533' title='bbox 800 4724 817 4796; x_wconf 75' lang='grc' dir='ltr'><strong>ἡ</strong></span> <span class='ocrx_word' id='word_1_534' title='bbox 838 4724 896 4777; x_wconf 82' lang='lat' dir='ltr'>VK:</span> <span class='ocrx_word' id='word_1_535' title='bbox 914 4724 965 4795; x_wconf 74' lang='grc' dir='ltr'>ἡκ</span> <span class='ocrx_word' id='word_1_536' title='bbox 1070 4730 1121 4776; x_wconf 84' lang='grc' dir='ltr'>τῶν</span> <span class='ocrx_word' id='word_1_537' title='bbox 1141 4725 1267 4790; x_wconf 80' lang='grc' dir='ltr'>σωμάτων</span> <span class='ocrx_word' id='word_1_538' title='bbox 1286 4725 1369 4778; x_wconf 83' lang='lat' dir='ltr'>delevi</span> <span class='ocrx_word' id='word_1_539' title='bbox 1480 4730 1510 4780; x_wconf 75' lang='lat'>19</span> <span class='ocrx_word' id='word_1_540' title='bbox 1530 4745 1558 4781; x_wconf 88' lang='grc' dir='ltr'>τι</span> 
     </span>
     <span class='ocr_line' id='line_1_44' title="bbox 200 4811 1464 4884; baseline 0.001 -17"><span class='ocrx_word' id='word_1_541' title='bbox 200 4829 250 4867; x_wconf 83' lang='lat' dir='ltr'>om.</span> <span class='ocrx_word' id='word_1_542' title='bbox 270 4815 309 4867; x_wconf 79' lang='lat' dir='ltr'>Ka</span> <span class='ocrx_word' id='word_1_543' title='bbox 415 4813 445 4866; x_wconf 76' lang='lat'>21</span> <span class='ocrx_word' id='word_1_544' title='bbox 467 4811 496 4867; x_wconf 83' lang='grc' dir='ltr'>οδ</span> <span class='ocrx_word' id='word_1_545' title='bbox 515 4820 574 4884; x_wconf 78' lang='lat' dir='ltr'><strong>post</strong></span> <span class='ocrx_word' id='word_1_546' title='bbox 592 4813 624 4867; x_wconf 74' lang='grc' dir='ltr'>τὰ</span> <span class='ocrx_word' id='word_1_547' title='bbox 641 4811 761 4881; x_wconf 80' lang='grc' dir='ltr'>δ’]υἰυ</span> <span class='ocrx_word' id='word_1_548' title='bbox 780 4813 852 4866; x_wconf 62' lang='lat' dir='ltr'>lim</span> <span class='ocrx_word' id='word_1_549' title='bbox 960 4813 992 4865; x_wconf 69' lang='lat'>22</span> <span class='ocrx_word' id='word_1_550' title='bbox 1012 4811 1124 4865; x_wconf 73' lang='grc' dir='ltr'>οὗνυω.</span> <span class='ocrx_word' id='word_1_551' title='bbox 1144 4813 1183 4864; x_wconf 80' lang='lat' dir='ltr'>Ka</span> <span class='ocrx_word' id='word_1_552' title='bbox 1290 4813 1323 4866; x_wconf 80' lang='lat'>39</span> <span class='ocrx_word' id='word_1_553' title='bbox 1343 4811 1464 4868; x_wconf 74' lang='grc' dir='ltr'>αότὸΚα</span> 
     </span>
     <span class='ocr_line' id='line_1_45' title="bbox 200 4902 360 4957; baseline 0.006 -1"><span class='ocrx_word' id='word_1_554' title='bbox 200 4902 230 4956; x_wconf 78' lang='grc' dir='ltr'>ίκ</span> <span class='ocrx_word' id='word_1_555' title='bbox 248 4907 301 4956; x_wconf 85' lang='grc' dir='ltr'>τῶν</span> <span class='ocrx_word' id='word_1_556' title='bbox 319 4902 360 4957; x_wconf 74' lang='lat' dir='ltr'>Ka</span> 
     </span>
    </p>
   </div>
   <div class='ocr_carea' id='block_1_3' title="bbox 0 0 1774 5610">
    <p class='ocr_par' dir='ltr' id='par_1_3' title="bbox 0 0 1774 5610">
     <span class='ocr_line' id='line_1_46' title="bbox 0 0 1774 5610; baseline 0 0"><span class='ocrx_word' id='word_1_557' title='bbox 0 0 1774 5610; x_wconf 95' lang='lat' dir='ltr'> </span> 
     </span>
    </p>
   </div>
  </div>
 </body>
</html>
