3540 5610
675 304 879 360 ALEXANDRI
903 304 947 357 DE
970 303 1081 357 huleri

253 482 347 566 χοὶριν,
371 483 412 545 ὧν
434 483 526 569 χωρὶς
547 480 607 544 οὐδ’
637 479 670 543 ἄν
693 481 726 543 τὸ
752 479 922 562 αἰσθητικὸν
944 478 990 563 ἦν.
1035 477 1068 540 τδ
1092 477 1124 540 δὲ
1146 477 1315 562 αἰσθητικὸν
1338 473 1387 537 καὶ
1409 475 1501 545 οῦτονς

254 587 378 668 κριτικδν
400 589 451 648 τοῦ
474 588 632 668 πρακτικοῦ
654 606 686 645 τε
708 583 757 647 καλ
778 583 936 665 ὁρμητικοῦ
959 582 1055 666 χάριν,
1078 583 1120 649 ὡς
1141 583 1316 668 προείρηται.
1355 575 1431 655 ἀλλὰ
1453 581 1501 643 καὶ

253 687 286 749 τὸ
313 686 469 772 πρακτικόν
494 710 526 751 τε
553 688 601 750 καὶ
629 685 786 770 ὁρμητικὸν
817 685 901 747 πάλιν
928 689 978 748 τοῦ
1005 687 1132 768 κριτικοῦ
1159 687 1253 771 χάριν.
1303 691 1337 755 οὐ
1367 694 1423 781 μὴν
1450 685 1501 745 τοῦ

255 789 427 876 αἰσθητικοῦ
451 794 591 875 κριτικοῦ,
619 788 694 852 ἀλλὰ
716 793 767 852 τοῦ
790 793 840 853 νοῦ
865 788 968 851 τεκαὶ
995 791 1046 871 τῆς
1067 787 1142 851 κατὰ
1163 793 1264 855 τοῦτον
1286 793 1443 879 ἐνεργείας,
1471 792 1501 855 ἐν
1516 806 1543 849 ιο

227 893 296 962 σοῖς
318 899 377 956 τῶν
393 890 479 978 ζῴων
501 893 549 956 καὶ
572 893 625 976 ἥδε
647 890 801 975 ἦδῦναμίς
823 891 910 968 ἐστιν,
933 895 974 960 ὡς
995 891 1025 953 ἐν
1042 894 1101 959 τοῖς
1115 893 1181 975 περὶ
1204 894 1314 959 τοῦτον
1336 896 1502 981 λεγομένοις

172 1052 176 1059 .
255 984 406 1061 δείκνυται.
450 997 499 1060 καὶ
521 996 551 1059 αἱ
578 1000 630 1058 τοῦ
652 996 810 1079 ὁρμητικοῦ
837 994 870 1058 δὲ
897 994 945 1058 καὶ
967 993 1116 1077 δρεκτικοῦ
1144 995 1291 1079 δυνάμεις,
1320 997 1365 1062 ὅτι
1386 998 1502 1067 πλείους

255 1098 287 1162 τέ
302 1100 374 1162 εἰσιν
397 1099 445 1162 καὶ
465 1097 646 1181 διαφέρουσιν
670 1097 805 1181 ἀλλήλοιν
828 1098 876 1161 καὶ
898 1101 940 1180 τῷ
963 1094 1061 1181 χρόνῳ
1085 1097 1133 1158 καὶ
1154 1100 1199 1182 rei
1221 1101 1287 1184 περὶ
1302 1100 1369 1164 ἅτε
1390 1103 1439 1165 καὶ
1460 1103 1503 1164 ὧν

255 1201 342 1277 ἐστιν,
364 1199 486 1285 εἴρηται.
519 1200 687 1284 προείρηται
709 1198 751 1275 δέ,
775 1197 818 1261 ὅτι
840 1199 887 1261 καὶ
910 1202 968 1261 τῦιν
990 1203 1155 1280 γνωστικῦιν
1176 1222 1208 1262 τε
1230 1203 1279 1264 καὶ
1300 1210 1434 1287 κριτικῶν
1456 1205 1502 1266 δυ-

254 1304 371 1387 νυίμεών
393 1303 455 1367 ἐστι
477 1305 609 1388 διαφορά.
643 1303 662 1385 ἡ
687 1302 739 1385 μὲν
761 1301 875 1384 γάρτίς
897 1301 958 1365 ἐστι
981 1301 1098 1384 δύναμις
1119 1301 1277 1386 ὑπηρετικὴ
1300 1307 1410 1390 κριτικὴ
1432 1307 1502 1389 (τοι-

215 1423 241 1466 10
254 1406 328 1489 αῦτη
350 1406 405 1490 γὰρ
427 1406 447 1489 ἥ
473 1429 506 1468 τε
532 1404 669 1489 αἴσθησις
691 1405 739 1468 καὶ
761 1403 931 1488 φαντασία),
958 1402 990 1466 τδ
1013 1403 1045 1467 δέ
1072 1427 1098 1465 τι
1125 1409 1178 1488 τῆς
1205 1410 1304 1490 ψυχῆς
1331 1408 1502 1492 ἡγεμονικόν

254 1510 316 1573 ἐστι
338 1507 461 1592 κριτικόν
483 1509 627 1591 (τοιοῦτον
648 1508 703 1591 γὰρ
725 1509 757 1570 τδ
781 1505 969 1589 λογιστικόν),
992 1505 1007 1568 ὃ
1030 1506 1208 1593 διανοητικόν
1230 1507 1262 1570 τέ
1285 1509 1346 1573 ἐστι
1368 1512 1416 1574 καὶ
1438 1534 1502 1596 νοη·
1515 1528 1545 1570 ευ

254 1610 342 1677 τικῦν.
386 1612 419 1674 τδ
441 1611 495 1696 γὰρ
518 1611 686 1694 αἰσθητικὸν
714 1610 761 1673 ἐπὶ
787 1611 820 1672 τδ
847 1609 1026 1693 διανοητικδν
1052 1607 1116 1694 ἔχει
1143 1611 1194 1692 τὴν
1217 1611 1379 1696 ἀναφοράν,
1407 1613 1437 1676 ἐν
1459 1615 1503 1685 οἷς

254 1716 330 1780 ἐστιν
345 1714 447 1799 ἅμφιο,
470 1713 550 1783 ὅπως
571 1714 626 1797 γὰρ
639 1712 810 1795 εἰσαγγέλλη
833 1712 881 1776 καλ
902 1711 998 1795 μηνῦη
1022 1711 1072 1780 τὰς
1093 1717 1152 1775 τῶν
1167 1712 1317 1797 αἰσθητῶν
1339 1715 1420 1800 αὐτῷ
1443 1719 1502 1781 δια·

254 1820 354 1904 φοράς.
398 1820 439 1887 ὡς
461 1817 493 1879 δὲ
514 1816 544 1879 ἐν
566 1821 608 1900 τῷ
635 1820 753 1900 κριτικῷ
776 1815 809 1878 τδ
832 1814 884 1898 μέν
906 1815 982 1878 ἐστιν
1004 1813 1185 1897 ἡγεμονικόν,
1207 1817 1240 1879 τδ
1263 1817 1295 1879 δὲ
1317 1818 1501 1903 ὑπηρετικόν,

214 1923 344 1990 ιοοῦτοις
367 1920 428 1983 ἐστὶ
455 1920 502 1984 καὶ
529 1919 558 1982 ἐν
581 1922 624 2003 τῷ
646 1922 795 2001 πρακτικῷ
824 1919 857 1980 τὸ
884 1918 935 2000 μὲν
958 1915 1144 2000 ἡγεμονικόν,
1173 1917 1189 1981 δ
1217 1918 1372 2003 ὁρμητικὸν
1399 1945 1431 1985 τε
1453 1923 1501 1986 καὶ

255 2023 401 2108 ὀρεκτικὸν
424 2024 578 2104 καλοῦμεν,
601 2022 633 2084 τδ
656 2020 689 2083 δέ
710 2020 739 2082 τί
758 2019 834 2083 ἐστιν
857 2019 970 2088 ἐντοῖς
992 2020 1110 2104 νεύροις.
1152 2021 1270 2105 δύναμις
1292 2025 1346 2107 γάρ
1368 2023 1430 2088 ἐστι
1452 2025 1503 2088 καὶ

254 2128 285 2191 ἐν
313 2126 438 2199 τούτοις,
471 2121 539 2187 καθ’
567 2125 603 2208 ἣν
632 2125 815 2207 ῦπηρετεῖται
848 2123 880 2185 τδ
907 2128 994 2203 σῶμα
1026 2128 1088 2192 ταῖς
1119 2122 1187 2187 καθ’
1219 2125 1312 2208 ὁρμὴν
1339 2127 1501 2210 ἐνεργείαις.
1533 2190 1538 2199 ,

254 2230 319 2294 ἐπεὶ
345 2227 399 2312 γδρ
425 2226 461 2290 τὰ
482 2223 545 2290 κατ’
574 2224 664 2310 ὄρεξιν
687 2223 868 2310 πραττόμενα
894 2225 1007 2295 πάθους
1029 2225 1103 2295 τινὸς
1129 2225 1319 2312 ἐγγενομένου
1341 2229 1503 2312 πράττεται,
1517 2246 1545 2288 νε

200 2369 517 2381 --—-—--————-—
551 2369 600 2375 ..--

203 2438 213 2488 1
240 2437 283 2488 καὶ
301 2450 350 2487 οιο.
457 2433 472 2486 2
495 2438 540 2486 τοῦ
558 2431 828 2506 πρακτικοῦ-χάριν]
848 2433 883 2486 ist
901 2448 990 2501 regen
1009 2432 1053 2485 der
1072 2432 1203 2503 Wirhung
1222 2435 1268 2487 der
1286 2435 1451 2505 auregenden
1469 2433 1558 2503 [Kruii

199 2502 361 2590 rerhande'n]
468 2519 828 2592 3τρακτικ6ν-δρμητικδν]
848 2520 889 2572 die
907 2521 1037 2590 Wirlrung
1055 2520 1100 2573 der
1119 2522 1284 2590 auregeuden
1391 2520 1464 2574 πάλιν
1482 2538 1533 2576 em.
1626 2509 1629 2513 ¹

201 2610 270 2664 5-6
289 2609 325 2668 ὡς
343 2607 480 2677 δείκνυται]
499 2609 547 2660 wie
566 2608 612 2659 wir
630 2609 759 2661 erir'ruiern
778 2609 888 2672 werden,
905 2623 980 2661 wenn
1000 2608 1047 2660 wir
1065 2625 1110 2661 zur
1129 2609 1200 2661 Rede
1218 2608 1329 2662 darriber
1346 2609 1466 2662 hominen

201 2700 217 2751 6
236 2698 280 2750 καὶ
289 2735 310 2749 ..
322 2697 365 2750 καλ
378 2711 428 2748 em.
499 2695 568 2747 7-8
586 2694 753 2765 περὶ-ἐστιν]
773 2712 816 2747 um
829 2694 1006 2748 dereniwiilen
1019 2695 1073 2747 und
1085 2696 1113 2748 in
1127 2697 1239 2749 welchen
1252 2697 1289 2749 sie
1303 2696 1362 2749 sind
1385 2676 1392 2689 ¹
1433 2696 1449 2749 8
1467 2698 1494 2750 δὲ
1507 2714 1557 2752 ern.

200 2762 334 2859 κριῖικῶν]
354 2785 519 2837 theoretisch·
636 2783 668 2835 10
695 2786 741 2852 τῆς
759 2781 843 2853 ψυχῆς
861 2797 911 2834 om.
1036 2783 1064 2834 ll
1093 2782 1123 2835 τὸ
1141 2782 1291 2852 λογιστικόν]
1311 2784 1358 2837 das
1377 2784 1485 2838 Denken
1504 2786 1557 2852 (die

200 2874 283 2940 Rode)
351 2856 356 2867 ⁵
411 2871 442 2924 13
470 2868 714 2943 ὅπως-διαφοράς]
738 2887 765 2923 er
783 2872 818 2923 ist
837 2870 950 2923 nimlieh
969 2867 1059 2937 [dazu]
1079 2870 1125 2934 de,
1147 2872 1207 2924 dass
1227 2888 1258 2923 zu
1277 2872 1330 2923 ihm
1352 2872 1394 2924 die
1413 2874 1494 2926 Arterr
1513 2874 1558 2927 der

200 2961 399 3029 Sinuesehjekte
417 2959 536 3011 hommen
555 2959 610 3011 und
628 2948 715 3012 er'ihn
733 2956 789 3028 [σεδ
808 2958 854 3010 das
868 2956 1004 3026 Denkeni]
1024 2957 1082 3024 (auf
1098 2960 1136 3012 sie
1149 2956 1302 3029 hinueisei)
1322 2960 1385 3011 riher
1403 2961 1441 3013 eie
1454 2962 1557 3014 beiehre

204 3051 235 3102 14
253 3048 291 3118 δὲ]
310 3049 364 3100 und
441 3046 542 3098 16-17
560 3045 590 3099 τὸ
609 3045 635 3098 δέ
653 3043 820 3113 τί-τοῦτοις]
840 3045 892 3097 und
912 3045 1010 3110 Etrus,
1025 3061 1076 3097 was
1095 3046 1150 3098 sich
1169 3047 1198 3099 in
1216 3047 1273 3099 dem
1293 3047 1360 3099 δεον
1378 3048 1468 3114 findet,
1487 3049 1558 3102 deun

200 3137 266 3190 auch
285 3137 320 3188 im
339 3135 406 3188 Nerv
425 3133 462 3187 isi
478 3135 536 3186 eine
555 3133 630 3186 Kraft
737 3134 767 3186 17
791 3130 853 3185 καθ’
873 3131 1082 3204 ἣν-δνιργείαις]
1101 3132 1182 3187 durch
1201 3134 1295 3187 welche
1313 3135 1358 3186 der
1376 3134 1439 3189 Leib
1459 3137 1487 3188 in
1506 3136 1558 3189 den

200 3223 364 3291 Wirlrungeu
381 3221 468 3286 dient,
488 3221 582 3274 welche
601 3220 681 3273 durch
699 3221 741 3274 die
758 3222 903 3289 Auregung
921 3219 1075 3273 stutifinden
1184 3220 1311 3286 1847,st
1330 3221 1383 3274 ἐπεὶ
1401 3223 1558 3293 γὰρ-αἰτία

200 3309 319 3381 γίγνεται]
339 3310 381 3362 die
399 3309 565 3378 Wirkrrngen
582 3306 704 3373 nimlieh
726 3309 821 3362 welche
839 3310 885 3360 wir
903 3306 982 3360 durch
1003 3308 1044 3361 die
1062 3308 1188 3377 Begierde
1206 3309 1333 3374 uusfiben,
1351 3311 1420 3363 uben
1438 3311 1484 3362 uir
1502 3327 1558 3377 eus,

201 3415 276 3452 wenn
294 3399 323 3451 in
340 3413 391 3450 uns
411 3384 532 3450 eineder
553 3396 654 3464 Spuren
673 3384 796 3460 entsteht‚
814 3410 906 3448 weron
924 3395 1036 3447 nhmlieh
1056 3394 1198 3465 [manche]‚
1216 3398 1258 3450 die
1277 3397 1326 3450 den
1345 3397 1409 3451 Leib
1428 3398 1559 3450 sehwr'reht

202 3484 240 3556 [p.
258 3483 404 3552 vermehrt]'
420 3484 473 3537 und
496 3484 538 3536 die
562 3485 763 3552 Ausehweliung
785 3484 840 3536 und
863 3483 996 3535 Zunahme
1018 3484 1153 3536 entsteheu
1176 3483 1253 3547 lissi,
1276 3485 1355 3536 durch
1378 3487 1436 3538 eine
1460 3485 1558 3553 gleich-

98 3634 103 3644 ,
201 3574 313 3641 missige
327 3572 439 3636 Wirrne,
457 3571 500 3624 die
519 3570 631 3624 dudureh
646 3573 769 3637 enisteht,
787 3572 895 3624 menube
914 3572 959 3622 ihrr
979 3570 1088 3636 erhiltet
1105 3570 1159 3623 und
1178 3573 1398 3625 zusammenziehr
1416 3572 1496 3638 (deun
1515 3572 1558 3625 die

201 3659 283 3713 drten
296 3661 341 3713 der
352 3659 502 3723 Phantasie,
521 3658 646 3711 nachdem
660 3674 711 3710 uus
724 3659 904 3726 phantastisch
916 3658 1066 3726 vergestelit
1084 3658 1230 3727 (gegluubt)
1249 3659 1312 3711 wird
1325 3674 1376 3711 ren
1391 3659 1438 3711 den
1454 3658 1558 3728 (ἱερευ-

201 3749 312 3802 οιῑνοιλειι
331 3747 383 3799 und
404 3747 472 3800 ihrer
488 3746 703 3814 Wahrnehmung
723 3745 778 3797 und
798 3747 866 3799 ihrer
884 3745 1051 3814 Verstellung
1068 3746 1104 3797 im
1124 3746 1243 3798 Intelleirt
1262 3776 1294 3783 -
1314 3745 1438 3798 naehdem
1457 3746 1496 3798 sie
1515 3746 1563 3813 [re-¹

150 3872 155 3883 .
202 3852 286 3889 wesen
298 3834 368 3899 siud,
386 3833 419 3886 da
437 3834 476 3887 eie
493 3834 528 3885 im
542 3832 785 3901 Zusammenhange
804 3834 851 3885 mit
866 3833 947 3901 jenen
960 3832 1162 3900 Gegenstinden
1181 3834 1271 3886 steherr
1291 3833 1373 3899 (sind)
1392 3833 1446 3885 und
1466 3834 1494 3885 iu
1514 3834 1559 3886 der
1612 3854 1619 3867 ·

201 3921 386 3977 Aehnliehlreit
403 3921 452 3973 mit
464 3921 556 3973 ihnen:
576 3921 713 3973 entsiehen
731 3922 765 3973 im
779 3919 867 3985 Leibe,
886 3919 924 3972 uls
942 3920 975 3971 eb
993 3920 1031 3970 sie
1051 3919 1201 3972 verbanden
1219 3924 1312 3986 wirren,
1331 3922 1368 3972 sei
1386 3936 1414 3973 es
1433 3919 1525 3988 [durch
1532 3918 1556 3988 i]

201 4012 388 4077 Zerstreuung,
406 4008 444 4060 sei
462 4008 697 4076 ‹rs-husbreitung,
716 4008 751 4060 sei
772 4023 799 4060 es
818 4006 1107 4074 Zusammenziehung)‚
1126 4006 1196 4059 dieue
1216 4008 1486 4076 Zusammenziehuug
1503 4009 1558 4060 und

201 4097 392 4164 Ausbreitung,
411 4110 485 4147 wenn
504 4094 542 4147 sie
561 4094 640 4146 durch
654 4094 735 4146 Wind
754 4095 877 4159 enisteht,
896 4094 940 4147 der
959 4094 1014 4146 dem
1034 4094 1101 4146 Nerr
1121 4093 1175 4146 sich
1194 4095 1294 4159 niheri,
1314 4111 1342 4147 so
1362 4095 1424 4148 wird
1443 4096 1557 4148 dudureh

200 4186 364 4248 uerbereiiet,
383 4183 443 4235 dese
462 4198 489 4234 er
507 4181 561 4233 sich
581 4183 683 4250 hewege
701 4182 730 4233 in
748 4182 799 4234 den
817 4182 993 4250 Wirkungerr‚
1012 4181 1107 4233 welche
1125 4181 1204 4232 durch
1225 4182 1266 4234 die
1285 4184 1429 4253 Auregung
1448 4182 1558 4236 werden.

200 4273 250 4326 Die
267 4271 415 4326 Auinuhme
438 4270 483 4322 des
506 4269 626 4337 Aniengs
649 4269 693 4321 der
715 4270 864 4337 Bewegung
886 4271 947 4322 aber
970 4266 1127 4336 [geschiehi]
1150 4284 1238 4336 regen
1261 4270 1306 4323 der
1327 4269 1466 4339 Begierde,
1488 4269 1559 4322 denn

201 4359 260 4412 eine
277 4358 363 4411 kleine
382 4357 582 4426 Verinderung‚
606 4356 648 4409 die
666 4372 707 4409 ern
727 4355 849 4425 Anfange
873 4356 1001 4421 entsieht,
1024 4355 1087 4408 wird
1106 4355 1221 4410 Ursuche
1242 4355 1284 4407 irir
1306 4357 1364 4409 eine
1386 4371 1476 4425 grosse
1495 4358 1558 4409 Ver·

201 4446 380 4500 echiedenheit

204 4620 214 4671 1
237 4618 280 4670 καὶ
298 4615 379 4677 υῦτιυς
398 4615 522 4689 κριτικὸν]
542 4617 575 4670 cf.
592 4620 637 4670 τοῦ
656 4613 738 4675 οὕτως
757 4620 869 4688 κριτικοῦ
888 4615 987 4687 ’1333
1065 4615 1081 4667 9
1101 4634 1138 4673 τις
1156 4631 1240 4668 ουκα
1343 4615 1374 4667 12
1393 4616 1419 4668 ἐν
1438 4616 1473 4676 οἷς
1494 4617 1559 4670 ἐστιν

201 4704 293 4775 ἄμφω]
316 4704 348 4757 ci.
368 4705 394 4757 ἐν
412 4703 448 4761 οἷς
465 4704 510 4756 εἰσι
528 4709 603 4758 πᾶσαι
625 4703 703 4770 7535
740 4703 766 4755 ἐν
785 4703 821 4760 οἷς
838 4703 897 4754 εἰσιν
916 4703 941 4754 αἱ
958 4701 1073 4768 δυνάμεις
1091 4703 1229 4772 ἀμφότεραι
1251 4701 1356 4755 140139
1375 4706 1401 4755 et
1420 4704 1475 4770 931
1498 4703 1558 4769 30,3

201 4791 276 4857 3631
297 4790 357 4856 455.)
376 4790 436 4857 76,4
458 4792 564 4845 140v4r
651 4789 682 4842 16
701 4789 876 4874 διαριανητικόν
894 4790 934 4842 vel
952 4787 1103 4862 ὐπηρετικόν
1121 4791 1249 4843 excidisse
1268 4789 1370 4842 videtur
1388 4796 1448 4858 post
1465 4789 1559 4862 νεῦροις

202 4879 236 4932 18
253 4879 411 4949 ἐγγινομένου
429 4894 445 4932 ιι
