3540 5610
218 325 281 388 110
700 318 851 378 ΑΠΟΡΙΩΝ
871 318 930 376 ΚΑΙ
951 317 1083 376 ΛΥΣΕΩΝ

270 495 386 577 γίνεται,
409 498 441 561 τό
464 497 572 580 θερμόν
595 521 626 561 τε
647 498 695 560 καί
717 497 842 581 ψυχρόν·
864 497 969 579 γίνεται
991 495 1044 579 γὰρ
1067 496 1123 558 ὑπδ
1146 495 1278 578 πλήθους
1300 494 1441 578 ἑκατέρου
1464 498 1517 558 τοῦ
1531 511 1559 553 ιυ

272 621 303 660 τε
318 605 431 684 ψυχροῦ
455 602 501 663 καὶ
521 605 571 663 τοῦ
587 597 709 684 θερμοῦ,
732 599 806 662 ἀλλὰ
826 603 940 683 ψυχροῦ
964 599 1014 680 μὲν
1032 597 1149 679 οἰκείου,
1172 598 1283 683 θερμοῦ
1305 599 1338 662 δὲ
1353 598 1516 681 ἀλλοτρίου.

271 701 319 763 διὰ
341 704 396 786 γὰρ
411 704 462 786 τὴν
479 703 611 787 τοιαύτην
635 704 682 765 καί
698 707 796 765 τοῦτον
820 702 868 764 τδν
884 700 988 786 τρόπον
997 701 1153 783 Ιγινομένην
1169 702 1331 786 μεταβολὴν
1354 701 1394 764 τό
1409 701 1520 784 σηπό·

272 826 356 884 μενα
372 805 539 890 ξηρότερα
553 807 684 887 γίνεται
705 806 761 867 καί
776 804 875 873 τέλος
889 809 930 887 γῆ
946 805 1002 867 καί
1019 802 1155 889 κόπρος.
1183 805 1288 888 γίνεται
1301 804 1356 889 γὰρ
1372 809 1457 868 τοῦτο
1473 803 1518 867 ότι
1531 819 1558 861 ιε

234 926 248 974 5
268 906 421 977 ἐξιόντος
444 909 474 977 ἐξ
497 910 621 972 ἑκάστου
638 912 695 971 τῶν
712 907 885 992 σηπομένων
900 911 951 969 τοῦ
973 907 1104 970 οἰκείου
1126 908 1260 990 θερμοῦ
1283 907 1517 991 συνεξατμίίεται

270 1011 317 1072 καί
333 1012 365 1073 τδ
382 1012 487 1074 οἰκεῖον
503 1011 533 1074 ἐν
549 1011 645 1081 αότυῖς
665 1010 787 1095 ὑγρόν,
810 1009 853 1095 (θ)
867 1010 956 1074 αἴτιον
972 1012 1076 1091 γίνεται
1092 1016 1144 1094 τῆς
1167 1009 1330 1096 ξηρότητος,
1353 1015 1397 1096 τῳ
1415 1010 1519 1095 μηκέτι

270 1113 300 1175 ἐν
322 1113 420 1183 αὐτοῖς
445 1114 517 1178 εἰναι
545 1115 577 1178 τδ
600 1114 776 1197 ἐπαγόμενον
804 1116 851 1176 καὶ
875 1114 1076 1196 ἐπισπώμενον
1103 1114 1135 1176 τδ
1159 1113 1257 1198 ύγρόν,
1285 1113 1301 1176 θ
1327 1111 1364 1197 ἦν
1386 1112 1558 1197 ἔμφυτοςω

248 1215 298 1277 ’ἐν
321 1217 436 1301 ἑκάστῳ
460 1218 614 1303 θερμότης.
659 1217 840 1301 προσέθηκεν
863 1218 896 1280 δὲ
917 1217 1080 1280 ἀκόλουθον
1103 1214 1190 1280 ούσαν
1213 1222 1273 1285 τοῖς
1293 1216 1515 1301 προειρημένοις

270 1320 316 1382 καί
339 1322 391 1404 τὴν
415 1322 504 1384 αἰτίαν
528 1325 578 1384 τοῦ
601 1322 641 1404 μή
666 1321 773 1403 ὁμοίως
802 1321 931 1389 ἐντοῖς
958 1321 1085 1405 ψύχεσι
1108 1319 1257 1403 σήπεσθαί
1275 1343 1347 1383 τινα.
1391 1323 1434 1404 τῷ
1459 1319 1514 1402 γὰρ

218 1441 249 1487 10
267 1419 384 1486 ἔλαττον
400 1428 450 1486 τού
466 1430 611 1509 χειμῶνος
627 1424 698 1487 εἰναι
712 1426 750 1487 τδ
773 1424 904 1508 θερμδν
927 1423 961 1486 ἐν
984 1428 1031 1508 τῷ
1050 1424 1253 1509 περιέχοντι
1275 1423 1332 1510 ούχ
1351 1425 1444 1490 οὕτως
1465 1437 1559 1504 rra-²⁸
1598 1412 1605 1425 ⁸

268 1525 393 1607 ραίνεταί
413 1549 443 1589 τε
466 1527 512 1589 καί
536 1527 719 1612 κατισχύεται
741 1527 773 1590 τό
797 1527 826 1589 ἐν
843 1528 957 1611 ἑκάστῳ
981 1527 1088 1610 θερμδν
1111 1526 1227 1601 οἰκεῖον,
1249 1525 1309 1589 ἀλλ’
1337 1526 1405 1590 υύδὲ
1429 1523 1433 1610 l
1457 1524 1494 1587 τὰ
1516 1530 1565 1588 213

266 1628 415 1712 πεπηγότα
443 1629 489 1692 διὰ
516 1631 687 1714 ψυχρότητα
714 1631 822 1712 ὁμοίως
849 1632 970 1714 σήπεται
997 1634 1039 1715 τῷ
1062 1629 1109 1692 διὰ
1131 1627 1302 1714 ψυχρότητα
1323 1631 1441 1692 πλείονα
1468 1629 1510 1711 μὴ

266 1732 434 1813 κρατεῖσθαι
456 1733 512 1795 ύπὸ
534 1738 588 1817 τῆς
608 1734 638 1796 ἐν
661 1738 703 1818 τῳ
724 1733 886 1817 περιέχοντι
908 1733 971 1817 άέρι
992 1732 1180 1816 θερμότητος,
1203 1732 1266 1795 ἐπεὶ
1288 1733 1320 1794 δὲ
1342 1733 1368 1795 εἰ
1390 1729 1510 1815 ἔμελλεν

267 1832 336 1896 αύτδ
360 1840 446 1898 κινεῖν
468 1859 500 1898 τε
527 1838 574 1899 καί
598 1838 801 1921 μεταβάλλειν,
830 1839 873 1921 τῷ
896 1839 1010 1917 κρατεῖν
1033 1840 1128 1898 κινεῖν.
1174 1834 1234 1898 ἀλλ’
1262 1833 1329 1900 οὐδὲ
1352 1835 1388 1899 τὰ
1411 1834 1512 1907 ζέοντα
1540 1851 1555 1891 ⁶

217 1954 246 2004 15
266 1938 399 2024 σήπεται,
422 1938 494 2002 διότι
516 1940 564 2002 καὶ
587 1945 638 2023 τῆς
660 1939 690 2001 ἐν
711 1939 820 2008 τούτοις
843 1937 1022 2022 θερμότητος
1043 1938 1170 2002 ἐλάττων
1192 1940 1212 2022 b
1236 1938 1324 2022 ἐντῷ
1348 1938 1513 2022 περιέχοντι

265 2040 338 2102 αὐτὰ
362 2040 425 2123 ἀέρι
448 2041 601 2126 θερμότης.
646 2039 704 2104 ἀλλ’
732 2042 800 2105 οὐδὲ
822 2042 858 2104 τὰ
880 2042 1033 2125 κινούμενα
1054 2043 1103 2105 καί
1125 2042 1227 2127 ῥέοντα
1249 2042 1356 2124 ὁμοίως
1378 2042 1434 2104 ύπδ
1459 2045 1510 2104 τοῦ

266 2142 295 2205 ἐν
318 2149 360 2228 τῷ
377 2145 540 2231 περιέχοντι
563 2146 672 2229 θερμοῦ
695 2150 840 2229 κρατεῖται
862 2150 922 2214 τοῖς
937 2145 1131 2231 ἀκινητίζουσί
1150 2167 1181 2208 τε
1203 2145 1251 2208 καὶ
1273 2145 1425 2228 ήμεμοῦσι.
1463 2145 1512 2206 καί
1527 2160 1556 2202 ιυ

264 2245 317 2330 γὰρ
333 2248 424 2317 ούτως
440 2248 636 2333 ἀσθενεστέρα
649 2250 754 2331 γίνεται
770 2251 788 2332 ἡ
805 2249 835 2311 ἐν
851 2254 894 2334 τῷ
911 2249 973 2331 άέρι
989 2247 1133 2332 θερμότης
1145 2246 1222 2332 (τῆς)
1236 2248 1267 2311 ἐν
1282 2253 1324 2333 τῷ
1340 2247 1511 2332 κινουμένῳ.

266 2350 285 2431 ή
308 2350 362 2434 γὰρ
377 2352 486 2436 κίνησις
509 2353 638 2422 συναύξει
661 2354 693 2415 rb
716 2353 746 2415 ἐν
766 2354 882 2436 ἑκάστῳ
905 2352 1013 2436 θερμὸν
1037 2352 1191 2436 ριπίζουσά
1212 2375 1244 2415 τε
1265 2352 1312 2415 καί
1335 2351 1510 2421 ἐξάπτουσα.

211 2472 244 2519 20
262 2455 314 2536 τήν
336 2453 362 2517 δ)
383 2456 473 2539 αὐτὴν
495 2457 586 2519 αἰτίαν
603 2455 680 2519 εἰπεν
697 2456 768 2519 εἶναι
788 2458 910 2519 καὶτοῦ
932 2458 969 2518 τδ
989 2455 1075 2518 πολὺ
1092 2456 1194 2539 ἧττον
1215 2459 1273 2518 τοῦ
1290 2455 1409 2538 ὀλίγου
1425 2477 1510 2538 μετα-

262 2557 376 2640 βάλλειν
400 2581 430 2621 τε
453 2560 499 2620 καὶ
524 2559 717 2642 σήπεσθαι.
762 2563 859 2622 πλεῖον
881 2558 935 2642 γὰρ
959 2560 1007 2621 καί
1028 2560 1061 2621 τδ
1084 2559 1193 2641 θερμδν
1217 2559 1318 2621 καὶτὸ
1342 2557 1456 2643 ψυχρόν
1479 2556 1553 2619 ἐντι

262 2664 305 2743 τῷ
329 2661 446 2737 πλείονι,
470 2662 514 2724 διὸ
537 2667 637 2745 κρατεῖ
657 2666 747 2725 ταῦτα
769 2667 826 2725 τιῖνν
849 2661 879 2734 ἐν
902 2667 945 2745 τῳ
970 2662 1132 2746 περιέχοντι
1154 2663 1316 2744 δυνάμεων.
1357 2661 1430 2744 αύτη
1454 2660 1509 2744 γὰρ

264 2762 351 2835 αἰτία,
374 2758 394 2847 ή
417 2766 465 2827 καί
486 2766 505 2847 ή
529 2765 684 2828 θάλαττα
707 2767 754 2828 καὶ
776 2766 809 2827 τὸ
825 2764 896 2827 ἄλλο
920 2765 996 2848 ύδιυρ
1013 2765 1212 2849 διαιρούμενον
1235 2765 1393 2845 σήπεται.
1432 2762 1512 2826 εἰπεν

263 2866 310 2927 καὶ
333 2867 384 2949 τήν
400 2869 491 2930 αἰτίαν
514 2873 564 2931 τοῦ
588 2869 693 2931 ἐκτῶν
716 2868 888 2950 σηπομένων
911 2867 1069 2950 γεννᾶσθαί
1088 2891 1150 2930 τινα
1166 2872 1238 2939 ζῶα.
1276 2869 1295 2950 ή
1318 2866 1372 2951 γὰρ
1394 2867 1429 2929 ἐκ
1451 2873 1510 2930 τῶν
1524 2883 1554 2925 ευ

211 2987 243 3035 ‘25
262 2970 435 3052 σηπομένων
458 2971 646 3056 ἐκκρινομένη
674 2972 820 3055 θερμότης
849 2969 922 3035 ούσοι
951 2972 1057 3055 φυσικὴ
1083 2976 1167 3056 γεννᾷ
1194 2993 1256 3033 τινα
1283 2971 1331 3033 καλ
1358 2969 1510 3054 συνίστησι

262 3071 302 3133 τὰ
325 3071 549 3156 ἐκκριθέντα,
572 3074 601 3136 ἐν
624 3073 667 3142 οἷς
690 3072 724 3136 ἂν
746 3071 869 3157 εύκρατα
892 3074 968 3158 τύχη
991 3072 1139 3156 γενόμενα.

347 3173 447 3238 Εἰπὼν
470 3177 502 3239 δὲ
523 3175 651 3239 καθόλου
674 3178 737 3260 περὶ
761 3183 813 3261 τῆς
834 3182 931 3261 κοινῆς
957 3178 1095 3258 γενέσεως
1123 3179 1170 3240 καί
1192 3177 1306 3262 φθορᾶς
1328 3177 1437 3258 ὁμοίως
1460 3177 1511 3263 ήλ-
1525 3193 1553 3235 κε

264 3276 313 3340 θεν
337 3277 383 3339 ἐπὶ
407 3280 455 3341 τόν
479 3281 542 3363 περὶ
565 3280 605 3342 ὧν
631 3278 634 3363 l
658 3278 801 3363 προέθετο
823 3277 919 3361 λόγον,
942 3284 1031 3343 ταῦτα
1054 3278 1080 3343 δ’
1101 3279 1136 3364 ἦν
1160 3281 1192 3342 τὸ
1215 3281 1315 3354 εἰπεῖν,
1337 3279 1385 3343 διὰ
1407 3280 1491 3342 τίνων
1514 3288 1564 3345 214

261 3382 290 3443 αἰ
308 3382 512 3466 προειρημέναι
534 3384 716 3464 δυνάμεις,
739 3383 758 3466 ἧ
782 3405 813 3444 τε
837 3382 980 3467 θερμότης
1002 3384 1049 3445 καί
1071 3385 1090 3466 ἡ
1114 3380 1271 3467 ψυχρότης,
1298 3383 1510 3466 ἐργάζονται

209 3501 242 3549 30
261 3486 313 3568 τήν
329 3509 360 3548 τε
383 3485 491 3567 γένεσιν
507 3491 565 3548 τῶν
587 3484 743 3568 γινομένων
765 3486 813 3548 καί
829 3487 880 3568 τὴν
903 3485 1016 3570 φθορὰν
1039 3486 1072 3548 ἐκ
1095 3490 1152 3547 τῶν
1176 3484 1372 3568 ὑποκειμένων
1395 3485 1509 3560 αὐταῖς,

260 3592 350 3651 ταῦτα
373 3587 399 3651 δ’
420 3587 456 3671 ήν
479 3590 509 3651 ἐν
531 3594 590 3657 τοῖς
606 3594 739 3671 φυσικοῖς
763 3592 877 3671 σώμασι
899 3589 935 3651 τὰ
957 3588 1030 3672 ξηρά
1052 3611 1083 3650 τε
1106 3588 1153 3650 καί
1175 3588 1210 3650 τὰ
1231 3588 1315 3671 ύγρά·
1340 3592 1431 3652 ταῦτα
1452 3590 1509 3675 γὰρ
1538 3607 1553 3648 ο

260 3690 378 3759 ἑκείνυις
405 3691 468 3772 ύλη.
514 3692 577 3754 ἐπεὶ
599 3693 654 3775 γὰρ
682 3696 761 3754 παῖσα
789 3691 899 3773 γένεσις
925 3691 974 3754 καὶ
1002 3690 1149 3774 μεταβολὴ
1180 3690 1236 3752 ύπδ
1262 3696 1320 3752 τῶν
1348 3698 1509 3775 ποιητικῶν

261 3795 422 3875 δυνάμεων,
446 3793 487 3855 ὧν
502 3795 535 3855 τδ
551 3796 602 3874 μὲν
625 3793 780 3877 θερμότης,
803 3815 823 3854 ιι
845 3815 865 3853 κ
888 3814 908 3853 κ
930 3793 1036 3877 κυρίως
1051 3793 1190 3875 γενέσεως
1213 3791 1312 3872 αἴτιον,
1336 3800 1510 3877 κρατοῦντος

258 3897 313 3980 γὰρ
336 3901 386 3959 τοῦ
410 3896 519 3980 θερμοῦ
542 3898 589 3958 καὶ
610 3898 806 3980 συγκρίνοντος
828 3897 860 3958 τὸ
884 3895 969 3980 ξηρόν
992 3897 1091 3959 τεκαὶ
1114 3896 1147 3957 τδ
1170 3896 1254 3980 ύγρδν
1278 3896 1435 3967 πέσσοντυς
1458 3902 1508 3964 καί
1523 3916 1551 3958 ιο

208 4018 239 4065 35
260 4000 403 4082 ὁρίζοντος
426 4001 443 4081 ή
467 4000 583 4080 γένεσις.
628 4001 653 4061 εἰ
676 4000 707 4061 δὲ
731 3999 772 4082 μὴ
788 3999 906 4083 κρατοίη
922 4003 1006 4060 τοῦτο
1021 4003 1062 4082 τῷ
1080 4000 1191 4083 ψυχρδν
1208 4002 1306 4062 πλεῖον
1321 3999 1404 4075 εἰναι,
1432 4024 1510 4064 κατι·

260 4106 350 4185 σχῦυν
376 4103 408 4164 τδ
436 4103 548 4186 ψυχρόν
575 4107 632 4164 τιῖιν
663 4102 796 4165 ἐναντίων
824 4101 913 4164 αἴτιον
942 4102 1054 4185 φθορᾶς
1080 4123 1112 4164 τε
1138 4103 1186 4164 καὶ
1215 4103 1348 4186 σήψεως..
1387 4102 1452 4167 ἐπεὶ
1475 4106 1509 4168 δὲ

207 4239 458 4250 ..--.--.

205 4328 222 4378 4
241 4324 278 4379 ότι
296 4329 353 4394 Sp.:
371 4331 416 4379 τοῦ
436 4328 495 4379 libri
608 4329 622 4380 θ
641 4327 677 4391 (δ)
696 4326 773 4380 αἰτιυν
792 4329 860 4379 vict.
879 4330 922 4394 Sp.
1040 4329 1079 4380 13.
1103 4330 1133 4380 14
1152 4329 1329 4398 intellegerem
1347 4345 1371 4380 v.
1387 4328 1419 4380 13
1438 4330 1564 4385 κινεῖσθαι

205 4413 252 4466 ὑπὸ
272 4422 296 4467 et
315 4414 399 4484 ἐπειδὴ
419 4415 483 4481 (ἐπεί
500 4432 527 4484 γε
545 4416 600 4481 Sp.)
620 4415 636 4465 ll
655 4415 675 4466 ἔ.
695 4422 720 4467 et
740 4433 762 4466 v.
779 4417 809 4466 11
830 4415 906 4466 αύτού
925 4422 1024 4484 κρατεῖν
1044 4422 1069 4468 et
1087 4425 1166 4469 κινεῖν
1186 4425 1273 4487 κρατεῖ
1291 4418 1342 4488 (κρ.
1363 4426 1428 4471 κινεῖ
1446 4419 1505 4486 Sp.)

1264 4505 1294 4556 ll
1313 4503 1408 4574 θερμοῦ
1426 4506 1459 4558 S²
1479 4507 1561 4560 Victa

204 4587 292 4659 θερμῷ
311 4589 369 4641 libri
456 4590 486 4641 18
505 4588 667 4659 ἀσθενεστέρα
686 4591 791 4657 scripsi:
812 4589 985 4660 εύσθενεστέρο
1004 4591 1077 4642 libri:
1096 4589 1270 4662 εύσθενέστιρα
1288 4594 1333 4659 Sp.
1423 4591 1439 4662 ἡ
1459 4593 1561 4663 iiviri»

204 4680 248 4743 Sp.
355 4680 400 4746 τῆς
417 4677 505 4728 addidi
613 4676 731 4727 ‘illelmi
751 4691 800 4728 0111.
820 4695 834 4727 ιι
853 4682 896 4742 Sp.
1000 4683 1044 4730 τοῦ
1064 4678 1093 4730 τό
1112 4681 1168 4745 Sp.:
1188 4683 1263 4731 τούτο
1282 4679 1341 4732 libri
1442 4681 1477 4732 22
1496 4680 1560 4753 αύτη

201 4763 527 4835 Ιίιιθρ.ιαυτηθιαύτ1γ
549 4761 696 4832 Βιαύτλγὸ
779 4762 1003 4833 θθή11ι1.8ρ.ι
1032 4766 1098 4835 ήλίι
1127 4770 1253 4819 om.I⁴'Sa
1335 4766 1484 4835 ήθάλαττα
1503 4773 1559 4837 Sp.:

202 4852 248 4923 τὴν
267 4851 393 4904 θάλατταν
411 4852 470 4905 libri
553 4852 586 4902 27
605 4855 681 4919 κενης
693 4855 716 4901 V
801 4850 834 4902 33
853 4851 960 4905 sortasse
980 4855 1112 4924 θερμότης,
1131 4853 1171 4918 <τδ
1184 4853 1210 4906 δὲ
1230 4854 1365 4927 ψυχρότης,
1385 4854 1525 4928 θερμότης)

203 4939 236 4992 35
255 4939 304 5009 τῷ]
322 4939 361 5010 τῷ
378 4939 407 4991 τὸ
426 4941 494 4994 coni.
513 4943 557 5007 Sp.
