3540 5610
574 318 655 379 ΠΕΡΙ
674 318 832 377 ΚΡΑΣΕΩΣ
850 318 910 378 ΚΑΙ
930 320 1106 381 ΑΥΞΗΣΕΩΣ
1126 324 1195 377 4-6
1498 322 1561 387 219

256 515 302 556 ναι
324 493 427 577 λέγειν.
472 494 604 580 δέχοιντο
625 496 679 579 γὰρ
702 494 737 559 ἂν
759 495 835 560 ἄλλα
856 499 982 580 σώματα
1003 497 1051 560 καῖ
1073 497 1164 580 χωρὶς
1187 501 1244 560 τῶν
1268 494 1376 579 πόρων.
1422 491 1508 557 καθό-

256 600 308 660 λου
330 597 385 682 γὰρ
408 599 428 682 ἡ
451 598 499 661 διὰ
521 602 579 661 τῶν
602 598 699 682 πόρων
722 599 850 681 πάροδος
884 598 917 662 σύ
941 599 1042 683 κρᾶσίς
1064 599 1150 673 ἐστιν,
1173 599 1236 662 οίαν
1260 598 1396 670 ἀξιοῦσιν,
1431 595 1506 658 ἀλλὰ

256 700 427 783 παράθεσις,
450 704 491 770 ύις
513 699 595 764 αὐτοὶ
616 700 732 783 λέγουσι
754 700 829 765 κατὰ
850 702 957 786 άρμην,
980 701 1006 764 εί
1030 703 1070 785 μή
1094 725 1135 770 τις
1157 705 1213 763 πάν
1236 702 1269 764 τδ
1292 706 1380 781 σῶμα
1401 697 1508 781 πόρους
1534 714 1548 756 ε

259 802 368 886 ποιοίη.
413 802 505 872 ούτως
526 803 581 887 γόιρ
604 802 700 886 μόνως
714 800 797 867 ἔσται
818 806 850 866 τό
867 804 913 867 διὰ
935 808 993 866 τῶν
1009 804 1108 887 πόρων
1130 802 1317 888 διερχόμενον
1340 802 1387 865 διὰ
1402 799 1508 866 παντὸς

221 922 237 971 5
256 903 418 990 ἐρχόμενον
432 909 484 968 τού
500 908 647 986 σώματος,
669 905 696 968 εί
718 909 775 968 πᾶν
798 905 844 990 εἴη
868 904 969 989 πόρος·
986 905 1069 981 ,ἀλλὰ
1092 907 1149 988 μὴν
1165 905 1272 969 άτοπον
1294 909 1388 968 τοῦτο.
1432 901 1506 968 τινός

255 1005 310 1090 γὰρ
333 1007 349 1070 ό
373 1005 461 1091 πόρος
475 1007 538 1090 (καὶ
554 1006 627 1071 ἄλλο
652 1008 684 1070 τδ
707 1005 777 1091 ἔχον
800 1009 849 1072 καί
871 1009 904 1071 τδ
927 1006 1094 1093 ἐχόμενον),
1117 1006 1191 1089 εἴγε
1213 1009 1228 1070 ό
1249 1005 1339 1090 πόρος
1359 1003 1506 1087 διάστημά

258 1107 287 1170 τί
306 1107 367 1174 έστι
390 1110 473 1172 κενδν
495 1114 546 1172 τοῦ
570 1107 687 1194 ἔχοντος
709 1109 776 1178 τοὺς
798 1108 905 1193 πόρους
924 1113 1068 1191 σώματος.
1106 1107 1175 1172 ὥστ’
1196 1109 1222 1172 εἰ
1245 1113 1300 1171 πᾶν
1324 1108 1369 1190 εἴη
1392 1129 1411 1166 ιι
1434 1126 1454 1165 ν
1476 1127 1507 1179 κ,
1522 1119 1549 1161 ιυ

254 1209 347 1280 ούτως
369 1209 395 1274 δ’
417 1210 452 1275 ἂν
474 1210 527 1275 οὐκ
548 1210 583 1275 ἂν
606 1209 653 1295 εἴη
676 1234 715 1273 τι·
744 1211 784 1294 μὴ
808 1211 839 1274 δν
863 1208 888 1275 δ’
909 1209 969 1275 οὔτ’
991 1210 1025 1273 ἂν
1048 1216 1171 1296 κιρνιγῖτυ
1195 1208 1236 1273 ἔτι
1258 1208 1317 1273 οὔτ’
1339 1209 1373 1272 ἂν
1397 1208 1506 1291 πόρους

201 1319 237 1373 vl
256 1309 358 1396 (ἔχοι).
403 1311 439 1378 Εἰ
461 1312 485 1377 δ’
513 1314 591 1378 ούτω
615 1314 668 1396 μὲν
691 1311 727 1376 ού
748 1334 819 1398 φασι
845 1313 1028 1396 τὰσώματα
1054 1312 1169 1396 ἄλληλα
1190 1313 1341 1398 δέχεσθαι,
1376 1311 1451 1375 καθδ
1474 1310 1507 1371 δὲ

207 1435 238 1481 ιο
257 1417 349 1496 μεστοί
371 1415 432 1480 ἐστι
453 1411 538 1492 αύτά,
561 1421 671 1500 χωρεῖν
694 1413 732 1478 δι’
761 1415 896 1498 ἀλλήλων
919 1415 993 1478 αύτά
1023 1436 1119 1498 φασιν,
1154 1420 1268 1498 πρῶτον
1297 1416 1349 1497 μὲν
1372 1410 1507 1497 ἐπιζητή-

258 1538 306 1581 σαι
331 1540 384 1592 τις,
417 1520 445 1581 τί
465 1519 576 1601 δήποτε
597 1517 632 1581 οὐ
655 1519 687 1581 τδ
710 1519 799 1602 τυχόν
823 1521 910 1600 σῶμα
938 1518 971 1580 τδ
993 1518 1084 1602 τυχὸν
1113 1520 1207 1601 πάντη
1231 1516 1433 1599 συναυξητικδν
1456 1518 1507 1576 τού
1523 1529 1548 1570 1⁵

260 1620 373 1703 όμοίοο.
415 1620 452 1682 τὰ
474 1619 528 1703 γὰρ
550 1620 628 1683 ποσὰ
651 1621 714 1703 [τό]
738 1620 812 1684 κατὰ
834 1620 886 1703 τὴν
908 1620 980 1702 πρὸς
1006 1618 1120 1702 ἄλληλα
1143 1621 1275 1683 σύνθεσιν
1298 1620 1350 1701 τὴν
1374 1617 1507 1701 τοιαύτην

258 1723 292 1784 τό
315 1722 346 1792 ἐξ
367 1721 465 1786 αὐτῶν
498 1725 598 1804 μεῖζον
621 1722 761 1806 ἑκατέρου
794 1725 874 1785 ποιεῖ
897 1725 956 1783 τῶν
991 1722 1196 1805 συγκειμένων.
1248 1721 1379 1805 γραμμαί
1399 1742 1437 1808 τε
1454 1720 1506 1802 γὰρ

261 1823 334 1887 κατὰ
356 1829 477 1908 σημεῖον
499 1825 640 1908 ἀλλήλαις
662 1826 845 1888 συντεθεῖσαι
873 1825 906 1886 τὸ
930 1828 1023 1906 μῆκος
1044 1822 1176 1892 αὔξουσιν
1209 1824 1317 1906 (ούτως
1338 1823 1393 1906 γὰρ
1410 1843 1506 1885 συντι·

205 1945 235 1993 ισ
256 1925 375 2009 θέμεναι
398 1926 428 1995 ἐξ
450 1927 577 2011 άνάγκης
599 1926 696 1996 έξουσί
715 1950 743 1990 τι
768 1927 846 2011 παρὰ
868 1927 920 2009 τὴν
943 1926 1048 2009 ἁφήν),
1074 1926 1196 1989 ἐπίπεδά
1218 1950 1250 1988 τε
1272 1927 1304 1988 τό
1327 1924 1398 1988 αὐτὸ
1421 1928 1506 1997 ποιεῖ,

258 2027 291 2092 ἂν
315 2029 389 2092 κατὰ
410 2030 463 2112 τὴν
484 2030 621 2112 γραμμὴν
643 2031 781 2114 συντεθῇ,
805 2030 837 2092 τδ
860 2032 958 2110 σῶμα,
980 2029 1013 2091 τδ
1037 2033 1124 2113 τριχῇ
1151 2029 1253 2092 τεκαὶ
1276 2031 1371 2111 πάντη
1395 2027 1505 2090 διεστά-
1519 2041 1547 2082 ²⁰

258 2154 314 2206 ναι,
336 2128 405 2194 καθ’
426 2131 507 2195 δέὰν
523 2130 606 2216 ἄλλῳ
629 2133 739 2215 όμοίως
761 2131 842 2215 αὐτῷ
866 2132 998 2194 διεσιῶτι
1020 2133 1160 2215 συντεθῇ,
1183 2132 1213 2202 ἐξ
1236 2132 1363 2214 άνάγκης
1379 2128 1508 2197 συναύξει

257 2238 351 2296 τούτο.
396 2234 422 2296 εἰ
444 2235 481 2318 δὴ
503 2237 588 2298 τοῦτο
612 2234 664 2316 μὲν
688 2234 794 2298 οἰκεῖον
816 2238 876 2302 τοῖς
898 2236 1030 2316 σώμασιν
1053 2235 1102 2296 καὶ
1125 2233 1196 2297 ίδιυν
1219 2233 1325 2309 αὐτῶν,
1360 2235 1387 2296 οἱ
1410 2232 1442 2294 δὲ
1464 2229 1508 2292 λέ-

257 2357 354 2418 γοντες
378 2337 465 2419 σῶμά
486 2359 513 2399 τι
535 2335 583 2399 διὰ
605 2339 741 2420 σώματος
763 2341 871 2422 χωρεῖν
894 2337 941 2399 καῖ
964 2333 1082 2399 ἔλαττόν
1105 2359 1176 2399 ποτε
1198 2337 1246 2400 καὶ
1269 2335 1330 2398 ἴσον
1352 2335 1385 2397 τδ
1408 2334 1437 2403 ἐξ
1453 2334 1508 2415 σῖμ-

201 2458 236 2505 20
255 2443 321 2522 φοῐν
354 2443 445 2502 ποιεῖν
479 2437 631 2522 ἀναιροῦσι
663 2442 758 2514 τούτο,
791 2438 935 2522 άναιροῖεν
960 2436 964 2521 l
989 2437 1023 2500 ἄν
1058 2439 1109 2522 τὴν
1144 2443 1193 2501 τοῦ
1228 2442 1363 2521 σώματος
1390 2437 1484 2521 ρύσιν.
1508 2441 1561 2497 δθθ

261 2545 469 2626 συναναιρεῖται
491 2541 546 2624 γάρ
569 2540 768 2624 ἀναιρουμένῳ
791 2544 833 2624 τῷ
859 2541 921 2625 ίδίιρ
944 2542 1019 2608 τινδς
1041 2542 1073 2604 τδ
1096 2545 1227 2625 πρᾶγμα,
1261 2540 1295 2603 ού
1322 2539 1357 2624 ἦν
1381 2539 1452 2602 ίδιον
1475 2539 1508 2600 τδ

260 2643 475 2727 ἀναιρούμενον.
520 2643 701 2728 συμβήσεται
734 2643 766 2706 δὲ
788 2641 852 2706 κατ’
880 2643 985 2712 αὐτοὺς
1017 2644 1065 2705 καῖ
1088 2644 1170 2705 κενδν
1203 2645 1332 2726 γίνεσθαι
1354 2644 1402 2706 τόν
1425 2663 1508 2705 κατε·

258 2745 384 2830 χύμενον
405 2745 478 2814 τέως
500 2743 589 2809 τόπον
612 2745 668 2808 ύπδ
691 2749 742 2809 τυύ
765 2745 856 2812 ούτως
879 2743 909 2809 ἔν
932 2769 985 2808 τινι
1006 2746 1156 2830 γινομένου
1173 2748 1318 2827 σώματος,
1342 2749 1383 2814 ὡς
1398 2743 1508 2828 μηδένα

257 2849 537 2934 προσεπιλαμβάνειν
559 2846 648 2912 ἄλλον
670 2848 757 2911 τύπον
781 2848 813 2910 τδ
837 2852 934 2931 σῶμα,
969 2848 999 2911 ἐν
1023 2846 1048 2933 ᾧ
1073 2853 1157 2912 τούτο
1180 2849 1295 2930 γίνεται,
1325 2846 1385 2910 ἀλλ’
1415 2848 1508 2930 ἀρκεῖ·
1535 2862 1549 2901 τι

205 2972 239 3020 25
260 2953 329 3016 σθαι
351 2956 394 3036 τῷ
417 2953 465 3015 καί
487 2952 544 3036 πρδ
576 2956 629 3034 τῆς
662 2950 763 3013 τούτου
788 2951 892 3034 μίξεως
924 2951 973 3014 ὑπ’
1001 2952 1111 3015 ἐκείνου
1138 2951 1370 3035 πεπληρωμένῳ.
1416 2948 1508 3032 όγόιρ

256 3052 307 3117 ὑπ’
334 3054 423 3118 αύτοῦ
445 3053 644 3139 κατεχόμενος
666 3052 754 3122 τόπος
776 3051 858 3116 ἔσται
880 3056 962 3122 κενὸς
986 3054 1053 3116 ’τῶν
1081 3054 1132 3118 δύο
1156 3056 1302 3137 σωμάτων
1323 3055 1365 3122 εἰς
1387 3053 1435 3115 τὸν
1459 3053 1509 3114 θα·

261 3156 348 3242 τέρου
371 3159 571 3242 χωρησάντων
593 3154 691 3219 τόπον.
736 3157 764 3218 τί
794 3157 849 3239 γάρ
872 3154 953 3221 ἔσται
974 3157 1008 3219 τδ
1030 3157 1061 3227 ἐξ
1082 3158 1210 3240 ἀνάγκης
1243 3155 1390 3237 γινόμενον
1413 3155 1508 3236 ἐντῷ

255 3263 306 3322 τοῦ
330 3260 372 3328 εἰς
392 3260 425 3322 τδ
448 3264 536 3341 σῶμα
559 3259 752 3342 μεταστάντος
774 3256 871 3342 τόπῳ;
895 3258 951 3322 ὅσα
973 3257 998 3321 δ’
1028 3257 1065 3322 αύ
1087 3261 1172 3322 πάλιν
1196 3258 1226 3321 ἐν
1249 3263 1286 3342 τῇ
1311 3258 1382 3340 πρὸς
1397 3256 1510 3339 ἄλληλα
1524 3272 1551 3313 1⁰

259 3361 333 3445 μίξει
354 3367 412 3425 τῶν
435 3361 588 3445 κιρνᾶσθαι
614 3359 779 3444 λεγομένων
802 3359 927 3438 αύξεται,
960 3360 1085 3425 αύτόθεν
1113 3361 1171 3445 ἤδη
1199 3363 1373 3447 προσπίπτει
1399 3363 1432 3422 τὸ
1467 3360 1507 3443 μὴ

200 3485 235 3534 3ο
253 3467 287 3529 τό
310 3469 398 3547 σῶμα
411 3463 485 3527 εἶναι
500 3467 534 3527 τδ
549 3468 637 3548 σῶμα
659 3463 830 3548 δεδεγμένον
846 3463 876 3526 ἐν
892 3463 985 3549 αὐτῷ,
1011 3463 1042 3527 εί
1059 3488 1092 3547 γε
1108 3464 1199 3548 άλλην
1215 3466 1277 3528 τινὰ
1300 3468 1400 3550 χώραν
1423 3483 1509 3548 προσ·

252 3569 356 3652 είληφε
382 3568 431 3631 καὶ
457 3567 511 3631 ούκ
537 3566 670 3652 ἠρκέσθη
697 3571 735 3650 τῇ
759 3569 846 3653 χώρη
879 3571 920 3650 ιη’
955 3571 1007 3631 τοῦ
1029 3567 1187 3650 λεγομένου
1210 3567 1280 3630 αὐτὸ
1304 3568 1334 3630 ἐν
1356 3568 1438 3651 αὐτῷ
1463 3565 1507 3628 δέ·

257 3672 368 3758 χεσθαι
390 3672 536 3753 σώματος.
582 3670 626 3734 ότι
648 3670 681 3733 δὲ
704 3670 745 3754 μὴ
769 3670 859 3753 σῶμά
880 3669 941 3734 ἐστι
964 3671 997 3734 τδ
1020 3670 1153 3754 δεύτερον
1181 3670 1210 3732 ἐν
1234 3668 1316 3752 αὐτῷ
1339 3669 1371 3731 τό
1394 3675 1508 3753 πρῶτον
1525 3684 1550 3725 ιο

254 3773 414 3859 δεχόμενον
441 3773 474 3836 τὸ
502 3775 600 3855 σῶμα,
634 3773 721 3855 δηλοῖ
744 3772 792 3836 καὶ
826 3773 845 3854 ἡ
874 3771 1015 3855 γενομένη
1049 3772 1186 3856 διαίρεσις
1213 3769 1260 3834 ὑπ’
1289 3771 1425 3854 ἀλλήλων
1451 3776 1509 3834 τῶν

200 3944 217 3998 2
235 3944 291 3997 σίαν
305 3942 377 3996 A'R:
396 3942 449 3995 υίαν
462 3943 512 3996 A¹=
532 3941 656 3996 ochps
739 3941 756 3995 3
775 3941 858 4012 άρμὴν
872 3944 976 3996 ABCS:
996 3942 1078 4012 άρμῖγν
1091 3946 1149 3996 PR:
1169 3942 1249 4015 ἀρχὴν
1263 3961 1289 3994 a:
1309 3943 1390 4014 ὁρμὴν
1404 3944 1485 3996 Ιύυῖει·

199 4031 478 4102 4ποιοίη]ποιήση1ῖε
543 4029 766 4083 ίσταιοω.1ἀε1οτ
832 4030 920 4089 Ίτοῖντ
933 4046 996 4083 corr.
1008 4047 1041 4083 ex
1053 4035 1133 4083 τοῡΑ
1199 4031 1290 4101 πόρους
1303 4036 1348 4084 τοῦ
1361 4031 1527 4099 σώματοςΒε

199 4119 310 4173 fortasse
324 4114 407 4183 ιδςδ,
421 4116 948 4188 είπᾶνζείη(πόρσς,διάστημαπᾶνᾶνείη)
1019 4118 1210 4187 8δν]ίυτιευεε
1224 4118 1256 4170 δν
1323 4119 1370 4188 έτι]
1385 4119 1528 4191 ίχοιΑρεΙῖ

200 4206 246 4260 alt.
259 4201 313 4260 οὒτ’
324 4205 454 4260 Schwartz
469 4206 548 4272 (idem
561 4205 621 4257 adsi
634 4205 714 4278 έχοι)ι
735 4201 760 4257 δ’
771 4201 828 4258 οδδ’
842 4206 902 4258 libri
976 4205 1017 4258 10.
1037 4206 1065 4258 ll
1088 4207 1234 4276 ἐπιζητήσει
1252 4224 1289 4263 τις
1302 4207 1391 4274 Apelt:
1412 4207 1562 4276 ίπιξητησαν

199 4295 274 4348 libri:
293 4293 455 4364 ίπιξητητίον
474 4293 555 4345 ΙόοΙετ
642 4293 670 4343 11
691 4291 727 4360 τί]
746 4292 768 4344 τί
783 4296 822 4345 Ra
904 4292 934 4345 ού
953 4309 985 4346 ex
1003 4309 1068 4345 corr.
1083 4299 1107 4345 Α
1190 4294 1233 4345 alt.
1252 4293 1281 4346 τὸ
1301 4293 1377 4366 τυχόν
1397 4309 1447 4346 om.
1469 4295 1562 4347 {delerz

199 4380 311 4434 ίοηεεεο
328 4384 384 4433 τοῦ
401 4378 552 4451 τυχόντος
643 4377 675 4430 12
693 4380 725 4430 τὰ
746 4379 795 4432 δεῖ.
809 4380 940 4432 Schwartz
1033 4380 1064 4431 14
1083 4380 1195 4450 σημεῖον]
1215 4386 1338 4452 στοιχεῖον
1358 4384 1397 4433 Ra
1479 4397 1563 4434 συντε-

199 4463 293 4525 θείσαις
310 4468 345 4521 Ῑῖι
437 4464 468 4518 15
488 4464 580 4529 Ιξουσί]
604 4462 630 4524 ίξ
652 4466 680 4518 in
701 4465 740 4518 lit.
760 4471 798 4516 A:
821 4466 952 4535 προίξυυσι
971 4467 1042 4519 Diels
1131 4467 1239 4519 sortasse
1261 4484 1285 4518 τι
1302 4466 1398 4530 (πλέον)
1417 4469 1484 4538 παρὰ

202 4556 235 4609 16
252 4554 362 4608 fortune
374 4553 405 4606 τδ
417 4550 466 4616 (δέ)
479 4557 554 4619 σῶμα
566 4552 610 4620 τῷ
694 4551 724 4603 17
739 4548 797 4605 καθ’
812 4552 838 4618 δ]
851 4553 962 4606 fortasse
981 4555 1033 4606 καὶ
1052 4553 1140 4621 αὑτό,
1224 4553 1332 4625 συντεθη·
1346 4558 1420 4618 (corr.
1433 4572 1465 4608 οκ
1479 4572 1562 4608 συντι-

199 4639 251 4705 θεῐ)
269 4643 347 4695 Ano:
366 4638 480 4693 συντεθιῖ
496 4640 585 4692 BCPS
675 4639 709 4692 20
737 4640 864 4709 ἀναιροῦσι
882 4644 930 4692 AB
953 4644 986 4704 (σι
1004 4641 1062 4693 add.
1083 4643 1126 4703 3²)
1144 4644 1221 4696 CPS:
1250 4643 1344 4712 ἀναιρεῖ
1362 4646 1413 4695 Ra:
1442 4643 1562 4712 ἀναιροῖιν

199 4727 280 4798 Apelt
364 4727 396 4779 21
419 4731 480 4780 anie
499 4743 564 4784 τινος
582 4725 695 4779 fenestra
714 4726 830 4780 81itt.R
914 4727 947 4779 ‘22
966 4728 1010 4780 τόν
1029 4744 1093 4781 corr.
1113 4746 1146 4781 ex
1165 4728 1194 4781 τό
1208 4733 1268 4782 AR:
1287 4730 1330 4782 τόν
1343 4748 1371 4781 ει
1390 4729 1420 4781 τό
1437 4732 1527 4782 BCPS

202 4814 239 4868 26
257 4813 330 4873 κενός
349 4814 471 4868 imilla
542 4813 583 4866 29.
603 4812 637 4867 30
656 4813 691 4884 μὴ
713 4814 754 4879 τό]
772 4814 880 4867 ίοτῖεεευ
899 4814 973 4885 μηδὲ
1049 4815 1084 4868 30
1106 4815 1291 4884 διδτγμένουε
1379 4816 1410 4869 31
1436 4816 1465 4868 σύ
1488 4817 1564 4887 ίγριιί·

200 4899 287 4957 dm
379 4899 413 4954 32
431 4899 541 4954 fortasse
559 4899 672 4973 δεύτερον
695 4901 759 4966 (τό)
777 4901 803 4953 έν
822 4907 847 4954 et
865 4900 894 4954 τό
913 4901 970 4969 (33)
990 4903 1039 4955 dei.
1129 4903 1163 4956 33
1182 4903 1316 4974 γινομένη]
1336 4904 1452 4974 γινομένη
1471 4906 1511 4955 Ra
