3540 5610
211 325 271 390 128
372 328 375 333 ’
458 321 623 392 [ΑΠΟΡΙΩΝ
643 322 703 378 KAI
722 322 855 378 ΛΥΣΕΩΝ
874 320 1016 379 ΒΙΒΛΙΟΝ
1035 320 1221 381 I'E'I'API'ON
1241 324 1322 394 7-9]

263 497 293 558 αἱ
316 503 374 559 τῶν
399 498 580 573 ἀκολάστων,
607 498 692 561 αῦται
715 498 748 560 δέ
771 500 810 565 ῶς
833 500 921 561 κακδν
945 503 1043 582 κακῷ,
1065 500 1106 561 ῶν
1130 499 1162 561 δέ
1184 497 1238 562 οὐκ
1260 495 1337 562 ἔστιν
1360 496 1522 581 ὑπερβολή,
1549 512 1564 554 σ

262 599 346 662 αῦται
371 599 404 663 ἀν
428 600 485 664 εἷεν
509 606 600 664 παῖσαι
623 605 663 670 ῶς
687 601 797 683 ἀγαθόν
820 605 901 684 κακῷ
927 605 962 684 τῇ
986 600 1065 683 λόπη
1089 600 1222 664 ἐναντίαι.

265 839 348 904 VIII.
388 838 457 906 Ὁτι
480 843 499 924 ἡ
523 843 628 925 ἀρετὴ
652 841 731 905 οὔτε
754 841 852 924 γένος
875 841 955 905 οὔτε
978 841 1067 904 ὅλον.

349 1010 427 1075 Οὔτε
449 1012 529 1095 γένος
553 1011 620 1095 μέν,
649 1011 693 1074 ότι
720 1013 752 1074 τδ
779 1012 861 1094 γένος
887 1012 920 1076 οὐ
943 1016 1154 1096 συναναιρεῖται
1181 1012 1222 1074 ἐνὶ
1248 1014 1308 1074 τῶν
1330 1012 1416 1075 εἰδῶν
1439 1012 1518 1075 ἀναι·
1532 1027 1562 1070 1ο

229 1131 243 1178 5
266 1113 408 1197 ρουμένιρ,
432 1115 451 1197 ἡ
475 1116 507 1177 δέ
530 1115 618 1197 ἀρετὴ
636 1120 848 1197 συναναιρεῖται
871 1119 922 1199 μιᾷ
944 1113 1017 1196 (εἴτε
1038 1113 1094 1198 γὰρ
1114 1114 1378 1177 ἁντακολουθοῦσιν
1400 1115 1430 1177 αἱ
1455 1115 1518 1198 ἀρε·

262 1216 309 1278 ταὶ
332 1218 487 1299 ἀλλήλαις,
515 1218 684 1298 ἡστινοσοῦν
708 1216 918 1302 ἀναιρουμένης
946 1217 1103 1301 ἀναιρεῖται
1130 1219 1177 1279 καὶ
1205 1218 1224 1299 ἡ
1248 1216 1355 1299 ἀρετή,
1382 1213 1463 1279 ἔσται
1484 1239 1518 1299 γε

261 1317 354 1386 οὕτως
381 1319 429 1381 καὶ
457 1319 487 1380 ἕν
516 1342 542 1380 τι
569 1323 627 1380 τῶν
655 1318 740 1380 εἰδῶν
770 1316 862 1381 τάλλοι
889 1316 953 1402 εἴδη
977 1321 1180 1402 συναναιροῦν,
1213 1317 1321 1380 δοθδὲ
1346 1315 1418 1380 αότδ
1443 1317 1519 1400 ῦγιές
1535 1334 1563 1377 ιο

263 1416 335 1480 εἶναι
361 1422 455 1493 δοκεῖ,
486 1418 544 1483 εἴτε
572 1421 612 1503 μὴ
640 1421 904 1497 ἀντακολουθοῶσι,
934 1422 1102 1505 φρονήσεως
1131 1417 1342 1503 ἀναιρουμένης
1369 1421 1518 1503 ἀναιροῖτο

262 1517 296 1580 ἀν
320 1522 339 1602 η
364 1522 452 1604 ἀρετὴ
475 1526 517 1605 τῷ
539 1521 613 1583 κατά
636 1523 684 1584 τὸν
708 1523 797 1606 δρθδν
819 1521 903 1604 λόγον
927 1523 956 1585 ἐν
973 1526 1078 1592 πάσαις
1099 1522 1200 1590 αόταῖς
1221 1521 1254 1583 τό
1277 1520 1361 1595 εἶναι,
1383 1522 1400 1583 ό
1423 1518 1449 1584 δ’
1470 1523 1517 1605 δρ·

211 1641 242 1687 10
261 1620 314 1690 θός
337 1622 421 1705 λόγος
449 1624 507 1685 ἀπδ
534 1624 735 1708 φρονήσεως),
763 1626 829 1688 όλον
852 1626 885 1688 δὲ
912 1625 966 1688 οὐκ
989 1624 1022 1688 ἀν
1051 1623 1098 1708 εἴη
1126 1626 1145 1707 ἡ
1169 1625 1274 1708 ἀρετή,
1306 1622 1350 1685 ότι
1372 1624 1404 1686 τδ
1429 1624 1562 1708 μέροςνν

261 1723 313 1786 οὐκ
336 1724 502 1809 ἐπιδέχεται
525 1726 573 1788 τόν
597 1731 648 1788 τοῦ
671 1725 740 1789 όλου
763 1726 847 1810 λόγον
874 1728 904 1790 ἐν
928 1731 987 1796 τοῖς
1010 1724 1263 1809 ἀνομοιομερέσιν,
1290 1723 1459 1809 διαφέρουσι
1481 1726 1517 1788 δὲ

264 1826 399 1907 ἀλλήλων
426 1829 456 1890 αἱ
480 1830 579 1913 ἀρεταὶ
607 1829 654 1892 καὶ
682 1830 730 1891 τόν
757 1834 810 1912 τῆς
836 1831 942 1914 ἀρετῆς
970 1829 1154 1913 ἐπιδέχονται
1180 1825 1274 1910 λόγον.
1320 1826 1340 1910 ἢ
1363 1826 1392 1889 ἐν
1416 1828 1460 1896 οῖς
1482 1829 1517 1891 τδ

262 1929 314 2010 μὲν
337 1928 452 2013 πρῶτόν
475 1929 546 2003 ἐστι,
569 1931 601 1992 τδ
625 1931 658 1993 δέ
673 1931 816 2015 δεύτερον,
841 1936 881 2001 ῶς
900 1931 1108 2016 ἀναιρουμένου
1131 1933 1182 1993 τοῦ
1198 1932 1316 2013 πρώτου
1342 1927 1345 2011 I
1371 1930 1493 2014 ἀναιρεῖ·
1517 1936 1572 1993 246

262 2030 331 2092 σθαι
354 2032 441 2094 τότε
464 2033 558 2095 κοινδν
582 2034 628 2095 καὶ
651 2033 686 2095 τά
709 2033 784 2096 ἀλλα
805 2034 841 2097 τά
864 2033 926 2118 μετ’
955 2033 1036 2109 αὐτό,
1063 2038 1153 2096 ταῦτα
1176 2037 1233 2095 τῶν
1257 2035 1415 2117 πολλαχῶς
1437 2034 1518 2112 λεγο·

211 2152 240 2200 15
262 2132 356 2214 μένων
384 2133 444 2196 ἐστὶ
473 2138 531 2196 τῶν
558 2134 610 2219 ἀφ’
638 2137 702 2204 ένδς
729 2137 748 2219 ἦ
777 2137 849 2220 πρὸς
879 2136 909 2198 ἓν
937 2135 1114 2218 λεγομένων,
1146 2134 1216 2196 ὥστ’
1244 2134 1271 2197 εἰ
1297 2135 1345 2198 καὶ
1375 2135 1395 2217 ἡ
1425 2134 1517 2218 ἀρετὴ

261 2240 328 2318 μιὰς
349 2259 422 2306 τινος
439 2237 648 2321 ἀναιρουμένης
671 2239 827 2322 ἀναιροῖτο,
853 2237 900 2322 εἴη
924 2237 958 2301 ἀν
981 2240 1028 2301 καὶ
1050 2238 1124 2321 αῦτη
1147 2242 1206 2300 τῶν
1228 2236 1322 2305 οὕτως
1343 2235 1520 2318 λεγομένων.
1548 2253 1563 2294 ο

260 2337 279 2419 ἢ
304 2340 412 2419 μᾶλλον
437 2338 538 2422 ῥητέον
567 2342 615 2402 τὸν
643 2343 783 2403 δοκοῦντα
809 2341 985 2424 συνωνύμως
1012 2344 1069 2402 τῶν
1098 2341 1210 2424 ἀρετῶν
1238 2338 1305 2423 όρον
1332 2343 1384 2421 τῆς
1412 2337 1521 2422 ἀρετῆς

262 2442 486 2522 κατηγορεῖσθαι
513 2441 673 2526 κοινότερον
701 2443 774 2506 εἶναι
800 2442 849 2506 καλ
875 2440 928 2505 οῦκ
956 2440 1026 2505 ’ίδιον
1054 2447 1105 2524 τῆς
1132 2441 1203 2525 ὅλης
1231 2442 1336 2525 ἀρετῆς
1363 2440 1400 2524 ἧς
1431 2438 1519 2503 αὗται

261 2541 345 2625 μέρη.
390 2541 436 2626 εἴη
465 2543 490 2606 δ’
519 2543 553 2606 ἀν
581 2544 677 2628 ἐκείνη
704 2548 789 2628 λόγος
815 2546 834 2629 ἡ
862 2547 958 2628 πάσης
984 2548 1102 2628 λογικῆς
1128 2548 1227 2629 ψυχῆς
1253 2544 1310 2613 έῖις
1335 2542 1456 2627 ἀρίστη,
1484 2543 1520 2612 ὃς

207 2662 241 2709 20
259 2641 345 2724 λόγος
372 2643 405 2706 οὐ
434 2646 604 2730 καθεκάστγγ
632 2654 690 2711 τῶν
719 2649 829 2732 ἀρετῶν
856 2646 1024 2732 ἐφαρμόζει.
1070 2650 1151 2711 δοκεῖ
1176 2648 1208 2710 δὲ
1235 2646 1282 2709 καὶ
1307 2642 1516 2730 Ἀριστοτέλης
1531 2662 1559 2704 ιο

263 2744 330 2807 όλον
354 2769 379 2807 τι
402 2747 495 2830 λέγειν
518 2751 570 2832 τὴν
593 2749 702 2813 τέλειον
725 2751 832 2834 ἀρετὴν
854 2749 915 2813 ἀλλ’
943 2751 977 2813 οὐ
1000 2750 1091 2832 γένος.

345 2848 431 2934 [Περὶ
454 2856 506 2933 τῆς
528 2853 649 2935 ἀπορίας
671 2852 778 2935 ταύτης
800 2855 847 2916 καὶ
870 2852 900 2915 ἐν
923 2858 983 2922 τοῖς
1005 2851 1135 2937 ὑστέροις
1157 2849 1275 2935 εἴρηταί
1293 2849 1348 2935 τυ]

258 3105 312 3170 ΙΧ.
351 3102 421 3169 Ὅτι
446 3107 490 3189 μὴ
513 3109 641 3176 πάντες
662 3110 693 3171 οἱ
718 3109 975 3191 ἁμαρτάνοντες
1004 3108 1127 3191 ἀγνοίογ
1153 3112 1212 3171 τοῦ
1235 3106 1325 3171 κακὰ
1347 3105 1440 3170 είναι
1462 3108 1564 3170 καλισ

517 3210 672 3294 βλαβερὰ
694 3210 713 3273 ἁ
736 3213 962 3292 πράττουσιν,
987 3211 1260 3294 ἁμαρτάνουσιν.

206 3399 238 3448 25
343 3375 425 3463 (Ὅτι
449 3382 488 3462 μὴ
513 3382 616 3449 πάντες
632 3383 659 3443 οί
679 3381 892 3463 ἁμαρτάνοντες
914 3381 1015 3464 ἀγνοίᾳ
1037 3385 1088 3444 τοῦ
1111 3379 1188 3444 κακά
1210 3379 1284 3443 εἶναι
1306 3381 1353 3444 καὶ
1376 3380 1519 3464 βλαβερά,

259 3482 497 3566 ἁπροίττουσιν,>
521 3482 729 3567 ἁμαρτάνουσι,
756 3484 844 3565 δῆλον
872 3482 906 3545 ἐκ
934 3486 992 3546 τῶν
1014 3482 1213 3565 πεπεισμένων
1238 3481 1281 3546 ότι
1304 3483 1562 3566 ἁμαρτάνουσα»

259 3585 307 3647 καὶ
331 3585 372 3666 μὴ
397 3584 577 3669 ἀντεχόντων
607 3585 705 3653 αὑτοῖς
728 3585 775 3647 διὰ
800 3585 941 3668 μαλακίαν
971 3587 1018 3647 καὶ
1042 3585 1228 3668 ἀνασκησίαν.
1273 3585 1315 3647 ῶν
1337 3584 1394 3648 εἰσι
1415 3587 1463 3649 καὶ
1487 3587 1516 3649 οί

259 3691 409 3755 νοσοῦντες
437 3689 484 3749 καὶ
512 3686 547 3749 τά
576 3687 739 3770 βλάπτοντα
769 3687 874 3756 αότοδς
902 3688 1086 3771 πράττοντες,
1117 3687 1171 3749 οὐκ
1199 3686 1378 3772 ἀγνοοῦνῖτες
1405 3691 1496 3753 ὁποῖά
1519 3696 1573 3753 247

258 3788 351 3851 ἐστιν·
376 3790 420 3851 ἁτι
441 3789 494 3873 γὰρ
518 3788 571 3852 οῦκ
594 3791 754 3871 ἀγνοοῦσιν,
778 3789 875 3858 αὐτοῖς
898 3789 1076 3866 ἐπικαλοῦσι,
1099 3790 1166 3858 τοῦς
1189 3790 1230 3873 μὴ
1253 3790 1289 3853 τά
1312 3790 1402 3874 όμοια
1424 3792 1517 3877 ἁμαρ

205 3909 238 3957 30
258 3892 392 3959 τάνοντας
415 3890 627 3967 ἐπικαλοῦνται,
652 3890 787 3975 εὔχονται
809 3895 869 3960 τοῖς
891 3892 969 3960 θεοῖς
993 3891 1066 3976 ὑπὲρ
1088 3896 1139 3955 τοῦ
1162 3893 1279 3956 κάλλιον
1295 3898 1448 3977 φρονῆσαι.
1485 3895 1517 3958 ἐν

204 4083 606 4092 .-.------.--

206 4201 217 4252 l
240 4200 284 4252 alt.
305 4199 331 4252 δὲ
351 4200 384 4251 V¹
404 4200 431 4251 in
453 4214 503 4267 mg.
627 4196 721 4252 θοῦτε
739 4199 811 4268 γένος
828 4203 868 4252 Ba
886 4202 943 4267 Sp:
972 4198 1001 4252 οῦ
1020 4200 1091 4269 γένος
1109 4204 1134 4251 V
1265 4202 1364 4255 Iante
1382 4201 1441 4255 οὔτε
1460 4203 1572 4257 titulum

203 4289 281 4340 Iterat
306 4291 345 4340 Ba
364 4290 407 4353 Sp.
527 4285 596 4355 οὔτε]
626 4285 655 4338 οδ
678 4287 729 4339 B²a
749 4290 793 4354 Sp.
919 4287 978 4340 6.7
1007 4306 1034 4357 γε
1057 4286 1141 4342 οὕτωσ
1160 4292 1192 4340 V:
1219 4306 1247 4341 τε
1264 4291 1304 4341 Ba
1322 4291 1381 4356 Sp:
1409 4289 1522 4344 ίοτῒεεοο
1544 4289 1571 4344 δέ

203 4373 284 4431 οὕτως
390 4375 405 4425 7
429 4373 502 4426 είδῶν
526 4372 608 4430 οὕτως
632 4371 712 4425 τάλλα
730 4378 769 4426 Ba
793 4377 838 4442 Sp.
945 4375 1170 4448 8ἀναιρουμένης]
1194 4394 1225 4446 ης
1243 4391 1264 4428 8.
1284 4392 1307 4428 v.
1326 4377 1355 4429 in
1373 4377 1413 4429 lit.
1433 4381 1458 4429 V

203 4460 218 4511 θ
238 4460 274 4528 ἐν]
295 4462 356 4512 εἶναι
376 4463 443 4513 σοιτί.
463 4466 507 4527 Sp.
527 4463 593 4513 bene
703 4462 735 4514 10
753 4462 953 4531 ἀπορρσνησεωσ
973 4468 996 4516 V
1103 4464 1151 4516 οόιι
1170 4463 1212 4532 ἀν]
1231 4481 1264 4516 υκ
1283 4463 1314 4516 ἀν
1333 4465 1361 4517 in
1379 4463 1418 4517 lit.
1439 4468 1464 4516 V

202 4548 252 4616 εἴη]
272 4567 287 4616 η
308 4549 367 4599 αιλιλ
389 4565 411 4599 v.
426 4565 447 4600 c.
463 4553 486 4599 V
595 4549 625 4600 17
654 4553 698 4617 τῆς
723 4550 814 4620 ἀρετῆς
833 4550 891 4601 coll.
912 4556 971 4617 post
989 4548 1183 4620 κατηγορεῖσθαι
1200 4555 1241 4604 Ba
1259 4554 1304 4619 Sp.
1416 4551 1448 4603 19
1478 4550 1566 4622 είη]η

202 4635 261 4687 add.
281 4651 304 4685 v.
324 4650 345 4687 c.
366 4640 389 4684 V
497 4634 579 4704 ἐκείνη
599 4654 614 4686 υ
722 4635 756 4686 20
774 4635 803 4687 οῦ
822 4638 928 4703 punctis
947 4642 1021 4689 notat
1040 4640 1075 4689 B:
1095 4653 1145 4689 om.
1164 4656 1180 4690 a
1287 4638 1316 4690 21
1339 4635 1436 4690 τελείαν
1456 4641 1501 4704 Sp.

203 4722 236 4774 22
255 4740 278 4773 τι
297 4740 313 4772 a
325 4724 383 4788 Sp:
402 4738 440 4774 τισ
459 4722 479 4789 (ι
498 4724 525 4774 In
545 4722 595 4788 lit.)
611 4726 633 4773 V
724 4722 765 4775 25.
780 4722 813 4774 26
833 4721 1067 4795 ότι-πράττουσιν
1086 4725 1144 4777 add.
1159 4727 1199 4776 Ba
1212 4728 1256 4792 Sp.
1347 4724 1380 4776 27
1400 4723 1567 4796 άνασκησίαν]

202 4807 363 4879 ἀναισθησίαν
380 4811 445 4863 vict.
463 4812 507 4876 Sp.
615 4810 648 4862 28
667 4808 757 4867 αὐτοὺς
776 4813 819 4876 Sp.
928 4811 962 4863 30
980 4810 1156 4864 ἐπικαλοῦνται
1174 4812 1226 4866 3²⁸
1245 4815 1302 4880 Sp:
1326 4811 1491 4865 ἐπικαλοῦσιν
1510 4817 1533 4865 V

202 4895 336 4967 ίχονταιε
