3540 5610
225 307 286 371 146
452 304 616 375 [λΠΟΡΙΩΝ
636 301 698 358 ΚΑΙ
718 303 848 359 ΑΥΣΕΩΝ
869 301 1010 359 ΒΙΒΛΙΟΝ
1031 302 1216 360 ἸῈἸᾺΡῚῸΝ
1235 304 1351 374 23-24]

274 480 327 564 γὰρ
350 483 380 544 αἱ
397 482 449 563 μὲν
473 481 520 544 ἐπὶ
543 487 603 550 τοῖς
624 483 723 549 καλοῖς
747 485 886 554 τοιαῦται,
910 481 939 542 αἱ
961 477 987 542 δ’
1010 479 1057 541 ἐπὶ
1079 483 1138 546 τοῖς
1160 478 1293 564 αἰσχροῖς
1314 482 1455 553 τοιαῦται,
1480 477 1569 563 εἴητε

277 581 311 644 ἂν
334 583 369 646 τά
392 583 467 647 καλὰ
491 586 538 647 καὶ
562 584 597 647 τὰ
619 584 728 669 αἰσχρὰ
750 581 827 645 αἴτια
849 588 901 667 τῆς
924 588 981 644 τῶν
1004 583 1116 664 ἡδονῶν
1139 583 1288 664 διαφορᾶς.
1333 582 1368 644 οδ
1390 582 1445 666 γάρ
1469 583 1529 645 ἀπδ

275 690 333 747 τῶν
355 688 470 770 ἡδονῶν
493 691 555 755 ταῖς
578 687 730 770 ἐνεργείαις
752 687 812 749 ἐστὶ
836 687 868 748 τὸ
891 683 1012 767 αἱρετόν,
1039 684 1114 746 ἀλλά
1136 684 1194 746 ἀπὸ
1217 688 1275 745 τῶν
1291 683 1442 767 ἐνεργειῶν
1465 690 1530 754 ταῖς

276 788 406 870 ἡδοναῖς,
430 791 477 852 καὶ
501 788 557 852 εἶεν
583 790 616 853 δν
640 789 724 853 ἄλλαι
749 789 801 871 μέν
823 792 866 873 τῷ
891 785 961 850 εἴδει
984 787 1013 848 αἱ
1036 786 1094 848 ἀπδ
1118 790 1175 848 τῶν
1199 789 1310 857 καλῶν,
1334 785 1421 850 ἀλλαι
1443 789 1476 851 δέ
1498 789 1528 850 αἱ
1542 806 1571 847 ει

239 889 332 956 ὀάπδ
361 897 418 952 τῶν
447 892 592 976 αἰσχρῶν,
626 890 707 973 εἴγε
734 895 824 954 πᾶσαι
847 891 899 972 μὲν
926 891 955 953 αἱ
979 889 1036 951 ἀττδ
1067 893 1124 951 τῶν
1152 892 1248 951 καλῶν
1271 891 1400 973 καθαραί
1423 912 1455 952 τε
1478 891 1527 953 καὶ

275 990 389 1074 ἀμικτοι
412 996 460 1056 καὶ
484 997 625 1077 μηδεμιᾶς
649 994 802 1076 μετανοίας
829 993 848 1076 ἡ
872 992 965 1074 λόπης
987 990 1075 1054 αἴτιαι
1097 991 1327 1072 εἰδοποιοόμεναι
1349 998 1411 1062 ταῖς
1433 992 1528 1055 τοιαό-

273 1119 334 1165 ταις
350 1097 517 1181 ἐνεργείαις,
542 1102 630 1162 πᾶσαι
653 1099 685 1161 δὲ
700 1099 730 1160 αἱ
753 1098 811 1159 ἀπό
835 1102 892 1159 τῶν
908 1098 1039 1180 αἰσχρῶν
1063 1095 1166 1176 μικταί
1184 1118 1215 1157 τε
1230 1096 1278 1158 καὶ
1293 1096 1323 1158 ἐν
1341 1096 1527 1179 μεταμελείᾳ.
1540 1111 1568 1154 ετ

276 1199 367 1268 οὕτως
391 1201 424 1263 δέ
446 1201 580 1285 ἐχουσῶν
606 1202 608 1283 γ
634 1205 691 1263 τῶν
714 1202 828 1282 ἡδονῶν
851 1199 921 1282 πρὸς
949 1198 1000 1267 τὰς
1028 1198 1171 1281 ἐνεργείας
1197 1196 1357 1282 πρόδηλον,
1388 1196 1431 1261 ότι
1460 1200 1501 1282 μὴ
1524 1206 1578 1263 280

272 1302 351 1385 παρὰ
373 1308 430 1364 τῶν
453 1305 566 1386 ἡδονῶν
594 1308 656 1371 ταῖς
683 1302 835 1386 ἐνεργείαις
860 1303 893 1364 τὸ
920 1299 1050 1385 αἱρετόν,
1081 1301 1156 1362 ἀλλὰ
1183 1301 1261 1384 παρὰ
1287 1307 1346 1363 τῶν
1373 1301 1525 1384 ἐνεργειῶν

225 1425 254 1471 ιο
273 1411 335 1473 ταῖς
358 1407 490 1488 ἡδοναῖς,
513 1411 576 1474 ταῖς
599 1407 651 1488 μὲν
673 1407 705 1468 τὸ
729 1406 858 1489 αἱρετόν,
886 1409 946 1472 ταῖς
969 1405 1002 1466 δέ
1025 1404 1057 1465 τδ
1080 1401 1219 1485 φευκτόν,
1247 1402 1328 1486 εἴγε
1350 1405 1471 1487 φευκταὶ
1493 1405 1524 1466 αἱ

274 1507 360 1570 πλέον
383 1513 433 1571 τοῦ
457 1510 577 1593 ἡδοντος
604 1510 635 1572 τό
659 1512 766 1571 λυποῦν
789 1507 926 1592 ἔχουσαι,
954 1509 1083 1569 τοιαῦται
1106 1507 1138 1568 δέ
1161 1509 1252 1569 πᾶσαι
1275 1508 1304 1568 αἱ
1327 1507 1375 1569 ἐπὶ
1397 1512 1461 1574 ταῖς
1482 1507 1524 1568 αἰ·
1552 1523 1566 1564 τ

271 1615 375 1696 σχραῖς
397 1611 559 1695 ἐνεργείαις.

269 1883 381 1948 XXIV.
428 1884 505 1954 Πῶς
528 1887 562 1948 αἱ
586 1885 707 1968 ἀρεταὶ
730 1883 771 1946 δι’
799 1883 907 1951 αὑτὰς
929 1883 1074 1966 αἱρεταί.

355 2073 412 2138 Καὶ
435 2078 498 2142 πῶς
520 2095 561 2140 τις
584 2072 617 2135 δν
641 2072 692 2140 τὰς
714 2071 818 2155 αἱρετὰς
845 2074 893 2133 καὶ
915 2071 965 2139 τάς
992 2069 1055 2134 κατ’
1083 2070 1172 2139 αδτάς
1195 2071 1338 2156 ἐνεργείας
1365 2069 1401 2134 δι’
1430 2070 1522 2138 αὑτδις

220 2195 249 2243 15
269 2177 383 2261 αἱρετὰς
405 2177 477 2239 εἶναι
500 2176 588 2258 λέγοι,
611 2174 642 2238 εἴ
660 2175 692 2255 γέ
715 2175 785 2238 εἰσιν
808 2175 877 2255 ἡμῖν
900 2174 1009 2255 αἱρεταὶ
1032 2173 1078 2236 διά
1102 2175 1153 2256 τὴν
1176 2180 1234 2236 τῶν
1257 2174 1390 2257 ἀμέτρων
1414 2177 1521 2236 παδῶν
1537 2189 1564 2231 ιο

267 2280 447 2361 ἀποσκευὴν;
470 2277 610 2362 (καὶγὰρ
633 2279 684 2360 τὴν
709 2279 759 2359 μὲν
783 2277 898 2361 ἀνδρίαν
922 2276 1094 2360 αίροόμεδα,
1122 2276 1203 2345 ὅπως
1227 2282 1337 2360 μετρεῖν
1360 2279 1522 2360 δυνώμεθα

266 2381 332 2449 τοός
359 2404 389 2443 τε
412 2380 523 2466 φόβους
550 2383 596 2443 καὶ
624 2382 659 2443 τὰ
682 2381 792 2463 δοίρρη,
819 2380 871 2461 τὴν
900 2379 932 2441 δέ
958 2380 1163 2462 σωφροσύνην,
1190 2378 1271 2447 ὅπως
1297 2380 1347 2449 τάς
1374 2379 1411 2442 δι’
1441 2381 1522 2465 ἁφῆς

265 2484 358 2552 λόπας
385 2506 415 2545 τε
442 2486 489 2546 καὶ
516 2485 635 2566 ἡδονάς·
670 2482 832 2566 αἱροόμεδα
860 2483 892 2544 δέ
919 2482 966 2544 καὶ
993 2487 1051 2543 τῶν
1081 2481 1179 2544 ἀλλων
1206 2482 1317 2565 ἀρετῶν
1346 2484 1471 2567 ἐκάστην
1501 2484 1563 2567 ἡισ

265 2587 313 2649 ἐπὶ
335 2588 439 2648 παδῶν
463 2610 546 2649 τινων
570 2586 672 2670 μέτρον
700 2586 719 2667 ἡ
742 2586 789 2647 ἐπὶ
816 2584 962 2667 πράξεων·
994 2585 1045 2667 τἠν
1070 2586 1121 2667 μὲν
1144 2585 1199 2667 γὰρ
1222 2584 1446 2669 ἐλευθεριότητα
1469 2589 1520 2650 καὶ

215 2709 248 2755 νο
267 2690 319 2771 τὴν
344 2688 591 2771 μεγαλοπρέπειαν
614 2688 662 2750 ἐπὶ
685 2693 727 2771 τῷ
752 2692 865 2770 μετρεῖν
888 2688 1028 2751 δόνασδαι
1051 2687 1101 2754 τὰς
1124 2687 1253 2769 πράξεις,
1279 2687 1314 2755 ἀς
1337 2689 1382 2751 διὰ
1405 2688 1520 2758 δόσεώς

264 2817 296 2856 τε
318 2794 364 2854 καὶ
388 2792 506 2876 λήψεως
529 2791 689 2874 χρημάτων
713 2790 895 2874 ἐνεργοδμεν,
918 2791 970 2873 τὴν
993 2791 1026 2852 δέ
1048 2790 1264 2874 μεγαλοψυχίαν
1286 2815 1318 2854 τε
1340 2795 1388 2855 καὶ
1411 2797 1520 2876 φιλοτι-
1533 2810 1563 2851 ευ

266 2896 333 2978 μίαν
356 2895 403 2957 ἐπὶ
426 2899 465 2976 τηῙ
489 2893 647 2977 συμμέτρῳ
676 2895 723 2955 καὶ
751 2892 814 2955 κατ’
843 2893 921 2960 ἀξίαν
945 2896 1002 2953 τῶν
1030 2897 1121 2974 τιμῶν
1149 2893 1273 2976 αἱρέσει,
1301 2897 1353 2978 τήν
1376 2920 1406 2959 τε
1430 2895 1563 2979 πραόευ

262 3021 334 3081 τητα
350 2997 398 3059 ἐπὶ
421 3001 464 3081 τῷ
481 2997 546 3078 περὶ
570 2996 619 3063 τὰς
643 2995 730 3078 δργδις
745 2994 915 3079 συμμέτρῳ,
939 2995 1103 3078 αἱρούμεθα
1125 2996 1157 3057 δέ
1180 2999 1228 3059 καλ
1245 2998 1297 3080 τὴν
1320 2999 1517 3083 δικαιοσύνην,

262 3101 333 3163 διότι
361 3101 422 3163 ἐστὶ
450 3099 577 3180 σωστικὴ
608 3104 660 3182 τῆς
686 3099 834 3166 κοινωνίας
862 3095 951 3180 οὔσης
977 3099 1046 3179 ἡμῖν
1075 3098 1148 3160 κατὰ
1177 3098 1276 3182 φύσιν,
1308 3099 1339 3162 εί
1360 3100 1394 3183 γέ
1421 3103 1511 3183 ἐσμεν

209 3223 241 3270 ‘25
260 3204 345 3288 φύσει
369 3201 531 3265 κοινωνικοί
550 3224 581 3263 τε
603 3203 651 3263 καὶ
679 3201 841 3282 πολιτικοί).
887 3203 927 3268 ῶς
949 3200 1004 3284 γὰρ
1027 3198 1060 3262 οδ
1083 3198 1120 3262 δι’
1148 3202 1238 3283 αδτὴν
1264 3202 1267 3283 Ι
1291 3205 1389 3286 αἱρετὴ
1413 3206 1432 3287 ἡ
1456 3206 1497 3267 οἰ·
1522 3213 1572 3269 281

262 3308 414 3388 κοδομικὴ,
438 3304 482 3367 ότι
504 3305 579 3366 ἐστὶν
602 3302 703 3386 αἱρετὰ
725 3303 760 3365 τὰ
783 3302 915 3384 γινόμενα
938 3302 988 3365 ἀπ’
1014 3303 1113 3386 αὐτῆς,
1138 3303 1206 3366 οὐδὲ
1229 3306 1248 3386 ἡ
1271 3307 1447 3389 παλαιστικὴ
1474 3307 1512 3371 δι’

261 3408 351 3490 αὑτὴν
375 3407 451 3470 ἐστιν
474 3407 574 3489 αἱρετὴ
603 3405 651 3468 διὰ
674 3406 706 3467 τδ
729 3409 780 3468 τοῦ
803 3409 898 3474 καλῶς
926 3406 1057 3468 παλαίειν
1084 3405 1158 3468 εἶναι
1185 3407 1336 3490 ποιητική,
1365 3407 1434 3471 οὐδὲ
1456 3417 1517 3473 τῶν

261 3513 373 3593 ἀρετῶν
397 3509 442 3593 είη
467 3532 508 3577 τις
531 3508 565 3571 ἂν
589 3506 625 3571 δι’
647 3509 737 3590 αότὴν
761 3509 871 3592 αἱρετή,
894 3510 919 3570 εἰ
942 3510 975 3570 τδ
998 3507 1110 3590 αἱρετόν
1134 3507 1209 3571 ἐστιν
1232 3507 1332 3577 αὐταῖς
1354 3513 1432 3595 παρὰ
1455 3518 1516 3575 τῶν
1543 3530 1557 3573 τ

261 3614 418 3695 γινομένων
442 3611 476 3674 δι’
498 3612 604 3674 αὐτῶν.
643 3613 661 3692 ἡ
685 3612 709 3673 εἰ
734 3613 786 3694 μὲν
809 3611 844 3695 ἡν
867 3611 937 3673 ἀλλο
961 3612 1012 3690 μὲν
1036 3612 1067 3672 τδ
1091 3609 1127 3672 δι’
1149 3611 1166 3672 ό
1188 3634 1281 3695 φαμεν
1305 3614 1429 3699 ἐκοίστην
1453 3622 1513 3680 τῶν

208 3736 241 3782 30
261 3717 371 3798 ἀρετῶν
392 3715 463 3778 εἶναι
486 3716 613 3799 αἱρετήν,
636 3713 707 3776 ἀλλο
727 3716 758 3777 δὲ
774 3716 846 3797 αὐτὴ
865 3717 883 3796 ἡ
900 3716 1000 3798 ἀρετή,
1022 3713 1149 3797 εὐλόγως
1165 3712 1226 3798 (ἂν)
1240 3716 1376 3800 ἀνηρεῖτο
1392 3721 1424 3781 τδ
1441 3720 1517 3784 εἶναι

260 3819 356 3881 αὐτῶν
380 3819 504 3901 ἑκάστην
528 3817 564 3880 δι’
586 3819 675 3900 αὐτὴν
699 3818 826 3901 αἱρετήν,
850 3818 875 3880 εί
890 3817 922 3880 δέ
945 3818 1019 3881 ἐστιν
1037 3819 1146 3901 ἑκάστη
1169 3822 1227 3880 τῶν
1250 3821 1361 3902 ἀρετῶν
1384 3822 1416 3884 τό
1439 3822 1515 3887 εἶναι
1530 3841 1556 3882 ιο

259 3923 289 3984 ἐν
312 3921 406 4004 τοότιρ
429 3918 464 3983 δι’
493 3920 510 3983 ό
532 3921 609 3983 ἐστιν
633 3921 744 4004 αἱρετή,
768 3920 815 4004 εἴη
839 3919 873 3983 ἀν
896 3920 1022 4003 εὐλόγως
1045 3921 1199 4004 λεγόμενον
1223 3922 1255 3983 τδ
1279 3920 1351 3985 εἶναι
1374 3924 1425 3993 τὰς
1448 3926 1515 4010 ἀρε-

205 4214 219 4264 7
245 4213 367 4283 αἰσχρῶν]
395 4219 484 4263 κακῶν
503 4215 554 4265 S¹F
662 4210 759 4279 μικταὶ]
791 4211 899 4282 λυπηραὶ
917 4213 953 4263 Sa
1068 4211 1098 4261 14
1126 4207 1159 4263 δι’
1180 4211 1301 4264 αδτὰσν
1413 4214 1444 4266 15
1474 4217 1569 4285 αἱρεταὶ

206 4302 278 4352 FB²a
291 4304 347 4365 sp.:
368 4300 452 4368 ἀρεταὶ
467 4302 521 4351 VB'
616 4300 646 4351 113
666 4300 709 4352 καί
723 4300 767 4351 13²:
788 4301 809 4352 εί
828 4300 888 4351 libri
977 4298 1112 4366 δυνώμεθα
1131 4314 1180 4351 om.
1200 4317 1216 4350 a
1307 4299 1337 4351 19
1357 4300 1448 4368 μέτρον
1461 4305 1497 4354 13²
1510 4308 1568 4372 Sp.:

206 4390 304 4458 μέτρων
325 4387 384 4439 libri
484 4388 518 4439 20
546 4388 593 4456 τἠν
612 4403 660 4438 om.
680 4392 735 4441 SFa
838 4388 867 4445 ἃς
885 4387 925 4439 διὰ
944 4392 975 4439 V:
1003 4389 1029 4439 αἲ
1047 4387 1086 4438 διά
1106 4388 1173 4438 Vict.
1192 4389 1249 4453 Sp.:
1280 4386 1319 4438 διὰ
1338 4389 1451 4440 SFMLa

205 4475 237 4526 22
256 4474 292 4541 τε]
312 4475 337 4526 δὲ
358 4475 425 4526 coni.
445 4477 489 4541 Sp.
583 4476 613 4526 21
643 4477 775 4533 κοινωνίας
799 4477 857 4528 coll.
878 4484 937 4544 post
960 4476 1032 4546 φόσιν
1052 4495 1067 4526 ιι
1086 4478 1130 4542 Sp.
1156 4477 1233 4544 ((τῐγ)
1255 4474 1331 4544 οὔσης
1352 4476 1494 4543 Schwartz)

205 4564 237 4613 2ss
257 4563 340 4632 αἱρετὴ-
358 4563 481 4628 V¹(corr.
499 4563 545 4627 W)
630 4562 662 4614 27
682 4562 803 4632 αδτὴνλῖ
893 4565 976 4634 αἰρετη
991 4569 1014 4614 V
1104 4564 1138 4615 28
1156 4563 1182 4614 ἐν
1201 4562 1287 4620 αὐταῖς
1305 4580 1321 4614 ε
1340 4565 1384 4629 Sp.
1476 4566 1509 4617 29
1532 4564 1565 4619 δι’

204 4650 287 4702 αὐτῶν
309 4650 440 4702 V¹FS¹M²
458 4649 515 4715 (sed
534 4647 629 4714 αὐτῶν)
651 4654 683 4702 L:
705 4647 738 4702 δι’
759 4651 937 4708 a52145V2B¹2
962 4647 994 4702 δι’
1015 4650 1092 4708 αδτοίς
1110 4651 1192 4703 Βέὃέα
1211 4654 1267 4716 Sp.:
1293 4645 1337 4701 ἐπ’
1357 4650 1443 4703 αὐτῶν
1463 4655 1503 4705 Μ’

204 4739 312 4807 ἐκάστην
332 4736 450 4789 v‘2BS'2a
470 4738 526 4803 Sp.:
551 4738 659 4806 ἑκάστης
678 4741 829 4792 v¹FS¹ML
918 4740 951 4793 30
970 4739 1069 4811 αἱρετήν
1088 4738 1219 4790 v²ss²s²a
1238 4741 1295 4805 Sp.:
1315 4738 1399 4808 αἱρετίγ
1420 4742 1470 4792 V':
1490 4744 1567 4814 ἀμςςη

203 4828 308 4878 FS¹ML
416 4825 445 4878 ἂν
466 4825 555 4878 addidi
662 4826 693 4878 31
714 4825 750 4878 δι’
769 4826 847 4897 αυτὴν
868 4828 902 4879 V¹
922 4828 950 4880 in
970 4843 1020 4896 mg.
1136 4825 1243 4896 ἑκάστη]
1263 4844 1271 4877 ι
1289 4826 1429 4895 adscripsit
1449 4830 1484 4882 V¹

202 4912 266 4982 τῶν]
286 4933 298 4964 ν
318 4932 338 4966 s.
357 4929 380 4964 ν.
395 4917 419 4964 V
530 4912 571 4982 τὸ]
591 4915 629 4983 τῷ
648 4914 736 4967 vict?
756 4918 800 4982 Sp.
