3540 5610
646 353 702 428 [ου
726 356 835 413 mm
859 355 960 411 ιωειτ
984 354 1109 428 ALTER]
1495 356 1555 424 179

251 531 410 615 γεγονέναι.
455 530 587 601 ούτωςίἱ
608 532 797 616 κατενεχθεὶς
818 532 900 602 λίθος
921 534 969 595 καὶ
991 532 1084 602 ούτως
1106 556 1168 602 πως
1190 535 1297 611 πεσών,
1321 535 1361 601 ῶς
1382 528 1429 594 ἐπ’
1455 529 1502 594 αύ-

253 640 306 698 τοῦ
330 635 508 707 καθέζεσθαι
530 635 683 707 δύνασθαι,
710 635 883 718 αὐτομάτως
904 633 989 718 τήνδε
1012 635 1064 718 τὴν
1087 635 1168 698 θέσιν
1195 632 1281 720 έσχεν
1303 634 1502 716 ἐπακολουθή·
1529 649 1543 692 σ

253 757 347 801 σασαν
370 742 408 821 τῇ
431 742 543 822 φυσική
565 742 617 801 τοῦ
645 738 728 801 λίθου
751 738 799 801 διὰ
825 738 876 820 τὴν
903 736 1047 821 βαρύτητα
1073 742 1234 823 καταφορᾷ.
1280 738 1388 821 ὁμοίως
1414 737 1461 799 καὶ
1485 739 1501 801 6

254 841 308 922 μέν
331 841 380 937 διὰ
402 841 455 924 τήν
477 839 586 924 τροφήν
609 839 706 903 ἐλθὼν
729 840 778 903 έπί
792 838 874 903 τόνδε
893 839 941 901 τδν
957 837 1043 902 τόπον
1059 840 1155 917 ἱππος,
1179 841 1285 909 σωθεὶς
1300 841 1332 903 δὲ
1354 839 1401 903 διὰ
1417 843 1501 903 τούτο

224 944 313 1006 σάπδ
336 947 394 1006 τῶν
417 943 579 1025 πολεμίων·
614 944 662 1006 καί
683 943 737 1028 γὰρ
758 942 853 1025 τούτῳ
879 943 898 1025 ή
922 944 1028 1026 φυσικὴ
1051 947 1104 1027 τῆς
1124 946 1234 1027 τροφῆς
1260 940 1351 1026 ὄρεξις
1372 949 1425 1026 τῆς
1447 964 1501 1006 σω-

255 1046 358 1131 τηρίας
382 1046 469 1126 αἰτία,
497 1046 551 1109 οὐκ
576 1044 690 1109 ἐλθόντι
717 1051 769 1109 τοῦ
796 1045 929 1128 σωθῆναι
955 1047 1049 1130 χάριν.
1093 1047 1127 1109 τδ
1156 1046 1189 1109 δὲ
1214 1043 1306 1128 λέγειν
1331 1047 1384 1129 τὴν
1410 1046 1501 1130 τύχην

254 1149 349 1212 αἰτίαν
372 1147 481 1232 α”δηλον
507 1148 683 1234 ἀνθρωπίνῳ
709 1151 838 1231 λογισμῷ
862 1147 915 1211 ούκ
937 1144 998 1211 ἔστι
1020 1149 1104 1234 φύσιν
1130 1147 1192 1211 τινὰ
1215 1148 1306 1232 τύχης
1332 1148 1501 1231 τιθεμένων,

254 1249 316 1313 ἀλλ’
344 1250 376 1313 ἐν
397 1256 435 1335 τῇ
458 1255 517 1314 τῶν
540 1251 704 1334 ἀνθρώπων
725 1251 796 1334 πρδς
817 1251 854 1313 τὰ
875 1233 954 1313 αίτιά
975 1256 1045 1334 ποιᾷ
1062 1250 1162 1335 σχέσει
1184 1251 1236 1334 τὴν
1258 1251 1350 1336 τύχην
1373 1251 1446 1315 εἶναι
1460 1254 1504 1314 λε-

252 1351 379 1435 γόντων,
413 1351 494 1417 ἔσται
515 1377 548 1417 τε
574 1354 666 1422 ούτως
692 1353 725 1416 τδ
749 1351 819 1417 αύτδ
846 1358 891 1438 τῷ
915 1354 967 1435 μὲν
995 1353 1052 1416 ἀπδ
1075 1353 1176 1438 τύχης,
1204 1359 1246 1438 τῷ
1270 1352 1295 1416 δ’
1323 1352 1368 1429 ού,
1395 1354 1463 1418 όταν
1487 1356 1545 1418 όιο

215 1470 243 1515 ιο
257 1457 311 1539 μὲν
334 1455 424 1521 αὐτού
449 1460 578 1540 γινώσκη
609 1457 661 1540 τὴν
684 1456 787 1532 αἰτίαν,
815 1456 830 1520 6
853 1456 886 1519 δὲ
907 1457 1008 1540 ἀγνοῇ.
1053 1456 1170 1541 προσέτι
1192 1479 1223 1519 τε
1250 1455 1313 1520 ἐπεὶ
1335 1458 1426 1520 πλείω
1452 1462 1504 1521 τού

255 1557 346 1622 αὐτοῦ
368 1558 456 1637 αἴτια,
478 1559 560 1644 εἴγε
581 1564 741 1645 τετραχῶς,
763 1560 804 1622 ῶν
827 1559 862 1623 τά
879 1561 930 1642 μὲν
945 1559 1096 1644 ἐνδέχεταί
1116 1583 1192 1629 τινας
1207 1558 1322 1635 εἰδέναι,
1344 1559 1380 1623 τδι
1396 1560 1428 1622 δὲ
1451 1558 1503 1642 μή,

254 1662 289 1725 τδ
304 1661 376 1724 αὐτό
390 1686 417 1725 τι
440 1661 501 1746 ἅμα
523 1667 566 1746 τῷ
590 1661 670 1747 αύτῷ
693 1663 741 1725 καί
763 1663 821 1725 ἀπὸ
843 1662 936 1747 τύχης
957 1662 1005 1724 καί
1028 1662 1094 1747 ούχὶ
1118 1662 1175 1725 ἀπδ
1190 1662 1283 1747 τύχης
1305 1659 1395 1736 ἔσται,
1418 1661 1453 1725 ἀν
1468 1661 1505 1724 τά

255 1764 308 1847 μέν
331 1788 395 1827 τινα
416 1769 474 1827 τῶν
497 1765 595 1828 αἰτίων
618 1763 706 1828 αὐτοῦ
728 1765 866 1849 γνωρίζη,
888 1763 925 1827 τά
947 1766 980 1827 δὲ
994 1765 1101 1848 ἀγνοή·
1135 1765 1168 1828 ού
1191 1765 1245 1850 γὰρ
1261 1767 1410 1850 διώρισται
1426 1763 1505 1849 παρὰ

254 1868 308 1951 τήν
335 1867 459 1952 ποτέρου
487 1872 545 1942 τῶν
574 1868 672 1931 αἰτίων
698 1866 813 1951 ἀγνοιαν
841 1867 860 1950 ή
887 1866 974 1952 τύχη.
1018 1869 1045 1930 εἰ
1069 1867 1124 1951 γὰρ
1150 1867 1259 1951 λέγοιεν
1287 1868 1328 1950 μὴ
1356 1866 1408 1948 τήν
1434 1888 1504 1930 τισιν

213 1987 242 2031 15
257 1970 426 2054 ἀνθρώποις
447 1970 539 2033 αἰτίαν
562 1969 670 2056 ἀδηλον
692 1969 764 2033 εἶναι
786 1970 838 2053 τὴν
860 1970 964 2054 τύχην,
986 1969 1061 2033 ἀλλά
1083 1971 1135 2054 τὴν
1150 1969 1277 2033 καθόλου
1293 1973 1378 2033 πᾶσιν
1394 1970 1505 2054 ἀνθρώ-

255 2097 330 2150 ποις,
353 2071 414 2136 ούδ’
443 2072 519 2143 ὅλως
540 2073 617 2137 είναί
634 2098 661 2136 τι
683 2075 864 2158 συγχωροῖεν
886 2071 921 2135 ἂν
943 2073 996 2155 τήν
1018 2072 1121 2159 τύχην,
1144 2071 1269 2142 διδόντες
1290 2096 1322 2136 τε
1344 2073 1416 2136 εἰναι
1439 2096 1505 2155 μαν-
1520 2089 1545 2132 ισ

256 2177 339 2261 τικὴν
366 2177 414 2238 καί
440 2181 499 2239 τῶν
528 2176 645 2259 ἀδήλων
673 2176 833 2240 δοκούντων
860 2174 932 2238 εἰναι
954 2178 1013 2244 τοῖς
1040 2173 1138 2244 ἀλλοις
1164 2176 1324 2258 γνωστικὴν
1351 2175 1440 2257 αὐτὴν
1467 2199 1505 2238 τι-

256 2278 386 2362 θέμενοι.
430 2278 457 2341 εἰ
483 2278 537 2362 γὰρ
563 2283 649 2343 τούτο
676 2279 808 2363 διορίζειν
836 2276 1005 2363 βουλόμενοι
1031 2277 1140 2360 λέγοιεν
1167 2279 1218 2362 τήν
1241 2277 1349 2362 ἄδηλον
1378 2281 1438 2347 τοῖς
1459 2279 1505 2341 ἀν·

256 2380 447 2464 επιστήμοσιν
469 2382 561 2444 αἰτίαν
582 2382 687 2467 τύχην,
717 2379 797 2446 ἔσται
819 2379 893 2444 κατά
919 2384 1018 2443 τοῦτον
1044 2381 1093 2443 τδν
1115 2379 1199 2464 λόγον
1225 2381 1273 2444 καί
1299 2380 1335 2443 τά
1356 2381 1430 2444 κατὰ
1455 2381 1507 2450 τάς

211 2500 242 2544 νυ
256 2483 420 2567 ἐπιστήμας
441 2507 473 2546 τε
494 2484 542 2546 καὶ
564 2483 669 2570 τέχνας
689 2482 824 2566 γινόμενα
846 2487 905 2552 τοῖς
927 2481 1151 2566 ἀνεπιστήμοσίν
1174 2471 1275 2546 τε“καί
1297 2483 1431 2568 ἀτέχνοις
1447 2484 1505 2547 ἀπδ

256 2587 359 2673 τύχης.
403 2584 470 2649 οὔτε
491 2585 545 2670 γὰρ
572 2588 588 2651 6
612 2586 654 2670 μὴ
676 2585 785 2649 τέκτων
811 2585 888 2649 οἶδεν
914 2590 973 2648 τῶν
995 2591 1165 2648 τεκτονικῶν
1194 2587 1246 2671 τὴν
1269 2587 1370 2664 αἰτίαν,
1397 2585 1461 2649 οὐθ’
1490 2586 1505 2648 6

257 2691 298 2773 μὴ
322 2689 460 2773 μουσικδς
481 2694 539 2751 τῶν
563 2694 724 2772 μουσικῶν,
755 2687 821 2752 οὔτε
848 2687 936 2758 ἀλλος
964 2711 1006 2757 τις
1035 2687 1157 2773 ἄτεχνος
1182 2688 1218 2751 τὰ
1245 2694 1297 2774 τῆς
1319 2690 1440 2776 τέχνης·
1475 2689 1506 2751 ἐν

256 2792 312 2877 γάρ
334 2796 378 2876 τῷ
401 2791 452 2861 τὰς
473 2792 565 2861 αἰτίας
586 2792 692 2856 εἰδέναι
714 2797 772 2854 τῶν
794 2791 968 2875 γιγνομένων
991 2791 1064 2855 κατὰ
1086 2790 1192 2876 τέχνην
1215 2792 1234 2874 ή
1256 2791 1356 2877 τέχνη.
1520 2809 1548 2854 ευ

714 3065 799 3151 Περὶ
822 3064 1051 3151 εἱμαρμένης.

212 3272 242 3315 25
343 3255 415 3340 Περὶ
437 3262 490 3340 τῆς
511 3256 689 3342 εἱμαρμένης
711 3255 789 3326 ἀξιον
811 3256 1035 3341 ἐπισκέψασθαι,
1061 3256 1091 3318 τί
1109 3254 1141 3318 τέ
1163 3255 1225 3318 ἐστι
1251 3257 1299 3319 καὶ
1321 3255 1352 3318 ἐν
1374 3255 1427 3318 τίνι
1449 3260 1507 3318 τῶν

256 3357 359 3421 όντων.
403 3360 437 3420 τδ
461 3360 512 3441 μὲν
534 3359 589 3444 γὰρ
611 3359 687 3422 εἶναί
705 3382 733 3421 τι
754 3359 807 3442 τὴν
830 3358 1017 3443 εἱμαρμένην,
1041 3359 1147 3426 ἱκανῶς
1168 3358 1188 3441 ή
1211 3359 1292 3441 κοινή
1315 3362 1373 3421 τῶν
1396 3359 1508 3443 ἀνθρώ·

255 3484 320 3523 πων
348 3461 512 3545 συνίστησιν
546 3461 689 3546 πρόληψις
715 3461 750 3544 (ή
775 3461 830 3546 γὰρ
857 3461 942 3547 φύσις
968 3461 1003 3524 ού
1029 3461 1112 3523 κενδν
1140 3460 1208 3523 οὐδὲ
1235 3459 1375 3546 ἄστοχον·
1411 3462 1426 3526 6
1454 3460 1508 3545 γὰρ

253 3562 450 3647 Ἀναξαγόρας
472 3564 524 3627 οὐκ
547 3564 711 3635 ἀξιόπιστος
737 3565 954 3648 ἀντιμαρτυρῶν
976 3567 1016 3647 τή
1032 3567 1115 3646 κοινή
1138 3561 1226 3647 δόέη·
1259 3562 1337 3646 λέγει
1356 3563 1410 3649 γάρ
1426 3563 1510 3634 ούτύς
1523 3580 1550 3623 ιο

256 3690 301 3749 γε,
324 3666 416 3751 μηδὲν
439 3666 512 3730 εἰναι
533 3669 586 3752 τὴν
608 3667 785 3752 εἱμαρμένην
808 3665 894 3744 όλως,
916 3664 976 3728 ἀλλ’
1004 3665 1076 3729 εἶναι
1098 3666 1180 3729 κενὸν
1202 3670 1287 3729 τοῦτο
1309 3664 1459 3750 τοῦνομα),
1482 3668 1512 3731 τί

213 3784 242 3828 υυ
255 3769 290 3832 δέ
312 3767 378 3831 πότ’
399 3768 476 3833 ἐστιν
499 3770 547 3833 καί
569 3771 599 3833 έν
621 3771 704 3846 τίσιν,
726 3768 827 3832 οὐκέθ’
847 3770 866 3852 ἡ
889 3772 948 3832 τῶν
970 3769 1136 3853 ἀνθρώπων
1158 3768 1302 3854 πρόληψις
1324 3770 1408 3852 ἱκανὴ
1423 3774 1507 3834 τούτο

256 3875 394 3955 μηνῦσαι.
438 3869 505 3934 ούτε
526 3871 581 3955 γάρ
608 3873 743 3955 ἀλλήλοις
765 3870 832 3935 οὔτε
854 3872 952 3940 αὐτοῖς
978 3873 1044 3956 περὶ
1069 3872 1154 3935 τοῦδε
1177 3875 1341 3955 συμφωνεῖν
1365 3872 1507 3936 δύνανται.

255 3975 330 4059 πρδς
351 3973 405 4057 γάρ
429 3973 496 4042 τοὺς
517 3973 633 4058 καιροὺς
659 3974 779 4044 καὶτὰς
804 3976 987 4060 περιστάσεις
1015 3974 1062 4038 καλ
1088 3975 1140 4058 τὴν
1163 3974 1228 4058 περί
1257 3979 1310 4058 τῆς
1331 3975 1510 4061 εἱμαρμένης

205 4304 214 4354 l
244 4301 338 4354 6110:
356 4300 387 4353 σύ
406 4301 446 4352 θα
563 4298 579 4350 θ
606 4296 787 4360 κατίζισθαια
907 4299 981 4369 τήνδε
999 4300 1046 4369 τήν
1063 4299 1132 4353 θέσιν
1152 4301 1203 4354 Va:
1221 4300 1268 4369 τήν
1287 4298 1354 4353 θέσιν
1373 4300 1406 4354 G:
1423 4300 1498 4370 τήνδε
1516 4302 1563 4371 τήν

201 4388 302 4458 φύσεως
320 4386 390 4441 θίσιν
408 4387 446 4440 H:
463 4384 538 4455 τήνδε
555 4391 601 4457 τῆς
619 4385 717 4457 φύσεως
734 4385 802 4440 θίσιν
820 4387 899 4441 Orelli
1006 4387 1022 4441 3
1041 4390 1084 4441 καὶ
1103 4388 1116 4442 6
1135 4390 1180 4457 μὲν
1199 4388 1294 4440 vflca:
1314 4387 1339 4440 δὲ
1358 4390 1401 4440 καὶ
1420 4387 1433 4441 6
1451 4389 1529 4442 Orelli

201 4477 218 4528 4
242 4474 366 4529 ὖππονΟ
473 4474 489 4527 5
511 4472 595 4543 τούτῳ
614 4489 665 4527 om.
684 4474 720 4528 Ca
825 4473 842 4526 8
867 4481 919 4527 τῶν
938 4474 1082 4549 ἀνθρώπων
1101 4492 1150 4528 om.
1170 4476 1247 4529 Orelli
1354 4477 1447 4528 ποιάα

206 4565 237 4617 10
255 4563 309 4616 έπιί
327 4561 407 4615 πλείω
426 4561 485 4615 VH:
504 4562 545 4614 έπί
562 4560 648 4615 πλείου
666 4561 698 4615 G:
719 4562 759 4614 έπλ
776 4562 855 4615 πλείω
875 4578 890 4615 α
998 4565 1027 4615 ll
1047 4582 1116 4622 τινας
1134 4580 1184 4617 om.
1203 4564 1282 4617 Orelli
1397 4564 1427 4616 12
1446 4567 1484 4634 τῷ
1503 4564 1564 4616 αύτό

202 4669 227 4702 τι
245 4649 334 4719 ἄματι
468 4648 536 4701 ίσται
554 4649 647 4702 Orelli:
668 4648 730 4702 εἰναι
749 4649 834 4703 ἱίΗΟα
968 4651 1000 4703 16
1028 4655 1174 4724 συγχωροῦν
1196 4650 1226 4704 δν
1250 4651 1280 4704 τό
1301 4651 1416 4724 τυχτνΟ

207 4737 238 4790 19
265 4739 309 4797 τὰς
328 4736 420 4791 om.0
552 4736 582 4788 ‘21
609 4737 814 4790 τεκτωνικῶνὶί
948 4737 982 4790 24
1003 4739 1086 4792 edidit
1108 4739 1186 4791 Orelli
1208 4741 1244 4791 ib.
1267 4755 1292 4807 p.
1309 4740 1357 4791 134
1368 4755 1406 4807 sq.

208 4879 242 4932 25
268 4879 316 4931 τίσι
334 4877 415 4931 Orelli
539 4877 572 4930 26
599 4875 661 4928 εἶναι
678 4893 706 4928 τε
725 4876 802 4931 Orelli
927 4877 960 4930 27
985 4844 1091 4932 ἀστάἰον
1110 4881 1191 4934 m'V:
1217 4879 1325 4950 ἄστοχον
1343 4880 1380 4932 H:
1406 4878 1512 4931 ἄστατον
1531 4879 1563 4931 G:

204 4965 360 5038 ἀστρατονε
461 4965 494 5017 29
513 4984 540 5035 γι
558 4966 594 5019 H:
612 4984 640 5018 τι
658 4966 720 5019 ven
819 4965 848 5018 τὸ
867 4963 945 5035 ὄνομα
965 4966 1001 5019 Ca
1100 4966 1132 5019 31
1153 4966 1237 5024 αὺτοῖς
1255 4968 1360 5035 scripsi:
1379 4965 1461 5025 αὐτοῖς
1482 4966 1565 5019 VIICa

1299 5052 1364 5117 1⁸2*
