3540 5610
202 301 261 367 152
521 300 724 355 ALEXANDRI
747 301 791 354 DE
816 301 925 355 ANIHA
948 302 1041 355 LIBRI
1064 301 1237 356 HANTISSA

253 472 315 536 θόν.
360 474 505 558 τελειότης
531 475 564 537 δὲ
585 479 636 539 τοῦ
663 475 782 557 δυνάμει
809 475 914 544 παντὸς
941 476 973 538 τό
996 476 1124 560 ἐνεργείᾳ
1152 476 1285 559 γενέσθαι
1312 473 1394 540 τοῦθ’
1424 475 1440 538 δ
1463 475 1499 561 ἡν
1516 494 1543 535 ιε

254 578 385 659 δυνάμει,
408 575 547 641 καὶέστιν
569 577 602 640 τό
626 581 702 661 ζῷον
725 577 779 641 οὐκ
800 577 829 640 ἐν
850 583 892 660 τῷ
910 577 1044 662 ἐνεργεῖν,
1067 577 1127 641 ἀλλ’
1155 579 1185 641 ἐν
1200 582 1244 664 τῳ
1268 578 1417 643 δύνασθαι.
1453 581 1502 643 καὶ

252 678 306 762 γὰρ
329 683 506 765 κοιμώμενοι
531 684 627 752 ζῶσιν.
663 679 830 764 ὀρεγόμενος
853 680 910 764 ἄρα
932 685 983 744 τοῦ
1005 681 1134 765 ἐνεργείᾳ
1156 679 1229 743 εἰναι
1250 680 1371 765 ὀρέγοιτ’
1393 681 1427 745 ἄν
1449 687 1503 766 τὴς

253 782 358 851 οἰκείας
388 784 573 868 τελειότητος.
622 784 732 866 ἀγαθὸν
761 779 786 846 δ’
814 784 929 867 ἑκάστῳ
958 788 1057 859 τοῦτο,
1088 785 1165 847 ώστε
1180 783 1298 847 ,τούτου
1328 782 1502 869 ὀρεγόμεθα.

226 884 415 951 σάκολουθεῖ
441 887 473 950 δὲ
500 890 560 954 τοῖς
586 887 745 967 τιθεμένοις
768 890 882 969 πρῶτον
908 887 1013 950 οἰκεῖον
1040 889 1073 950 τό
1095 887 1168 951 εἶναι
1190 887 1237 949 καὶ
1260 889 1312 969 ζῆν
1335 885 1398 949 κατ’
1428 885 1504 968 ἐνέρ-

252 1009 330 1069 γειαν
352 988 400 1050 καὶ
423 989 455 1051 τό
478 990 585 1072 ἡδονὴν
607 988 679 1051 εἶναι
701 987 791 1070 λέγειν
818 988 850 1050 τδ
873 994 987 1072 πρῶτον
1009 990 1113 1052 οἰκεῖον
1136 991 1185 1053 καὶ
1207 991 1239 1052 τό
1262 989 1381 1071 ἀγαθόν.
1427 986 1504 1050 ἀλλά

256 1089 358 1152 καὶτὸ
381 1089 462 1160 τέλος
486 1088 599 1176 συνᾴδει
622 1091 726 1175 τοότιρ.
772 1092 803 1153 τό
826 1092 879 1175 γὰρ
902 1092 1026 1175 ἐνεργεῖν
1048 1093 1121 1155 κατὰ
1143 1093 1191 1155 τόν
1214 1095 1279 1155 νοῦν
1301 1092 1350 1155 καὶ
1372 1092 1405 1155 τό
1428 1091 1498 1173 ἐνερ-
1513 1106 1543 1147 νυ

258 1191 320 1274 γείᾳ
343 1193 445 1276 νοητόν
469 1191 541 1255 εἶναι
564 1193 596 1256 τδ
620 1193 701 1262 τέλος
724 1194 809 1265 ἐστίν,
832 1193 847 1256 δ
872 1193 992 1276 ἡρτηται
1014 1195 1048 1257 ἐκ
1069 1200 1119 1259 τοῦ
1141 1195 1311 1258 οἰκειῶσθαι
1332 1195 1411 1278 ἡμᾶς
1434 1196 1502 1278 πρὸς

257 1294 290 1356 τό
314 1295 388 1357 κατὰ
408 1295 536 1379 δύναμιν.
571 1298 736 1365 τελειωθεὶς
759 1297 791 1360 δὲ
814 1295 1000 1379 όᾶνθρωπος
1023 1297 1052 1359 ἐν
1076 1303 1117 1384 τῷ
1139 1299 1270 1380 νοητικύς
1290 1296 1363 1361 εἶναι
1384 1298 1417 1360 τό
1433 1296 1501 1360 είνιι

218 1412 245 1456 10
259 1394 333 1481 ἔχει.
372 1400 460 1461 δεῖται
484 1399 515 1461 δὲ
537 1400 569 1463 τό
593 1399 746 1481 λεγόμενον
769 1399 974 1483 διαρθρώσεως
996 1401 1044 1463 καί
1066 1402 1224 1483 διορισμοῦ,
1247 1398 1366 1484 πότερον
1388 1400 1442 1483 γὰρ
1467 1404 1503 1468 ός

255 1501 350 1584 πάσης
372 1506 424 1584 τῆς
446 1501 504 1563 ἀπὸ
527 1506 578 1564 τοῦ
601 1507 654 1585 ζὴν
678 1502 820 1585 ἐνεργείας
842 1503 940 1586 ἡδείας
962 1500 1051 1585 οὔσης
1073 1502 1161 1571 εὐθὺς
1184 1508 1225 1587 τῷ
1249 1503 1384 1584 γενέσθαι
1407 1500 1502 1585 ὀρεγό-

256 1603 332 1686 μεθα
346 1602 437 1688 αὐτὴς
460 1606 554 1693 ἡμεῖμ,
576 1604 595 1687 ἡ
617 1603 651 1666 οὐ
667 1605 777 1687 πάσης;
800 1603 871 1673 ἴσως
885 1606 939 1689 γὰρ
962 1604 996 1668 οὐ
1012 1610 1064 1687 τὴς
1086 1605 1213 1689 ἀρίστης,
1236 1605 1309 1688 αῦτη
1324 1606 1378 1689 γὰρ
1404 1604 1500 1687 τελικὴ

255 1730 285 1768 τε
308 1706 355 1768 καί
370 1705 494 1791 ἐσχάτη.
528 1731 546 1790 η
563 1707 692 1788 λέγουσιν
715 1706 844 1789 τὴκαθό
864 1706 965 1787 ἐσμεν;
988 1707 1075 1789 ἐσμὲν
1099 1708 1131 1770 ῦὲ
1146 1706 1211 1769 τότε
1227 1707 1392 1790 αἰσθητικαί
1411 1708 1502 1791 (ὥστε

256 1813 309 1892 τὴς
323 1804 385 1872 κατ’
406 1807 521 1890 αὐτάς),
546 1809 662 1892 ὕστερον
678 1810 710 1871 δὲ
725 1809 841 1890 λογικοί.
877 1809 907 1870 ἐν
923 1811 955 1872 δὲ
970 1813 1012 1893 τιγῖ
1030 1810 1142 1893 δεκάτῳ
1165 1815 1223 1872 τῶν
1241 1809 1447 1895 Νικομαχείων
1459 1808 1502 1872 λέ·
1516 1824 1544 1866 2⁸5

217 1927 241 1971 15
255 1934 312 1993 γει·
331 1909 463 1996 (ἑκάστῳ
485 1913 505 1994 ἡ
525 1913 599 1975 κατὰ
621 1913 674 1996 τὴν
694 1912 800 1974 οἰκείαν
824 1911 880 1981 έίιν
899 1912 1077 1995 αἱρετωτάτη
1099 1911 1257 1995 ἐνέργεια’.
1291 1913 1375 1977 αὐται
1399 1915 1453 1995 μὲν
1472 1912 1502 1974 αί

255 2015 319 2098 περὶ
333 2018 385 2076 τοῦ
406 2015 522 2097 πρώτου
545 2015 651 2077 οἰκείου
669 2013 747 2083 δόξαι
764 2014 837 2077 κατὰ
853 2014 919 2083 τούς
941 2015 1066 2077 ἀπὸτοῦ
1085 2013 1259 2098 Περιπάτου.
1295 2016 1501 2101 διαρθρώσεως

256 2117 288 2179 δὲ
304 2116 526 2200 ἐπιμελεστέρας
549 2116 668 2186 ότόπος
690 2119 789 2180 δεῖται.
824 2117 886 2180 ἐπεὶ
908 2118 962 2201 γὰρ
979 2118 1071 2179 ῦιττόν
1093 2118 1125 2179 τό
1150 2116 1240 2193 τέλος,
1263 2118 1304 2186 ὥς
1323 2138 1410 2203 φησιν
1429 2115 1503 2200 ‘Apt-

256 2218 402 2303 στοτέλης,
425 2219 457 2281 τό
480 2218 532 2302 μὲν
556 2218 582 2294 ό,
605 2219 637 2282 τδ
660 2220 693 2282 δέ
713 2215 749 2304 ιγ’),
772 2220 805 2282 τό
829 2220 881 2303 μὲν
904 2220 920 2282 δ
944 2223 983 2289 ῶς
1006 2222 1025 2303 ἡ
1051 2219 1217 2302 εὐδαιμονία
1239 2221 1339 2302 (τοῦτο
1361 2222 1414 2306 γὰρ
1438 2222 1503 2283 πάν·

256 2346 312 2383 των
335 2319 459 2406 ἔσχατον
484 2323 531 2385 καί
556 2321 687 2405 μέγιστον
711 2325 767 2383 τῶν
790 2321 910 2404 ἀγαθῶν
933 2323 981 2385 καὶ
1004 2320 1140 2404 σκοπός),
1167 2324 1200 2386 τό
1223 2323 1255 2385 δέ
1277 2320 1302 2407 ᾦ
1327 2324 1396 2406 ἡμῖν
1419 2325 1503 2406 (τελι-

215 2440 242 2484 ‘20
256 2427 384 2486 κώτατυν
411 2426 465 2507 γάρ
488 2427 557 2506 ἡμῖν
585 2429 669 2487 τοῦτο
696 2425 729 2486 τὸ
752 2425 821 2507 ἡμῖν
849 2425 901 2507 τὴν
924 2425 1105 2507 εὐδαιμονίαν
1134 2424 1366 2510 περιγενέσθαι),
1393 2427 1438 2488 κά
1461 2428 1502 2493 ώς

257 2527 308 2610 μὲν
331 2528 402 2611 πρός
425 2527 460 2590 τά
483 2529 636 2611 πράγματα
659 2527 678 2610 ἡ
702 2525 869 2610 εὐδαιμονία
890 2527 972 2598 τέλος
995 2529 1042 2592 καὶ
1066 2527 1187 2604 σκοπός,
1216 2531 1256 2596 ῶς
1277 2529 1310 2590 δὲ
1332 2529 1403 2612 πρὸς
1426 2530 1544 2612 ἡμᾰςω

256 2630 342 2713 ἡμεῖς
363 2629 608 2713 εὐδαιμονοῦντες.
653 2632 747 2693 διττοῦ
770 2630 865 2693 τοίνυν
894 2636 944 2694 τοῦ
971 2631 1069 2699 τέλους
1092 2629 1189 2706 ὄντος,
1220 2633 1267 2693 δεῖ
1291 2632 1338 2694 καλ
1366 2632 1429 2716 περί
1451 2632 1503 2700 τὰς

256 2732 350 2817 ἀρχὰς
373 2732 486 2817 διῳυῖαν
509 2732 570 2795 τινὰ
591 2731 672 2808 εἶναι,
696 2733 821 2817 ἑκάστης
843 2734 939 2818 ἀρχῆς
960 2734 1033 2796 κατὰ
1054 2735 1107 2817 τὴν
1128 2732 1279 2818 συνέχειαν
1302 2738 1360 2796 τῶν
1376 2734 1501 2819 ὀρεκτῶν

257 2835 304 2897 ἐπὶ
327 2836 359 2897 τό
383 2835 489 2898 οἰκεῖον
511 2835 593 2904 τέλος
615 2835 751 2918 ἀγοόσης.
786 2833 861 2899 ἔστιν
885 2834 933 2899 οὖν
957 2837 997 2904 ῶς
1012 2859 1107 2920 ῳαμεν
1130 2837 1178 2899 καὶ
1200 2836 1233 2898 τό
1248 2840 1361 2919 πρῶτον
1386 2836 1501 2921 ὀρεκτόν

216 2955 244 2998 νυ
257 2938 405 3004 σύνθετον.
440 2939 524 3021 ἡμεῖς
546 2961 577 3000 τε
598 2938 651 3020 γάρ
674 2940 743 3021 ἡμῖν
759 2937 857 3007 αὐτοῖς
879 2939 966 3022 ἐσμεν
981 2937 1150 3001 οἰκειότατοι
1172 2939 1220 3001 καί
1237 2937 1294 3024 οὐχ
1317 2940 1415 3007 ἁπλῶς
1430 2938 1502 3022 πρὸς

256 3040 376 3108 ἑαυτούς
399 3040 587 3124 οἰκειώμεθα,
610 3041 684 3123 ἀλλά
706 3045 756 3103 τοῦ
779 3039 877 3109 αὐτοῖς
899 3043 968 3123 ἡμῖν
991 3039 1190 3124 περιγενέσθαι
1211 3040 1247 3103 τά
1270 3042 1376 3123 ἀγαθά.
1419 3037 1496 3104 τοῦτ’

258 3142 307 3207 οὐν
330 3144 362 3206 τδ
386 3147 498 3226 πρῶτον
521 3143 625 3206 οἰκεῖον
653 3143 686 3206 τό
710 3142 849 3227 ἡμέτερον
872 3142 996 3225 ἀγαθόν,
1028 3144 1074 3206 καὶ
1096 3143 1198 3205 τοῦτου
1222 3144 1395 3228 ὀρεγόμεθα.
1438 3143 1504 3206 ἐπεὶ

256 3247 289 3312 δὲ
311 3245 400 3315 εὐθύς
421 3245 591 3330 γενομένους
620 3244 759 3308 ἀδόνατον
786 3249 838 3308 τοῦ
861 3245 982 3329 άληθῶς
1009 3245 1121 3327 ἀγαθοῦ
1144 3245 1292 3331 ἀντίληψιν
1315 3245 1421 3330 ἴσχειν,
1452 3250 1504 3309 τοῦ
1517 3261 1544 3305 τε

256 3348 430 3436 φαινομένου
458 3348 570 3431 ἀγαθοῦ
600 3348 773 3432 ὀρεγόμεθα.
817 3346 989 3432 μαινόμενον
1022 3350 1055 3412 δὲ
1082 3349 1192 3432 ἀγαθὸν
1218 3349 1251 3412 τδ
1277 3349 1342 3433 ἡδό.
1387 3351 1417 3412 τό
1447 3347 1504 3433 ἀρα

215 3457 326 3539 υοὴμῖν
348 3453 405 3537 ἡδύ
428 3452 488 3514 ἐστι
513 3451 547 3513 τὸ
569 3455 682 3534 πρῶτον
705 3451 825 3527 οἰκεῖον,
853 3450 998 3514 τουτέστιν
1021 3453 1053 3515 τὸ
1076 3452 1247 3535 φαινόμενον
1270 3451 1396 3534 ἀγαθόν,
1421 3451 1503 3536 ὅπερ,

257 3558 284 3622 εἰ
305 3558 353 3621 καί
376 3560 435 3624 τοῖς
456 3554 556 3621 ἄλλοις
577 3552 721 3636 εἰρηκόσιν
748 3555 781 3615 τό
803 3559 916 3638 πρῶτον
939 3554 1044 3617 οἰκεῖον
1073 3553 1233 3618 ἀκόλουθόν
1260 3556 1320 3618 ἐστι
1342 3554 1432 3636 λέγειν
1454 3555 1503 3618 διὰ

257 3661 308 3743 τὴν
333 3659 458 3742 ἀνάγκην
485 3661 537 3740 τὴς
566 3655 679 3718 ἐκτῶν
706 3655 800 3738 λόγων
827 3657 1016 3734 ἀκολουθίας,
1044 3654 1103 3719 ἀλλ’
1135 3657 1219 3721 αὐτοί
1242 3680 1275 3739 γε
1302 3656 1336 3719 οὐ
1363 3656 1503 3727 διελόντες

255 3761 323 3824 οὐδὲ
345 3761 584 3842 διαστειλάμενοι,
606 3760 633 3820 υί
655 3759 706 3841 μὲν
729 3760 807 3843 ἡμᾶς
830 3757 941 3844 ἔφασαν
963 3758 1045 3835 εἰναι,
1068 3761 1095 3822 οἱ
1118 3760 1150 3822 δὲ
1172 3761 1205 3823 τό
1227 3764 1345 3842 πρᾶγμα
1367 3761 1400 3822 τό
1421 3759 1505 3828 ἐκτδς

256 3851 366 3946 τόἡδύ
390 3864 422 3924 τό
449 3865 563 3947 πρῶτον
586 3861 705 3937 οἰκεῖον,
734 3861 827 3930 οὐδεὶς
849 3862 881 3924 δὲ
908 3860 1003 3924 αὐτῶν
1031 3862 1147 3931 συνθεὶς
1173 3863 1205 3926 τὸ
1234 3866 1290 3925 πᾶν
1313 3861 1503 3946 ἐξειργάσατο.

215 3983 243 4027 ³5
256 3965 414 4051 ἀμφότεροι
438 3965 489 4046 μὲν
512 3960 562 4026 οῦν
585 3964 672 4045 ὑγιῶς
694 3963 835 4046 λέγουσιν,
863 3965 925 4048 ἅμα
948 3965 1078 4049 ἑκάτεροι
1100 3967 1133 4028 δέ
1155 3964 1212 4050 οὐχ
1234 3966 1330 4048 ὐγιῶς.
1375 3965 1394 4048 ἡ
1415 3965 1463 4028 καί
1487 3966 1546 4028 όιυ

259 4068 350 4152 λέγων
374 4068 489 4152 ἑκάστῳ
505 4067 610 4130 οἰκεῖον
630 4066 701 4130 εἰναι
722 4068 755 4129 τὸ
771 4068 899 4151 ἐνεργείᾳ
920 4067 1054 4131 εἶναικαὶ
1072 4072 1123 4151 ζὴν
1146 4069 1194 4131 καί
1212 4069 1265 4152 τὴν
1287 4068 1363 4131 καθδ
1386 4067 1417 4131 τό
1432 4066 1508 4131 εἰναί

201 4291 401 4364 4τελειότητος]
421 4309 433 4349 ς
451 4292 479 4344 in
498 4291 573 4343 lit.v
679 4291 862 4345 θυίκειῶσθαι
881 4293 915 4344 V:
934 4290 1087 4345 οἰκειοῦσθαι
1105 4308 1121 4345 a
1139 4292 1171 4345 cf.
1190 4292 1247 4346 Ind.
1357 4292 1388 4345 10
1406 4291 1520 4365 πότερον]
1539 4311 1632 4363 πμ·

202 4385 230 4435 in
249 4382 323 4435 lit.v
423 4378 766 4449 11(εθ151,33)ἡδίαςλί
861 4380 892 4432 13
911 4381 1033 4432 καίτεπ
1128 4379 1172 4449 τῇ]
1192 4379 1300 4431 fortasse
1319 4378 1366 4448 τὴν
1464 4379 1494 4431 14
1512 4383 1559 4449 τῆς

202 4467 261 4521 κατ’
284 4465 372 4535 αὐτὰς]
392 4467 448 4519 scil.
467 4469 512 4536 τῆς
531 4467 596 4518 κατὰ
613 4467 659 4524 τὰς
677 4464 802 4537 αἰσθήσεις
819 4466 940 4538 ἐνεργείας
958 4465 1096 4537 ὀρεγόμεθα
1115 4466 1147 4519 cf.
1169 4467 1244 4531 153‚4
1377 4466 1402 4519 ἐν
1421 4466 1446 4519 δε
1463 4470 1502 4537 τῳ·
1520 4467 1558 4520 δτ-

202 4557 274 4625 κάτῳ
292 4559 344 4607 τῶν
362 4549 556 4624 Νικομαχείων]
577 4556 622 4607 λι.
640 4554 699 4606 Εῑλ.
718 4554 775 4608 Nic.
792 4556 848 4620 10,ss
870 4554 993 4606 11761226
1121 4555 1150 4606 17
1180 4553 1216 4613 ώς
1234 4571 1309 4625 φησιν
1327 4551 1505 4626 Ἀριστοτέλης]
1526 4553 1559 4607 σί.

202 4644 233 4695 de
253 4641 357 4695 animal.
375 4656 434 4710 gen.
453 4640 495 4706 ἳ,6
515 4640 631 4707 742222,
649 4643 723 4710 phys.
741 4657 812 4695 ausc..
825 4642 867 4708 *λθ
890 4640 995 4694 194⁸35
1103 4640 1134 4693 19
1153 4641 1271 4715 ἔσχατον]
1291 4660 1319 4694 ον
1337 4643 1365 4694 in
1384 4642 1458 4696 lit.V

202 4728 236 4801 ᾦ]
255 4731 365 4783 fortasse
383 4726 405 4798 ᾦ
423 4728 480 4795 (ὡς)
581 4729 614 4781 23
632 4729 679 4799 τὴν
698 4744 784 4781 om.a
885 4728 918 4781 25
937 4746 964 4779 τε
982 4729 1042 4781 add.
1060 4729 1160 4781 mv
1267 4727 1391 4786 αὐτοῖςλί
1498 4728 1558 4803 οὐχ]

201 4819 265 4892 γὶῐι
283 4818 359 4871 lit.v
442 4816 476 4869 26
494 4815 551 4885 τοῦ]
569 4815 677 4869 sortasse
695 4815 724 4868 τό
811 4815 936 4874 αὐτοιςθ
1020 4816 1054 4869 28
1072 4814 1188 4887 ἀληθῶς]
1207 4834 1229 4867 ω
1248 4817 1275 4868 in
1293 4816 1367 4868 lit.v
1449 4816 1484 4869 32
1503 4815 1556 4868 ἀλλ’

201 4905 273 4957 αὐτοί
290 4924 317 4976 γε
335 4921 363 4958 a:
381 4903 445 4959 ἀλλὰ
461 4904 528 4977 τοίγε
547 4904 569 4958 V
675 4902 708 4957 33
727 4904 750 4956 οἰ
768 4904 813 4975 μὲν
830 4905 866 4956 V:
885 4904 944 4974 ἡμῖν
962 4920 978 4956 a
1083 4902 1116 4957 36
1136 4904 1179 4954 καί
1197 4904 1242 4972 ζῆν
1260 4901 1295 4953 V:
1315 4904 1359 4973 ζῇν
1378 4920 1394 4955 ιι
