3540 5610
687 316 888 369 ALEXANDRI
909 316 952 369 DE
970 317 1079 370 Ahlhh
1542 317 1560 379 9

260 489 415 581 δυνηίμεσιν
443 490 577 549 πλεῖστον
607 486 674 550 ὅσον
704 488 840 571 διαφέρει.
886 488 920 550 τὰ
945 488 996 572 μέν
1023 511 1054 569 γε
1078 493 1146 571 μιᾶς
1176 491 1223 551 καὶ
1250 489 1344 572 ἁπλῆς
1368 489 1509 571 κινήσεως

261 590 357 674 ἀρχὴν
381 589 410 651 ἐν
433 590 532 658 αὑτοῖς
554 587 626 675 ἔχει,
650 589 758 653 τούτων
781 591 814 654 δέ
830 591 950 654 ἕκαστον
973 591 1003 653 ἐν
1026 592 1108 675 αύτιγῖ
1132 593 1179 654 καὶ
1202 596 1252 655 τοῦ
1275 591 1507 676 τρέφεσθαιτὴν

260 691 357 776 ἀρχὴν
382 690 447 776 ἔχει
469 693 516 755 καὶ
539 698 591 776 τῆς
613 693 661 756 ἐπὶ
684 695 779 763 πείσας
800 694 851 761 τὰς
870 695 1032 763 διαστάσεις
1053 693 1127 757 κατὰ
1148 695 1199 778 τὴν
1215 692 1333 779 αὔξησιν
1356 696 1506 776 κινήσεως.

262 792 327 879 ἔχει
349 794 382 857 δέ
404 794 522 877 δύναμιν
544 796 592 858 καὶ
619 799 670 858 τού
692 800 793 878 γεννᾶν
822 795 943 859 ἕκαστον
966 796 1062 860 αὐτῶν
1090 796 1189 881 ὅμοιον
1212 797 1303 882 αύτῷ.
1348 794 1454 881 ἔχοντα
1477 796 1508 858 δέ
1522 811 1550 853 συ

229 895 296 958 5τά
320 897 395 980 φυτὰ
417 897 499 960 κοινὰ
521 899 614 960 πάντα
635 903 724 961 ταῦτα
747 900 880 962 πλεῖστον
907 897 975 962 ὅσον
998 900 1134 982 ἀλλήλων
1156 900 1241 962 πάλιν
1264 897 1327 961 κατ’
1354 898 1429 966 εἶδος
1452 900 1509 960 δια-

260 996 342 1084 φέρει
365 1005 408 1084 τῷ
432 1000 484 1083 τὴν
507 1000 577 1084 ύλην
603 1023 634 1062 τε
656 1001 704 1062 καί
727 1000 778 1083 τὴν
800 1006 852 1084 τῆς
880 1002 950 1086 ύλης
971 1006 1023 1084 τῆς
1046 1001 1359 1085 ύποκειμένηςαύτοῖς
1383 1000 1455 1083 μῖξίν
1477 1024 1509 1062 τε

259 1101 309 1163 καὶ
330 1106 430 1185 κρᾶσιν
457 1101 530 1165 εἶναι
552 1103 734 1187 διαφέροντα.
779 1104 815 1165 τοί
837 1127 867 1166 τε
895 1105 948 1188 γὰρ
971 1104 1073 1188 δένδρα
1100 1105 1234 1188 ἀλλήλων
1261 1107 1393 1167 πλεῖστον
1416 1100 1509 1186 κε’χώ·

260 1216 354 1287 ρισται
375 1206 424 1267 καὶ
447 1205 519 1268 πολθ
544 1206 631 1268 πλέον
654 1202 696 1267 ἔτι
710 1210 768 1267 τῶν
793 1204 797 1287 1
821 1207 957 1291 λαγάνων
981 1209 1027 1270 καὶ
1051 1206 1146 1270 αὐτῶν
1169 1212 1268 1291 φυτῶν
1290 1230 1321 1269 τε
1341 1207 1389 1269 καὶ
1411 1226 1489 1290 φυσι-
1510 1220 1561 1265 λιιι

259 1312 319 1369 κῶν
342 1308 391 1370 καὶ
414 1308 562 1371 συνθέτων
586 1305 675 1370 ὄντων
696 1309 850 1391 σωμάτων.
885 1309 959 1372 ἀλλὰ
983 1310 1029 1372 καὶ
1053 1310 1161 1372 τούτων
1184 1309 1280 1372 αὐτῶν
1303 1310 1374 1393 πρὸς
1397 1308 1510 1392 ἄλληλα

220 1425 249 1468 ιυ
262 1411 346 1472 πολιν
370 1410 506 1493 πλείστην
534 1411 649 1493 δρῶμεν
676 1407 764 1472 οὖσαν
787 1411 942 1495 διαφοράν,
969 1412 1004 1495 ἧς
1027 1412 1080 1475 οὐκ
1102 1411 1176 1496 ἄλλη
1204 1434 1244 1480 τις
1266 1411 1342 1474 αἰτία
1368 1416 1420 1495 τῆς
1442 1436 1508 1496 προ-

259 1512 422 1596 ειρημένης.
473 1513 520 1575 καὶ
547 1510 609 1575 ἔστι
642 1514 675 1575 τὸ
704 1516 831 1575 τοιοῦτον
858 1513 933 1583 είόος
965 1513 1023 1598 ἤδη
1051 1515 1099 1576 καὶ
1126 1515 1145 1596 4,
1173 1514 1290 1597 τοιαύτη
1317 1514 1461 1596 τελειότης
1488 1515 1507 1597 4,

258 1619 360 1700 πρώτη
383 1615 503 1698 δύναμις
524 1620 632 1700 ψυχῆς.
676 1616 701 1678 εἰ
723 1615 778 1699 γὰρ
800 1620 856 1678 πᾶν
879 1616 911 1678 τὸ
936 1621 993 1688 ζῶν
1021 1621 1059 1699 ζῇ
1083 1616 1156 1679 κατὰ
1179 1619 1291 1701 ψυχήν,
1319 1617 1354 1679 τὰ
1377 1617 1409 1679 δέ
1431 1616 1509 1701 φυτὰ

258 1723 310 1802 ζῇ,
331 1718 406 1801 εἴγε
427 1723 478 1802 ζῆν
495 1718 555 1782 ἐστι
570 1719 603 1781 τδ
626 1714 663 1780 δι’
684 1718 774 1780 αὑτοῦ
796 1718 954 1803 τρέφεσθαι
976 1720 1025 1781 καὶ
1040 1717 1189 1789 αὔξεσθαι,
1210 1719 1246 1781 τὰ
1261 1719 1337 1802 φυτὰ
1360 1718 1394 1782 ἂν
1409 1719 1508 1804 ψυχὴν

259 1819 335 1906 ἔχοι,
357 1822 406 1885 καὶ
428 1821 474 1905 εἴη
499 1819 532 1884 ἂν
556 1823 637 1905 ψυχὴ
661 1821 692 1883 τὸ
716 1820 792 1890 εἶδος
814 1821 921 1885 αὐτῶν.
958 1823 1057 1905 ὥσπερ
1080 1822 1112 1885 δέ
1135 1822 1182 1884 ἐπὶ
1205 1826 1262 1884 τῶν
1286 1824 1386 1885 ἁπλῶν
1411 1824 1508 1905 σωμά-
1536 1838 1550 1879 ε

216 1940 245 1984 15
258 1949 315 1987 των
343 1926 374 1987 τὸ
398 1923 474 1993 εἶδος
499 1924 533 1987 ού
556 1923 630 1986 κατὰ
656 1925 707 2006 τὴν
731 1923 874 2006 ἐνέργειαν
904 1926 955 2008 τὴν
979 1925 1037 1987 ἀπὸ
1065 1929 1117 2008 τῆς
1140 1925 1293 2006 δυνάμεώς
1316 1925 1407 2001 ἐστιν,
1436 1925 1510 1988 α’λλᾰ

258 2028 333 2091 κατὰ
355 2028 407 2110 τὴν
431 2026 558 2110 δύναμιν,
581 2024 632 2111 ἀφ’
660 2025 695 2109 ἧς
718 2027 737 2108 4,
760 2024 888 2111 ἐνέργεια
909 2026 958 2109 (ού
980 2028 1035 2111 γὰρ
1058 2026 1090 2088 τὸ
1113 2028 1192 2089 καίτω
1215 2025 1356 2110 φέρεσθαι
1381 2033 1434 2110 τῆς
1454 2033 1508 2111 γῆς

258 2129 296 2214 ἦν
318 2132 337 2212 4,
360 2129 455 2213 φύσις,
478 2129 513 2213 ἦν
535 2130 590 2212 γὰρ
613 2127 697 2191 οὐδὲν
720 2127 805 2211 ἦττον
828 2135 865 2214 γῆ
889 2132 936 2193 καλ
960 2130 1096 2213 μένουσα,
1119 2129 1180 2191 ἀλλ’
1205 2131 1223 2212 4,
1248 2128 1376 2213 δύναμις,
1398 2128 1449 2214 ἀφ’
1474 2130 1510 2213 ᾖς

260 2232 338 2315 αύτγ]
355 2234 388 2295 τὸ
403 2234 483 2295 κοίτω
499 2231 651 2316 φέρεσθαι,
675 2232 745 2316 ὅπερ
767 2233 929 2316 ηβαρύτης
952 2231 998 2316 ἦν,
1021 2235 1068 2296 καὶ
1091 2230 1167 2295 ἔστιν
1191 2232 1326 2315 ἑκάτερον
1350 2232 1401 2314 μέν
1423 2235 1509 2295 τελει-

259 2333 339 2417 ύτης,
363 2336 382 2418 ἥ
398 2359 429 2397 τε
445 2335 580 2420 βαρύτης,
600 2333 673 2416 εἴγε
687 2333 772 2409 εἶδος,
795 2336 815 2418 ἧ
831 2357 862 2396 τε
878 2335 950 2397 κατὰ
966 2335 1070 2417 ταύτην
1086 2334 1223 2418 ἐνέργεια,
1247 2334 1319 2416 εἴγε
1334 2334 1509 2418 τελειύτητές

214 2455 243 2499 ἐυ
257 2462 289 2501 τε
312 2443 369 2501 τών
393 2436 481 2506 έΕεών
508 2459 539 2498 τε
562 2437 610 2498 καὶ
632 2438 783 2521 δυνάμεων
811 2439 840 2500 αἱ
863 2435 914 2499 ἀπ’
942 2437 1037 2500 αὐτῶν
1060 2437 1212 2520 ἐνέργειαι,
1246 2440 1347 2521 πρώτη
1371 2437 1468 2520 μέντοι
1489 2441 1550 2523 ιἠἰυ

257 2541 333 2606 κατὰ
355 2542 404 2604 τὸν
427 2538 531 2625 χρόνον
552 2530 808 2625 προύφισταμένη,
822 2540 851 2602 ἐν
874 2540 916 2609 οἷς
939 2539 1030 2625 ἄμφω
1049 2541 1164 2622 γίνεται,
1188 2542 1206 2623 4,
1229 2539 1303 2603 κατὰ
1325 2541 1377 2623 την
1399 2540 1455 2610 ἕξιν
1477 2565 1509 2604 τε

258 2646 308 2708 καὶ
330 2645 383 2727 τὴν
407 2644 527 2724 δύναμιν
550 2644 696 2727 τελειότης
717 2648 770 2726 τῆς
791 2642 854 2706 κατ’
881 2641 972 2725 αὐτὴν
995 2643 1167 2726 ἐνεργείας),
1190 2643 1282 2710 ούτως
1304 2640 1368 2727 ἔχει
1392 2645 1439 2706 καὶ
1461 2644 1509 2707 ἐπὶ

256 2754 319 2811 τών
344 2746 489 2811 συνθέτων
514 2746 671 2826 σωμάτων.
716 2746 742 2808 εί
764 2747 801 2830 δὴ
824 2745 881 2831 υύχ
907 2747 937 2808 αἱ
964 2746 1022 2808 ἀπὸ
1049 2751 1106 2808 τῶν
1135 2748 1286 2829 δυνάμεων
1314 2746 1451 2828 ἐνέργειαι
1471 2747 1509 2809 τὰ

257 2850 334 2922 εἴδτ,
358 2849 418 2912 ἀλλ’
440 2850 470 2912 αἱ
493 2849 637 2931 δυνάμεις,
660 2849 690 2910 αἳ
712 2848 759 2911 διὰ
781 2850 814 2912 τὸ
836 2848 1069 2933 προϋφίστασθαι
1091 2853 1147 2911 τῶν
1170 2847 1220 2911 ἀπ’
1241 2848 1337 2912 αὐτῶν
1360 2850 1508 2934 ἐνεργειῶν

221 2969 248 3014 25
263 2953 380 3037 πρῶταί
399 2974 431 3014 τε
445 2952 494 3014 καὶ
516 2951 571 3034 πρὸ
588 2951 705 3013 ἐκείνων
728 2951 808 3026 είσίν,
831 2947 927 3034 εἴη’ἂν
950 2952 997 3014 κοιλ
1013 2956 1070 3014 τών
1093 2958 1193 3035 φυτῶν
1209 2950 1286 3020 εἶδός
1308 2953 1401 3014 τεκαὶ
1424 2953 1506 3037 ψυχὴ

258 3058 405 3140 ἡπρώτη
426 3053 581 3135 τελειότης.
626 3053 735 3116 τούτων
757 3055 849 3118 τοίνυν
873 3054 1115 3138 ὁμολογουμένων
1143 3078 1174 3116 τε
1200 3056 1247 3117 καλ
1270 3054 1425 3138 κειμένων,
1455 3054 1508 3118 ούκ

200 3188 292 3195 ——-
301 3184 519 3193 ..---——-.-..
532 3183 604 3189 -..-

203 3246 219 3297 ’λ
247 3242 412 3316 κεχώρισται]
433 3242 624 3294 unterscheidet
642 3243 697 3294 sich
822 3243 837 3295 9
864 3243 962 3296 τούτων
981 3241 1076 3312 αὐτῶν]
1096 3244 1161 3296 auch
1182 3244 1223 3296 die
1243 3244 1353 3295 Kre'euter
1372 3243 1451 3296 selbst

205 3333 305 3386 16-17
335 3330 365 3382 ού
384 3328 557 3400 γὰρ-φύσις]
582 3329 650 3382 donn
668 3347 695 3382 es
713 3332 757 3383 ist
776 3331 849 3383 nicht
872 3331 912 3382 die
932 3330 1012 3383 Natur
1036 3331 1080 3383 der
1098 3330 1165 3383 Erde
1188 3329 1225 3398 [p.
1244 3331 1289 3384 des
1306 3329 1420 3398 Steines]
1445 3330 1505 3381 dass
1523 3329 1561 3380 sie

202 3422 258 3473 eieh
278 3420 345 3473 nach
364 3425 447 3470 unten
467 3419 549 3487 beuge
686 3417 796 3470 17-18
823 3416 1023 3489 ἀλλ-βαρύτης
1042 3417 1085 3489 ἠν]
1109 3420 1222 3472 sondern
1246 3419 1288 3472 die
1305 3417 1382 3470 Kreft
1461 3418 1496 3469 ist
1518 3416 1560 3468 die

182 3506 319 3561 'Schwere
432 3507 463 3559 19
491 3505 556 3575 ἥτε
574 3504 692 3575 βαρύτης]
711 3507 753 3558 ich
773 3507 856 3558 meine
875 3506 917 3558 die
935 3505 1051 3558 Schwere
1162 3505 1266 3559 20-22
1293 3502 1560 3575 πρώτη-ἐνεργείας]

202 3612 253 3647 nur
272 3595 332 3646 dass
351 3593 393 3646 die
413 3594 591 3661 vellendung,
611 3594 705 3646 welche
724 3594 752 3646 in
770 3594 928 3662 Erwerhung
946 3594 1000 3645 und
1019 3594 1106 3659 Kreft,
1125 3594 1169 3646 der
1189 3594 1246 3646 Zeit
1264 3594 1330 3646 nach
1350 3592 1392 3644 die
1409 3595 1484 3655 erste,
1504 3591 1558 3643 und

202 3685 242 3735 ihr
258 3681 472 3735 Vorhendensein
490 3697 524 3733 en
543 3682 593 3733 den
607 3681 720 3749 Dingen,
739 3683 766 3732 in
785 3681 897 3734 welchen
916 3682 992 3734 beide
1011 3681 1143 3734 Zusthnde
1162 3681 1279 3750 zugleich
1299 3679 1460 3748 [vorhenden
1480 3677 1561 3747 sind]‚

203 3771 346 3838 vorengeht
370 3770 415 3821 der
437 3767 618 3835 Vellendung‚
640 3768 735 3821 welche
757 3769 786 3820 in
810 3771 870 3819 actu
893 3767 972 3820 durch
997 3769 1038 3820 die
1063 3767 1220 3837 Erwerbung
1242 3767 1296 3820 und
1320 3767 1361 3819 die
1380 3767 1455 3819 Kreft

203 3856 307 3909 ’λθ-26
336 3853 418 3913 οὕτως
436 3854 488 3924 ἔχει
500 3853 671 3924 κτελειότης]
694 3857 790 3908 ebenso
810 3856 844 3907 ist
862 3855 904 3907 die
922 3855 998 3907 δοιώ
1021 3857 1049 3907 in
1073 3857 1123 3908 den
1142 3859 1424 3923 zusammengesetzten
1442 3854 1560 3921 Κότρειιι

203 3946 277 3997 nicht
295 3943 338 3996 die
358 3944 530 4010 Wirhungeu‚
549 3942 642 3995 welche
661 3957 712 3994 νυιι
731 3942 781 3994 den
799 3942 907 3995 Krhften
928 3940 1085 4011 [hommen];
1110 3942 1222 3995 sondem
1240 3942 1282 3995 die
1300 3939 1389 3994 Krhfte
1408 3941 1560 4009 gleichfalls‚

204 4032 260 4085 weil
279 4032 334 4084 ihre
354 4031 477 4083 Existenz
505 4030 550 4082 der
574 4030 617 4081 der
636 4029 800 4097 Wirhungen
823 4031 978 4098 vorangeht,
1006 4030 1099 4082 welche
1126 4046 1177 4083 von
1200 4030 1280 4083 ihnen
1303 4029 1472 4094 entstanden‚
1500 4029 1559 4081 sind

203 4124 284 4184 erste,
308 4118 397 4171 diesen
417 4117 479 4184 [den
499 4116 675 4185 Wirkungen]
694 4116 905 4185 vorengehende;
935 4116 1013 4169 daher
1028 4117 1067 4191 ,ist
1085 4117 1126 4170 die
1141 4117 1217 4170 Ferm
1242 4118 1286 4170 der
1304 4115 1409 4169 Phanze
1432 4117 1486 4168 und
1505 4117 1560 4170 ihre

202 4207 275 4260 Seele
295 4205 440 4273 gleiehfahls
459 4205 500 4257 die
519 4210 585 4257 erste
604 4204 778 4273 Vellendung.

202 4380 218 4432 2
237 4380 263 4432 ἐν
281 4378 366 4436 αὺτοῖς
385 4379 489 4445 scripsi:
509 4378 535 4429 ἐν
554 4376 638 4435 αὺτοῖς
657 4379 690 4430 V:
710 4379 736 4430 ἐν
755 4377 838 4435 αὺτοῖς
856 4393 906 4430 om.
925 4394 941 4429 a
1028 4375 1098 4446 αύτῷ
1117 4378 1221 4445 scripsi:
1241 4377 1311 4447 αύτῷ
1329 4379 1370 4431 Va
1456 4379 1472 4431 4
1491 4377 1517 4431 δε
1536 4380 1558 4430 V

202 4471 323 4537 γεννᾷνε
425 4464 494 4534 αύτῷ
514 4465 619 4534 scripsi:
639 4464 708 4535 αύτῷ
730 4467 766 4517 Va
868 4457 980 4517 θταθτα
999 4465 1114 4517 πάνταε
1216 4466 1338 4534 ίκροίσιν
1356 4467 1378 4516 V
1399 4470 1427 4517 ut
1447 4465 1512 4518 solet

205 4557 233 4607 ll
254 4556 283 4606 τὸ
296 4556 442 4605 τοιοῦοῦτον
460 4552 623 4622 diphthongo
642 4554 669 4604 iu
683 4554 760 4606 initio
774 4569 862 4619 versus
879 4553 998 4621 repetite,
1016 4551 1045 4605 τὸ
1058 4557 1105 4605 ete
1124 4552 1191 4604 infra
1209 4553 1304 4605 lineam
1325 4554 1358 4605 V:
1376 4551 1406 4605 τὸ
1426 4557 1525 4605 τοιοῦτο
1544 4570 1560 4605 ε
1613 4594 1616 4599 .

204 4644 236 4696 13
253 4642 332 4694 αὑτοῦ
351 4639 553 4708 εστίμυίιαθτοῡ
573 4641 614 4692 Va
692 4641 831 4695 lh'dneV
916 4638 947 4692 18
965 4638 1029 4710 αὐτῇ
1049 4655 1076 4691 αι
1097 4640 1201 4708 αυτηλΙ
1272 4640 1406 4693 τόσων
1487 4638 1559 4710 ὅπερ]

202 4730 232 4782 ef.
251 4728 313 4802 ὅπερ
332 4729 399 4781 ἐστὶν
417 4726 433 4795 4,
453 4726 580 4797 κουφότης
600 4727 704 4781 126v31
732 4725 791 4798 ὅπερ
810 4727 842 4798 ἠν
860 4727 876 4796 4,
896 4726 1001 4799 ἁρμονία
1023 4727 1129 4779 147v14
1148 4731 1173 4779 et
1191 4743 1277 4796 saepe.
1383 4726 1414 4798 ἦν
1433 4728 1559 4780 ἔστινκαὶ

201 4817 265 4870 ἐστιν
285 4835 302 4870 a
374 4815 409 4867 ⁶20
428 4813 536 4866 fortasse
551 4814 636 4882 μέντοι
650 4815 692 4866 καὶ
707 4815 773 4867 κατὰ
791 4815 823 4867 ef.
836 4832 860 4865 v.
871 4815 903 4866 25
922 4813 1021 4884 πρῶταί
1033 4832 1060 4866 τι
1072 4815 1115 4867 καλ
1128 4814 1175 4886 πρὸ
1188 4813 1293 4866 ἐκείνων
1364 4814 1397 4865 22
1416 4815 1462 4885 τὴν
1476 4830 1527 4869 0111.
1543 4832 1559 4867 a

202 4905 234 4957 23
252 4905 314 4958 δὶα
387 4903 421 4957 24
440 4900 467 4952 αἲ
482 4902 587 4969 scripsi:
607 4902 632 4952 αἰ
652 4903 690 4953 Va
761 4902 794 4953 ’δύ
813 4899 851 4972 εἴη
866 4900 896 4952 ἂν
915 4917 943 4954 σε
963 4887 1066 4954 εἴύνλί
1139 4901 1172 4953 26
1191 4899 1411 4971 ὁμολογουμένων]
1432 4903 1558 4955 νίιλυλυύ.
