3540 5610
650 326 706 396 [οε
731 323 840 380 Ανιιιι
863 320 964 379 ιινειι
983 321 1109 395 ALTER]
1498 322 1556 387 157

253 503 301 566 ἀεὶ
324 506 468 574 καταζιῖιν.
513 499 555 564 ἔτι
577 505 635 562 τῶν
658 501 710 582 μὲν
732 499 979 581 συναγελάζεσθαι
1002 495 1087 583 ζῴων
1111 497 1284 582 πεφυκότων
1307 496 1398 560 καίτοι
1419 495 1504 580 φύσει
1519 512 1545 553 οι

253 602 332 666 τοῦτ’
361 604 491 689 ἐχόντων
512 599 575 686 (ἐφ’
605 603 696 687 δγάρ
720 603 890 688 ἐκφύσεως
915 604 991 685 ὑρμᾷ
1014 625 1050 677 τι,
1074 603 1148 684 μήτε
1170 601 1203 663 ἐκ
1227 602 1410 670 διδασκαλίας
1432 602 1505 684 μήτε

253 707 285 775 ἐξ
307 705 396 774 ἔθους
418 708 493 789 μήτε
514 702 562 766 ὑπ’
591 706 718 789 ἀνάγκης
740 705 890 788 ἀγόμενον,
917 702 998 767 τοῦθ’
1027 704 1166 788 ὑπάρχειν
1189 703 1270 789 αὐτῷ
1293 727 1387 788 φαμεν
1410 705 1504 788 φύσει,

252 811 333 872 οὑτω
356 810 389 872 δὲ
411 807 446 870 τά
463 806 711 889 συναγελαζόμενα
735 811 799 893 ζῷα
822 810 854 871 τὸ
878 807 928 872 σὺν
949 808 1085 891 ἀλλήλοις
1109 805 1180 868 εἷναι
1202 805 1265 892 ἔχει
1287 806 1359 869 κατά
1381 808 1504 891 φυσικήν

224 912 379 996 σόρμήν),
403 910 463 974 ἀλλ’
492 909 586 992 ὅμως,
609 910 717 973 τούτων
741 911 834 973 καίτοι
856 908 1026 995 πεφυκότων
1049 907 1155 978 οὑτως.
1179 907 1240 973 ἔστι
1262 934 1317 973 που
1340 912 1504 995 χωρίσαντα

253 1015 287 1078 έν
307 1038 335 1077 τι
357 1020 409 1098 τῆς
433 1015 484 1078 σὺν
507 1020 566 1082 τοῖς
588 1012 686 1082 ἀλλοις
709 1014 874 1097 ἀνατροφῆς
896 1011 1065 1096 ἀνατρέφειν
1089 1011 1157 1077 καθ’
1180 1012 1260 1085 αὑτό,
1283 1014 1331 1076 καὶ
1355 1013 1504 1096 διήρκεσέν

254 1141 317 1180 τινα
340 1117 387 1180 ἐπὶ
403 1120 538 1179 πλεῖστον
562 1121 619 1180 τῶν
642 1118 780 1201 ἀλλήλοις
800 1116 1044 1196 συναγελάζεσθαι
1067 1114 1238 1198 πεφυκότων
1254 1115 1431 1199 ἐστερημένα
1453 1121 1505 1199 τῆς
1519 1133 1545 1174 ιο

252 1220 371 1283 ἐκείνων
394 1221 553 1288 κοινωνίας.
598 1219 753 1304 ἅνθρωπος
779 1219 811 1280 δὲ
834 1217 927 1284 οὐδεὶς
955 1215 988 1278 ἀν
1015 1217 1083 1279 οὐδὲ
1106 1217 1252 1301 διαρκέσαι
1279 1220 1370 1303 χωρὶς
1393 1219 1504 1302 ἀνθρώ-

251 1345 318 1384 πων
348 1321 446 1385 ἀλλων
473 1322 634 1405 γενόμενος.
684 1327 804 1404 σημεῖον
833 1321 864 1382 δὲ
893 1320 1023 1401 μέγιστον
1052 1324 1102 1382 τοὺ
1129 1320 1213 1404 φύσει
1240 1323 1405 1385 κοινιυνικδν
1432 1321 1504 1383 εἶναι

214 1440 240 1482 1⁰
254 1426 305 1488 τδν
328 1424 499 1508 ἄνθρωπον,
526 1427 572 1488 καὶ
596 1425 670 1489 πολὺ
694 1424 780 1488 πλέον
805 1428 862 1485 τῶν
885 1421 982 1485 ἀλλων
1006 1420 1091 1508 ζῴων
1115 1424 1262 1501 ἁπάντων,
1292 1425 1324 1486 τδ
1347 1425 1395 1486 καὶ
1418 1423 1504 1505 μόνον

253 1529 369 1609 λογικὸν
392 1527 465 1590 εἶναι
487 1529 535 1591 καὶ
551 1529 681 1613 χρῆσθαι
705 1523 791 1611 μόνον
814 1525 954 1588 δύνασθαι
976 1525 1065 1609 λόγῳ,
1088 1525 1136 1588 τδν
1159 1526 1191 1588 δὲ
1211 1523 1296 1607 λόγον
1319 1527 1390 1609 πρὸς
1412 1526 1502 1610 μόνην

252 1631 307 1714 τὴν
336 1631 457 1714 μήνυσιν
484 1635 541 1693 τῶν
568 1632 681 1695 οἰκείων
710 1630 863 1713 νοημάτων
892 1651 923 1690 τε
949 1629 997 1690 καί
1026 1628 1180 1710 θεαμάτων
1208 1634 1266 1697 τοῖς
1294 1633 1425 1692 συνοῦσιν
1453 1631 1504 1711 τήν

252 1733 402 1817 ἀναφορὰν
430 1731 519 1817 ἔχειν.
564 1732 612 1796 ὑτε
638 1737 706 1815 γοὺν
734 1732 835 1814 μηδείς
862 1731 931 1812 ἡμῖν
959 1732 1107 1813 πάρεστιν,
1135 1731 1153 1813 ή
1183 1732 1223 1814 μή
1250 1730 1421 1816 βουλόμεθα
1448 1736 1504 1795 τῶν

252 1836 404 1920 παρόντων
427 1836 479 1897 τινὶ
503 1841 627 1918 μηνῦσαι
649 1859 675 1898 τι
695 1839 752 1897 τῶν
769 1832 919 1916 ήμετέρων
942 1830 1121 1916 (νοημάτων)
1143 1857 1162 1914 η
1180 1835 1284 1916 μαθεῖν
1299 1859 1325 1897 τι
1345 1834 1413 1919 παρ’
1435 1836 1504 1898 ἐκεί·
1604 1852 1632 1905 ἢ
1657 1853 1661 1859 ·

211 1956 239 1999 15
252 1963 319 2013 νου,
338 1940 392 2023 τὴν
415 1939 538 2023 ἡσυχίαν
561 1936 669 2023 ἔχομεν
693 1936 863 2021 ἀρκούμενοι
887 1941 929 2020 τῷ
947 1938 1123 1998 διανοεῖσθαι
1146 1935 1236 2022 μόνῳ,
1277 1940 1362 2015 ὥστε,
1387 1940 1412 2001 εί
1435 1938 1504 2022 πρός
1518 1955 1545 1997 ιε

253 2068 280 2106 τι
303 2042 398 2126 τούτιρ
421 2042 566 2127 χρώμεθα
589 2040 675 2123 μόνον
699 2044 741 2125 to}
766 2037 915 2122 δεδομένῳ
938 2039 1016 2123 παρὰ
1037 2045 1089 2123 τῆς
1111 2038 1227 2123 φύσεως
1250 2041 1318 2122 ήμῖν
1341 2040 1430 2126 λόγῳ,
1454 2066 1505 2125 μη-

254 2147 303 2209 δὲν
327 2146 360 2208 δὲ
382 2148 401 2227 ή
425 2145 509 2230 φύσις
536 2147 629 2227 μάτην
652 2148 730 2205 ποιεῖ
754 2166 784 2203 τε
806 2143 853 2204 καὶ
877 2142 1007 2217 δίδωσιν,
1036 2144 1076 2210 ιὺς
1103 2137 1278 2210 κοινωνικαῖς
1306 2141 1340 2205 ἂν
1366 2144 1436 2225 ἡμῖν
1458 2143 1504 2226 εἴη

252 2249 302 2311 τδν
325 2247 410 2330 λόγον
434 2249 588 2310 δεδωκυῖα.
633 2243 675 2308 ἔτι
698 2245 745 2307 καὶ
773 2244 801 2312 ἐξ
823 2243 912 2306 αὑτοῦ
943 2248 994 2307 τού
1023 2243 1103 2307 θέσει
1126 2244 1216 2327 λέγειν
1248 2246 1280 2307 τδ
1304 2246 1410 2308 δίκαιἰον
1433 2245 1504 2308 εἶναι

254 2349 422 2435 μαρτυροῖτ’
452 2349 485 2412 ἂν
507 2350 548 2411 ’τὸ
574 2348 660 2433 φύσει
686 2347 851 2410 κοινωνικόν
878 2345 950 2408 εἶναι
976 2348 1025 2409 τὸν
1052 2346 1216 2431 ἄνθρωπον.
1262 2348 1287 2410 εἰ
1313 2348 1367 2431 γάρ
1393 2347 1506 2411 δέονται

210 2470 241 2513 νυ
256 2454 309 2538 μὲν
332 2457 383 2516 τοὺ
406 2453 516 2516 δικαίου
545 2453 593 2514 καὶ
620 2456 672 2534 τῆς
695 2451 843 2534 συνθήκης
870 2439 976 2533 ταύτης
998 2456 1127 2534 φυσικῶς
1155 2452 1258 2518 πάντες
1281 2448 1429 2533 ἅνθρωποι
1456 2450 1505 2534 (ού

253 2556 309 2640 γὰρ
333 2557 359 2618 οἱ
382 2555 445 2639 μέν,
468 2555 495 2617 οἱ
517 2555 550 2617 δὲ
571 2551 634 2635 ού),
666 2556 751 2615 τοῦτο
773 2552 806 2614 δὲ
827 2553 868 2619 ὡς
890 2557 942 2635 τῆς
964 2554 1111 2622 κοινωνίας
1140 2552 1171 2616 δν
1195 2553 1335 2616 σωστικδν
1358 2556 1506 2637 παραλαμ-

254 2660 406 2743 βάνουσιν,
436 2656 482 2741 εἴη
507 2655 541 2720 ἂν
569 2660 655 2719 πᾶσιν
685 2654 851 2739 ἀνθρώποις
878 2655 910 2717 τδ
933 2655 1097 2718 κοινωνικόν
1126 2656 1257 2740 ὑπάρχον
1283 2655 1376 2739 φύσει.
1421 2655 1547 2740 φύσεισο

255 2762 288 2824 δὲ
312 2758 402 2844 οὑσης
424 2764 477 2844 τής
499 2759 649 2826 κοινωνίας
670 2758 781 2840 ἀνάγκη
804 2757 852 2819 καί
875 2757 907 2819 τδ
930 2757 1038 2821 δίκαιον
1061 2758 1157 2827 αὐτοῖς
1180 2759 1320 2843 ὑπάρχειν
1342 2758 1436 2843 φύσει.
1472 2760 1505 2822 ού

255 2863 312 2946 γὰρ
335 2862 396 2926 οἷόν
419 2885 451 2925 τε
473 2860 566 2944 λέγειν
594 2862 626 2923 τδ
649 2860 762 2923 δεῖσθαι
788 2859 913 2933 δικαίου,
942 2860 1044 2943 μηκέτι
1071 2861 1103 2924 δὲ
1124 2860 1197 2923 εἶναι
1224 2862 1257 2923 τδ
1280 2861 1387 2924 δίκαιον
1410 2862 1504 2944 φύσει.

214 2981 245 3026 ’35
261 2965 295 3028 οὑ
319 2965 374 3048 γὰρ
396 2966 488 3050 χωρὶς
510 2964 649 3027 ἀδύνατον
672 2960 745 3040 εἶναί
766 2985 791 3024 τι
815 2967 871 3024 τῶν
895 2961 1083 3047 ὑπαρχόντων
1106 2966 1191 3046 ήμῖν,
1220 2966 1330 3048 ἀνάγκη
1353 2965 1401 3028 καὶ
1424 2969 1507 3028 τοῦτο

255 3069 328 3133 εἷναι
353 3068 447 3152 φύσει.
493 3067 552 3129 οἷον
575 3064 713 3128 ἀδύνατον
739 3063 743 3149 l
768 3065 837 3148 ὑρδιν
859 3067 950 3149 χωρὶς
973 3066 1143 3150 ὀφθαλμῶν.
1189 3065 1247 3139 διό,
1274 3068 1395 3130 καὶτοῦ
1417 3067 1486 3150 δρᾶν
1509 3084 1559 3128 Ιουι

256 3172 340 3240 ὄντος
362 3171 457 3255 φύσει,
481 3170 529 3233 καὶ
551 3169 578 3231 οἱ
602 3168 750 3254 ὀφθαλμοὶ
772 3167 866 3252 φύσει.
901 3168 1009 3248 ὁμοίως
1031 3171 1078 3231 καὶ
1101 3170 1136 3231 τὰ
1158 3169 1220 3231 ιὺτα
1242 3168 1328 3253 φύσει
1349 3169 1431 3252 (οὔτε
1453 3172 1507 3256 γάρ

254 3277 349 3360 χωρίς
370 3274 479 3336 τούτων
501 3271 616 3334 ἀκούειν
639 3270 699 3334 οἶόν
722 3293 768 3343 τε,
790 3271 839 3333 καί
861 3270 893 3332 τδ
917 3271 1031 3334 ἀκούειν
1054 3270 1164 3355 φύσει),
1185 3272 1234 3333 καί
1256 3272 1385 3336 καθόλου
1407 3275 1443 3337 τὰ
1465 3277 1506 3338 αἰ-

253 3379 402 3461 σθητήρια
429 3377 498 3459 ήμῖν
521 3373 605 3458 φύσει
631 3378 674 3459 τῷ
701 3373 821 3441 καὶτὰς
844 3372 984 3458 ἐνεργείας
1014 3374 1064 3442 τὰς
1092 3370 1128 3436 δι’
1157 3372 1252 3437 αὑτῶν
1276 3375 1415 3460 ὑπάρχειν
1437 3379 1506 3461 ἡμῖν

209 3480 350 3561 τιοφύσει.
395 3479 421 3541 εἰ
448 3479 483 3560 δή
512 3478 560 3540 καλ
587 3477 746 3539 κοινωνικοὶ
780 3475 831 3559 μέν
858 3476 945 3556 ἐσμεν
973 3474 1071 3560 φύσει,
1106 3475 1245 3546 ἀδύνατος
1272 3475 1298 3540 δ’
1326 3480 1345 3562 ή
1374 3480 1505 3544 κοινωνία

253 3584 347 3670 χωρὶς
374 3579 569 3662 δικαιοσύνης,
596 3580 706 3663 ἀνάγκη
735 3579 782 3642 καὶ
809 3578 841 3641 τδ
869 3578 978 3641 δίκαιον
1006 3576 1078 3640 εἶναι
1104 3577 1198 3661 φύσει.
1242 3581 1269 3642 εί
1296 3580 1337 3653 δ’,
1365 3581 1409 3645 ότι
1431 3582 1499 3669 παρ’

252 3687 354 3753 ἀλλοις
369 3683 441 3747 ἄλλο
456 3706 482 3744 τι
497 3683 615 3757 δίκαιον,
638 3680 685 3744 διδ
705 3685 789 3743 τοῦτο
812 3680 846 3743 ού
862 3680 947 3764 φύσει
969 3682 1110 3765 φήσουσιν
1133 3680 1215 3755 αὑτό,
1239 3684 1337 3766 δῆλον,
1361 3687 1402 3754 ὡς
1421 3686 1507 3771 φύσει
1533 3704 1547 3745 ο

251 3786 332 3851 τοῦτ’
353 3787 478 3871 ἐροῦσιν,
500 3784 516 3847 δ
536 3782 614 3868 παρὰ
630 3783 716 3846 πᾶσίν
739 3783 814 3847 ἐστιν
830 3782 927 3846 ταύτό.
961 3783 1008 3845 καὶ
1031 3782 1057 3846 εἰ
1075 3783 1108 3845 τό
1125 3779 1266 3868 ἔγγραφον
1289 3784 1411 3868 ἐροῦσιν,
1435 3788 1506 3853 διότι

254 3892 332 3954 ἐστὶν
355 3887 512 3972 ἔγγραφον,
539 3886 613 3950 κατὰ
640 3886 789 3970 συνθήκην
812 3887 859 3948 καὶ
888 3884 921 3947 ού
944 3885 1043 3968 φύσει,
1073 3887 1161 3968 δῆλον
1191 3890 1230 3955 ιὺς
1257 3889 1368 3974 ἀνάγκη
1395 3890 1505 3960 τούτοις

211 3992 340 4077 οσφύσει
362 3974 410 4054 καὶ
435 3991 475 4074 μή
498 3990 571 4053 κατὰ
594 3989 743 4071 συνθήκην
769 3989 860 4070 λέγειν
888 3989 920 4050 τδ
943 3989 995 4071 τήν
1018 3988 1102 4072 ίσχὺν
1130 3989 1183 4052 οὑκ
1210 3990 1240 4052 ἐν
1263 3996 1321 4060 τοῖς
1343 3994 1506 4077 γράμμασιν

254 4096 336 4181 ἔχον.
383 4092 442 4157 ἔστι
464 4093 497 4155 δὲ
518 4096 637 4155 τοιαῦτα
660 4091 753 4154 πολλὰ
776 4092 823 4154 καὶ
846 4091 1068 4176 προσαγορεύειν
1095 4092 1241 4175 εἰώθαμεν
1264 4092 1315 4155 ἀπ’
1343 4093 1432 4158 αὑτοῦ
1455 4101 1505 4160 τού

254 4200 370 4266 πάθους
393 4197 508 4281 άγραφα
528 4193 647 4278 νόμιμα,
670 4192 751 4256 κοινά
773 4197 859 4257 πᾶσιν
882 4194 1047 4278 ἀνθρώποις
1072 4191 1149 4274 ὄντα,
1173 4200 1232 4265 τοῖς
1253 4218 1285 4277 γε
1309 4197 1349 4280 μὴ
1373 4221 1507 4283 πεπηρω-

200 4378 604 4391 ——n—--.-—..---.--.

200 4488 303 4559 ’ὶδρμά
320 4504 380 4539 τιτι
485 4485 606 4555 3φαμιν
625 4486 660 4538 V:
678 4486 758 4554 μὲνα
864 4486 897 4538 10
919 4483 992 4554 ζῴων
1011 4486 1056 4551 ω’),
1075 4487 1149 4547 ζωιον
1169 4489 1379 4551 ωῑθιζιὺωνο
1487 4493 1517 4544 14
1536 4512 1561 4545 τι

200 4585 253 4630 τῶν
272 4576 318 4641 111²,
335 4580 388 4627 τῶν
406 4574 489 4627 m¹Vz
508 4593 532 4626 τι
549 4578 637 4625 τῶνα

201 4667 277 4733 μόνον
295 4664 331 4716 V:
349 4661 421 4732 μόνῳ
440 4678 466 4714 ει
487 4660 596 4714 fortasse
615 4661 660 4728 μὲν
763 4659 800 4721 18
820 4659 909 4728 λέγειν]
928 4659 943 4712 λ
961 4662 989 4713 in
1008 4663 1045 4713 lit.
1061 4663 1094 4713 V:
1114 4661 1191 4733 λέγειν
1209 4661 1277 4717 θέσει
1295 4682 1311 4717 ο
1419 4667 1449 4719 19
1468 4685 1561 4738 μαρτυ-

201 4750 295 4822 ρεῖτό
367 4751 414 4820 γάρ
432 4764 510 4816 supra
530 4748 576 4799 lin.
588 4748 612 4798 V
684 4746 716 4797 23
735 4746 830 4812 αὑτοῖς]
849 4748 875 4800 οιί
892 4754 976 4804 τοῖςο
1047 4748 1080 4800 ‘25
1099 4755 1291 4818 argumentatio
1310 4754 1442 4821 postulare
1461 4756 1563 4807 videtur

201 4839 370 4912 ὑπαρχόντων
388 4837 448 4906 ήμῖν
466 4833 559 4904 (φύσει)
577 4833 609 4885 cf.
628 4851 652 4886 ν.
663 4832 696 4884 ‘29
724 4841 760 4904 τῷ
780 4835 822 4886 καὶ
841 4834 885 4892 τὰς
897 4834 1017 4906 ἐνεργείας
1035 4835 1156 4911 ὑπάρχειν
1175 4839 1234 4909 ἡμῖν
1253 4839 1324 4909 φύσει
1447 4842 1482 4894 30
1509 4860 1561 4894 κοι-

202 4924 316 4994 νωνικοὶ]
337 4931 397 5025 pos}
416 4942 453 4975 ων
473 4938 524 4974 nna
543 4921 582 4974 lit.
601 4937 673 4974 erasa
692 4921 715 4973 V
821 4922 855 4975 35
874 4924 1013 4994 γράμμασιν
1032 4939 1082 4976 om.
1101 4941 1117 4977 a
1222 4925 1255 4979 36
1275 4927 1384 4982 fortasse
1401 4927 1482 4983 πολλά
1499 4929 1538 4996 <ἀ>
