3540 5610
210 315 262 380 8⁸2·
684 314 889 371 ALEXANDRI
909 314 954 368 DE
977 314 1088 369 Amne

261 488 333 551 ῦ-δέ
347 487 498 573 ἐπίκτητός
520 488 613 552 τεκαὶ
629 489 747 573 ῦστερον
769 487 958 572 ἐγγινόμενος,
981 488 1029 551 καί
1051 487 1127 558 είδος
1141 489 1189 552 καί
1204 486 1261 558 ἕξις
1282 488 1323 551 ὢν
1341 490 1390 552 καί
1404 486 1509 552 τελειό·

261 613 313 673 της
333 595 385 655 τοῦ
403 594 537 676 φυσικοῦ,
560 588 655 654 οὐκέτ’
675 590 705 654 ἐν
728 594 825 665 πᾶσιν,
847 588 907 654 ἀλλ’
935 591 968 654 ἐν’
980 596 1039 660 τοῖς
1061 591 1223 675 άσκήσασίν
1246 591 1339 654 τεκαὶ
1356 591 1508 674 μαθοῦσιν,

262 691 293 753 δν
308 692 413 777 τρόπον
435 694 483 757 καί
498 693 546 755 ἐπὶ
568 698 627 756 τῶν
649 693 816 778 ἐπιστημῶν
835 691 909 779 ἔχει.
943 693 1059 777 καὶγὰρ
1082 693 1199 757 ἐκείνων
1222 695 1326 763 πάντες
1348 693 1399 777 μέν
1421 693 1508 776 ἐσμεν

261 795 346 880 φύσει
373 796 510 872 δεκτικοί,
536 793 632 859 οῦκέτι
654 796 686 859 δὲ
708 795 761 859 καῖ
784 795 946 879 δεδέγμεθα
968 797 1072 865 πάντες
1093 795 1192 874 αῦτάς,
1215 795 1259 860 δτι
1282 798 1385 880 μηκέτι
1407 797 1440 859 τδ
1463 795 1507 859 δέ·
1520 812 1549 854 ευ

232 895 364 966 σίασθαι
385 898 473 969 αὐτοῖς
488 898 582 984 φύσει.
616 898 650 962 οὐ
672 897 727 983 γὰρ
749 899 847 983 ὥσπερ
870 899 917 961 ἐπὶ
940 902 991 961 τοῦ
1012 905 1188 984 περιπατεῖν,
1211 900 1303 970 οῦτως
1324 901 1358 964 δὲ
1373 897 1437 986 ἔχει
1458 900 1507 962 καί

260 1002 380 1066 ἐπὶτῶν
396 1003 563 1085 ἐπιστημῶν
585 1003 679 1064 τεκαὶ
702 1004 752 1064 τοῦ
768 999 831 1064 κατ’
852 999 994 1084 ἐνέργειαν
1017 1005 1076 1065 νοῦ.
1110 1002 1159 1065 ἐπί
1175 1003 1226 1086 μὲν
1248 1003 1302 1087 γὰρ
1317 1006 1368 1066 τοῦ
1391 1024 1508 1085 περιπα-

259 1110 327 1186 τεῖν,
351 1106 450 1189 ὥσπερ
466 1106 486 1189 ἡ
502 1104 620 1188 δύναμις
634 1105 704 1187 ἡμῖν
726 1107 777 1167 τοῦ
793 1108 957 1187 περιπατεῖν
972 1103 1128 1188 ἐνυπάρχει
1150 1105 1244 1189 φύσει,
1267 1107 1317 1170 καί
1331 1104 1439 1192 ἔχομεν
1459 1103 1508 1167 αδ·

259 1209 312 1291 τὴν
334 1207 423 1277 εῦθῦς
443 1206 607 1291 γενόμενοι,
630 1207 722 1275 oden<
744 1206 792 1269 καί
814 1207 834 1290 ἡ
857 1206 983 1290 ἐνέργεια
1005 1207 1152 1291 προῖοῦσίν
1174 1231 1206 1271 τε
1228 1211 1275 1272 καὶ
1298 1207 1510 1289 τελειουμένοις

260 1311 441 1393 προσγίνεται
455 1311 550 1396 φύσει,
572 1309 622 1373 eei
643 1309 676 1372 δὲ
690 1314 743 1393 τῆς
757 1308 925 1395 ἐπιστήμης,
941 1333 972 1373 τε
994 1311 1107 1373 καὶτοῦ
1123 1313 1174 1372 νοῦ
1196 1311 1226 1373 αί
1243 1312 1294 1394 μὲν
1310 1314 1444 1392 δυνάμεις
1458 1308 1509 1394 φῦ-

221 1429 248 1473 10
261 1434 314 1486 σει,
338 1412 434 1477 οῦκέτι
456 1415 489 1477 δὲ
503 1415 533 1476 αί
556 1412 628 1483 ἕξεις
649 1433 680 1474 τε
701 1412 749 1474 καὶ
769 1410 909 1497 ἐνέργειαι
924 1412 1019 1497 φύσει.
1053 1413 1097 1475 διὸ
1112 1418 1213 1476 τοῦτον
1235 1414 1284 1476 τδν
1299 1418 1366 1477 νοῦν
1388 1413 1508 1496 λέγομεν
1522 1428 1550 1471 ει

260 1515 293 1580 οῦ
310 1519 417 1587 πάντας
432 1514 511 1601 ἔχειν
527 1513 578 1591 ἔτι,
601 1515 676 1579 ἀλλὰ
692 1512 781 1598 μόνου
803 1519 853 1578 τοῦ
869 1515 1028 1579 σπουδαίου
1044 1516 1077 1578 τδ
1092 1521 1158 1580 νοῦν
1182 1514 1261 1603 ἔχειν
1276 1520 1507 1601 κατηγοροῦμεν·

260 1621 279 1703 ἢ
308 1623 356 1684 καὶ
385 1619 486 1683 τοῦτου
513 1618 601 1704 μέχρι
632 1617 707 1687 τινδς
733 1618 838 1685 πάντες
864 1618 891 1679 ni
924 1617 964 1701 μὴ
998 1619 1202 1703 πεπηρωμένοι
1230 1604 1507 1705 μεταλᾶμβάνουσιν,

259 1721 308 1784 ἐπί
335 1722 387 1805 τὴν
415 1726 466 1785 τοῦ
494 1719 623 1785 καθόλου
651 1744 683 1783 τε
709 1720 859 1806 περίληψιν
888 1721 935 1783 καὶ
963 1720 1036 1784 κατὰ
1059 1721 1192 1786 σύνθεσιν
1218 1722 1323 1805 γνῶσίν
1346 1744 1429 1786 τινων
1453 1720 1502 1784 ὑπ’

259 1824 350 1908 αὐτῆς
372 1828 424 1908 τῆς
439 1823 555 1908 φάσεως
572 1823 776 1907 ὁδηγούμενοι·
799 1821 883 1892 οῦτῦς
905 1823 969 1886 ἐστι
981 1827 1154 1908 κυριώτερον
1177 1825 1304 1894 δκοινδς
1325 1829 1392 1895 νοῦς
1406 1825 1508 1887 καλοῦ-

220 1941 246 1986 15
260 1950 353 2008 μενος,
375 1928 395 2010 η
418 1927 451 1989 δὲ
473 1926 521 1988 ἐπὶ
543 1926 630 1988 πλέον
652 1925 802 2008 ἐξεργασία
824 1923 887 1988 κατ’
908 1925 995 1988 αὐτδν
1017 1926 1122 2008 γίνεται
1144 1927 1193 1989 τδν
1215 1926 1366 2011 εἰρημένον
1388 1926 1503 2015 τρόπον.

259 2031 274 2093 δ
292 2030 343 2112 μὲν
366 2028 416 2092 οῦν
438 2030 592 2115 πρακτικὸς
607 2032 673 2098 νοῦς
695 2029 877 2114 βουλευτικός
899 2028 960 2092 ἐστι
982 2028 1041 2113 (τηῖ
1064 2029 1117 2113 γὰρ
1141 2028 1176 2091 τὰ
1198 2029 1312 2114 πρακτὰ
1333 2029 1505 2115 ἐνδέχεσθαι
1518 2046 1547 2089 ευ
1620 2078 1622 2083 .
1662 2015 1668 2024 ’

258 2133 306 2195 καὶ
322 2132 414 2202 οῦτως
437 2133 486 2195 καί
509 2131 549 2216 μὴ
573 2132 666 2200 οῦτως
685 2132 854 2216 πραχθῆναι
876 2131 985 2215 βουλῆς
1007 2133 1054 2193 δεῖ
1073 2132 1145 2215 πρῦς
1166 2132 1218 2215 τὴν
1242 2133 1350 2215 αἵρεσιν
1372 2138 1423 2197 τοῦ
1445 2135 1507 2220 βελ-

257 2235 373 2317 τίονος),
396 2236 461 2299 ede
482 2234 663 2319 θεωρητικὸς
683 2240 742 2296 τῶν
757 2234 856 2297 ἀιδίων
878 2235 926 2296 καὶ
946 2233 1054 2316 ὁμοίως
1076 2232 1205 2318 ἐχόντων
1228 2234 1273 2296 αἰεί
1288 2236 1444 2317 μυστικὸς
1466 2239 1507 2300 ὢν

257 2335 478 2423 ἐπιστημονικδς
504 2338 594 2413 ἐστιν,
625 2335 685 2400 ἀλλ’
719 2335 752 2399 οῦ
780 2335 972 2421 βουλευτικῦς.
1021 2338 1069 2399 τδν
1099 2337 1150 2418 μὲν
1177 2334 1227 2399 οῦν
1255 2338 1373 2422 δυνάμει
1400 2362 1432 2402 τε
1459 2340 1507 2403 καῖ

217 2456 244 2500 eo
258 2441 355 2503 ὑλικὸν
377 2444 444 2504 νοῦν
472 2439 649 2522 καλούμενον
677 2439 814 2523 ἑκάτερον
841 2442 882 2509 ὡς
904 2438 985 2502 εἶπον
1015 2438 1105 2508 εὐθὺς
1125 2437 1234 2524 ἔχομεν
1256 2439 1413 2525 γινόμενοι,
1441 2443 1551 2511 τοῦςεσ

258 2545 291 2607 δὲ
317 2541 380 2607 κατ’
408 2542 551 2627 ἐνάργειάν
584 2566 615 2606 τε
642 2540 726 2612 ὄντας
753 2543 801 2606 καί
829 2541 901 2612 έΕεις
929 2542 1038 2606 τούτων
1065 2541 1183 2625 ῦστερον
1211 2543 1351 2624 κτώμεθα
1379 2544 1427 2608 διὰ
1456 2551 1508 2631 τῆς

206 2734 217 2785 l
247 2731 413 2802 ίγγινόμινος]
436 2731 489 2785 der
512 2733 545 2784 in
566 2747 625 2784 uns
648 2731 702 2784 der
720 2730 996 2785 Gennesenecheit
1018 2730 1072 2784 der
1089 2731 1259 2783 hienschen
1277 2733 1391 2785 enteteht
1515 2736 1563 2790 καί

203 2818 360 2889 εἶδος-διν]
385 2819 477 2873 welche
500 2807 559 2872 eine
576 2819 652 2872 Form
675 2820 723 2884 isi,
747 2819 784 2872 de
806 2835 838 2871 er
861 2820 920 2871 eine
943 2818 1105 2887 Aneignnng
1125 2819 1181 2870 und
1199 2817 1365 2888 Vollendung
1387 2810 1486 2874 iet‘irir
1508 2823 1563 2877 den

203 2909 367 2961 netdrlichen
384 2907 502 2960 Intellect
596 2906 611 2959 2
629 2904 934 2977 ἀσκησασίν-μαθοῦσιν]
954 2907 1049 2959 welche
1068 2920 1253 2974 euegegengen
1271 2905 1332 2957 sind
1350 2907 1411 2974 (sic)
1429 2910 1485 2962 und
1503 2911 1561 2964 sich

202 2997 374 3049 unterrichtet
391 2996 476 3049 haben
582 2993 598 3047 3
621 2994 666 3046 καί
683 2998 744 3047 ente
762 2994 802 3047 ἐπὶ
820 3010 870 3046 em.
977 2995 1045 3047 6-9
1064 2993 1103 3045 ἐπὶ
1123 2992 1232 3065 μὲνγὰρ
1250 2997 1295 3046 τοῦ
1314 3003 1562 3071 περιπατεῖν-προ-

203 3082 309 3152 σγίνεται
328 3081 409 3152 eneti]
428 3083 498 3135 denn
518 3097 569 3134 eres
587 3082 633 3134 des
646 3081 737 3135 Gehen
755 3082 861 3147 beteret,
879 3082 957 3134 eerrie
975 3082 1017 3134 die
1036 3080 1111 3134 Kreit
1129 3081 1175 3133 dee
1193 3080 1297 3135 Gehene
1317 3083 1373 3135 sich
1391 3085 1421 3136 in
1438 3101 1490 3138 nne
1507 3101 1562 3140 von

203 3171 285 3223 Netur
303 3169 396 3237 findet,
419 3171 473 3223 und
491 3185 542 3223 uns
563 3184 614 3222 ren
634 3170 707 3239 jeher
725 3171 874 3238 engehoren
893 3171 942 3234 iet,
964 3170 1060 3222 ebenso
1084 3168 1198 3221 enteteht
1220 3169 1249 3220 in
1266 3184 1317 3222 nne
1335 3169 1494 3224 iertiehrend
1517 3173 1562 3227 die

203 3258 336 3327 Tetigkeit
354 3257 525 3322 descedens,
543 3273 619 3311 wenn
637 3258 684 3309 wir
701 3257 819 3310 wecheen
837 3256 892 3309 und
910 3256 1139 3309 verrellkommnet
1157 3255 1292 3324 geworden
1312 3256 1372 3309 sind
1444 3259 1474 3311 ll
1495 3259 1562 3329 ἀλλὰ

203 3343 442 3416 -κατηγοροῦμεν]
461 3346 574 3399 sendern
592 3346 637 3396 wir
655 3345 814 3398 bezeichnen
832 3345 873 3398 die
892 3344 1076 3412 rorziglichen
1094 3348 1170 3396 unter
1188 3343 1238 3396 den
1255 3344 1408 3411 hienschen,
1426 3347 1474 3399 mit
1492 3347 1561 3401 hus·

203 3433 304 3499 echlnse
323 3434 368 3487 der
385 3433 508 3499 anderen,
526 3448 602 3485 wenn
620 3433 666 3484 wir
684 3447 773 3500 engen,
792 3432 852 3485 dees
871 3434 909 3485 sie
927 3432 1047 3485 Intelleet
1066 3432 1182 3484 besitren
1301 3429 1332 3483 12
1359 3431 1376 3502 η
1395 3432 1451 3502 καὶ]
1471 3451 1560 3489 wenn

202 3520 269 3573 euch
377 3521 409 3573 14
437 3518 531 3588 κοινὸς]
551 3521 596 3572 der
614 3519 775 3588 nllgemeine,
793 3519 838 3572 der
857 3518 1112 3588 gemeinschaftliche
1220 3517 1250 3569 16
1279 3519 1324 3588 μὲν
1343 3518 1386 3572 οὖν
1405 3536 1456 3573 om.

205 3606 236 3659 17
265 3605 537 3678 βουλῆς-βελτίονος]
562 3607 640 3660 deren
664 3605 720 3674 [der
743 3605 854 3679 πρακτά]
880 3605 970 3659 bederi
993 3622 1052 3658 men
1077 3622 1122 3658 zur
1144 3605 1270 3675 Leitung,
1294 3621 1323 3659 eo
1348 3607 1408 3660 dees
1430 3625 1491 3661 rnen
1513 3611 1561 3663 dee

202 3693 309 3747 Bessere
327 3710 379 3749 ren
398 3696 492 3749 beiden
511 3693 712 3762 Gegensthnden
730 3694 808 3747 wihlt
920 3693 951 3746 18
978 3695 1022 3746 καί
1040 3708 1090 3746 om.
1205 3693 1236 3744 19
1264 3691 1317 3745 ἀλλ’
1339 3693 1368 3746 οδ
1388 3693 1559 3766 βουλωτικάς]

202 3782 294 3834 nicht
312 3782 363 3835 die
382 3781 522 3850 Leitung
539 3782 603 3833 und
621 3780 666 3834 der
684 3782 735 3834 Rei
841 3781 970 3847 21-83,2
994 3778 1284 3851 ὕστερον-θεωρητῶν]
1304 3783 1432 3835 erwerhen
1452 3785 1497 3836 wir
1515 3801 1560 3836 zu·

201 3869 265 3921 leizt
286 3869 367 3922 durch
390 3870 501 3938 Uebnng
524 3871 559 3921 im
584 3869 708 3922 Erlernen
734 3868 788 3922 und
811 3884 878 3921 ενοι
899 3869 935 3920 iet
957 3868 1040 3921 dieses
1063 3869 1091 3921 in
1115 3869 1265 3938 Beziehung
1291 3869 1338 3922 ani
1359 3870 1401 3924 die
1424 3872 1560 3939 pertiellen

203 3954 422 4024 (Einzelheiteni)
445 3957 480 4009 im
499 3957 665 4024 prelrtiechen
683 3956 814 4019 Intellect3
841 3956 972 4025 hingegen
989 3956 1018 4007 in
1037 3955 1189 4025 Beriehung
1211 3957 1257 4009 aui
1274 3957 1315 4011 die
1334 3958 1430 4012 Werlre
1451 3959 1505 4011 und
1525 3961 1559 4012 irn

202 4044 392 4097 theoretischen
410 4043 529 4097 Intellect
546 4045 575 4096 in
594 4043 684 4113 Bezng
701 4042 748 4096 eui
764 4044 807 4097 die
826 4043 919 4112 Dinge‚
937 4042 1001 4097 fiber
1020 4043 1114 4096 welche
1132 4045 1256 4111 speculiri
1274 4045 1338 4098 wird

204 4199 217 4252 l
249 4201 382 4270 ,περὶτοῦ
400 4198 463 4253 καθ’
484 4198 533 4259 ίξιν
552 4203 621 4253 νοῦ“.
657 4197 716 4253 ὁδὶ
734 4201 774 4254 Va
883 4198 899 4250 2
926 4199 1020 4257 τοιςλῙ
1131 4200 1147 4253 3
1173 4199 1278 4271 τρόπον]
1298 4219 1316 4254 π
1334 4202 1363 4254 in
1380 4202 1454 4255 licv

203 4288 248 4356 μίν
266 4304 316 4341 em.
333 4289 359 4341 K
454 4287 516 4341 eei
534 4288 627 4340 om.K
727 4287 937 4362 ῖίνυπαρχειθ
1045 4288 1075 4340 11
1095 4286 1133 4352 τὸ,
1152 4292 1210 4340 νοῦν
1230 4289 1264 4340 V:
1283 4288 1327 4341 τδν
1345 4293 1403 4341 νοῦν
1423 4291 1463 4343 Κε

206 4373 236 4425 12
263 4374 280 4445 ἢ
300 4375 354 4445 καὶ]
378 4375 400 4428 εί
418 4376 462 4427 καὶ
479 4376 545 4444 legit
562 4376 660 4441 Arabe,
683 4374 728 4429 sed
747 4375 779 4427 ci.
797 4375 854 4428 Ind.
872 4376 936 4428 haec
954 4376 1022 4428 enim
1041 4376 1120 4428 verbe
1138 4377 1212 4444 quasi
1230 4392 1277 4444 per
1295 4378 1470 4444 parenthesim
1489 4377 1561 4430 dicte

202 4463 255 4513 vim
275 4463 453 4530 praecedentis
472 4464 602 4515 enuntiati
620 4464 782 4532 restringunt
872 4462 904 4515 13
923 4461 955 4515 ei.
973 4461 1028 4533 ἥτις
1046 4461 1177 4535 περίληψίς
1194 4481 1222 4515 τε
1239 4465 1283 4515 καὶ
1301 4462 1341 4516 διὰ
1358 4469 1404 4535 τῆς
1421 4471 1475 4517 τῶν
1493 4463 1556 4518 καθ’

202 4548 295 4601 ῖκαστα
320 4547 448 4621 αἰσθητῶν
470 4549 620 4620 ὁμοιότητος
641 4553 687 4602 τοῦ
705 4546 817 4602 καθόλου
840 4548 915 4620 λῆψις
933 4548 1017 4620 νόησίς
1034 4548 1099 4603 ἐστιν
1117 4549 1192 4614 83,11
1223 4548 1274 4619 [Gi.
1292 4553 1384 4604 etiem:
1412 4559 1466 4612 ταῖς
1483 4570 1560 4621 μετα-

203 4635 287 4705 βολαῖς
305 4636 349 4689 καὶ
367 4637 457 4690 ἄλλοτε
475 4637 536 4709 πρὸς
555 4635 619 4690 ἄλλα
636 4655 665 4689 τε
682 4638 725 4689 καὶ
743 4635 776 4689 δι’
792 4635 877 4689 ἄλλων
895 4637 1026 4710 ἐνεργείαις
1043 4654 1068 4706 p.
1079 4636 1151 4706 che]
1226 4639 1257 4690 14
1276 4637 1348 4697 οὗτός
1366 4639 1416 4692 ἐστι
1434 4640 1467 4692 cf.
1481 4639 1559 4706 θ4,16
1658 4684 1663 4691 .

203 4723 280 4788 93,16
389 4724 419 4777 16
446 4727 517 4795 ,περὶ
533 4729 578 4778 τοῦ
596 4728 738 4797 πρακτικοῦ
755 4728 825 4777 νοῦ“.
860 4723 938 4793 δμίν
956 4725 996 4777 Va
1104 4726 1136 4778 18
1160 4727 1231 4796 ,περὶ
1247 4729 1293 4778 τοῦ
1311 4724 1471 4797 θεωρητικοῦ
1488 4731 1559 4781 veh&

203 4808 261 4865 ὁδὶ
279 4812 319 4864 Va
425 4811 548 4888 ἐχόντων]
567 4831 620 4865 των
639 4814 666 4866 in
684 4813 758 4866 licv
875 4813 905 4865 19
924 4812 1036 4882 δυνάμει]
1056 4831 1077 4866 ει
1095 4814 1124 4866 in
1143 4814 1214 4867 lit.v
1324 4813 1358 4866 20
1376 4814 1507 4887 ἑκάτερον]
1526 4815 1560 4868 σί.

203 4897 322 4971 ἑκάτερος
340 4900 460 4975 ἐκατέρου
478 4899 593 4959 δικτικίς
611 4900 689 4966 8133
