3540 5610
200 293 261 358 138
343 350 346 354 .
515 294 717 349 ALEXANDRI
740 294 784 348 DE
806 293 917 349 ΑΝΙΜΔ
939 294 1032 350 LIBRI
1053 291 1226 350 HANTISSA

250 462 338 533 εὐθὺς
362 467 476 550 όρᾶτοιι,
504 468 596 536 οὕτως
618 465 676 530 ἔδει
701 469 748 531 καλ
773 468 830 531 ἀπδ
856 474 913 531 τῶν
937 468 1075 551 ὀμμάτων
1102 467 1187 531 ἀπιόν
1209 467 1347 552 δρᾶσθαι,
1378 465 1494 531 ἐπειδὰν

251 565 281 628 ἐν
305 566 400 652 σκότῳ
424 569 641 655 ἀναβλέψωμεν.
687 568 729 633 ἔτι
750 571 798 634 κοιλ
820 570 894 633 κατὰ
916 570 1032 639 τούτους
1054 573 1141 653 σῶμα
1163 567 1244 634 ἔσται
1264 571 1297 634 τὸ
1319 575 1392 655 φῶς.

658 809 728 877 Ὅτι
749 812 794 896 μὴ
818 815 920 896 σῶμα
941 812 978 875 τδ
1000 817 1082 896 φῦς.

337 980 374 1046 Εἰ
396 985 482 1067 σῶμα
503 984 536 1047 τδ
559 987 637 1069 φιῦς,
663 983 727 1068 ῆτοι
750 987 805 1067 πῦρ
828 982 889 1047 ἐστι
910 982 930 1066 ῆ
953 983 1043 1067 πυρὸς
1064 982 1206 1067 ἀπορροή,
1229 983 1264 1066 ῆν
1285 980 1377 1067 αὐγήν
1399 1005 1430 1044 τε
1452 981 1497 1045 λέ·
1510 999 1537 1040 ετ

224 1097 349 1165 ογουσιν
372 1086 420 1148 καλ
442 1086 535 1170 τρίτον
557 1109 583 1148 τι
598 1087 690 1171 πορδς
710 1084 795 1154 εἶδος.
830 1089 887 1169 πῦρ
910 1085 963 1169 μὲν
985 1081 1035 1148 οῦν
1057 1083 1110 1147 οῦκ
1132 1083 1167 1147 ἂν
1189 1085 1245 1170 εἴη.
1280 1090 1344 1169 φῦις
1367 1085 1419 1169 μὲν
1440 1086 1496 1168 γάρ

252 1184 312 1249 ἐστι
335 1190 444 1268 μᾶλλον
467 1188 515 1251 καὶ
537 1187 632 1272 ῆττον,
655 1192 711 1272 πῦρ
734 1188 890 1271 δὲμᾶλλον
912 1187 960 1251 καλ
982 1187 1067 1270 ῆττον
1090 1184 1252 1251 οὐκέστιν.
1285 1186 1339 1251 οὐκ
1360 1187 1417 1272 ἄρα
1438 1191 1495 1271 πῦρ
1551 1244 1557 1257 ,

251 1289 284 1351 τδ
306 1294 379 1374 φῶς.
424 1289 442 1373 ῆ
465 1290 491 1353 εἰ
513 1289 549 1375 ῆν
571 1291 604 1353 τδ
628 1292 736 1374 μᾶλλον
758 1293 829 1374 πῦρ,
857 1293 966 1373 μᾶλλον
994 1288 1028 1352 ἂν
1057 1287 1093 1373 ῆν
1114 1290 1163 1352 καὶ
1185 1295 1263 1374 φῶς,
1291 1287 1372 1372 εἴγε
1393 1288 1496 1353 ταύτόν

253 1394 310 1475 πῦρ
332 1392 434 1455 τεκαὶ
456 1397 529 1477 φῶς.
573 1396 681 1476 μᾶλλον
704 1392 736 1456 δὲ
758 1396 814 1477 πῦρ
837 1394 856 1476 ῆ
879 1393 951 1476 φλόξ
978 1396 1029 1455 τοῦ
1050 1392 1147 1476 φωτὸς
1170 1392 1350 1476 ὁμολογεῖται
1372 1392 1421 1454 καὶ
1443 1390 1497 1455 οῦκ

252 1490 313 1557 ἔστι
337 1497 445 1578 μᾶλλον
467 1500 540 1580 φῶς.
581 1493 624 1558 ἔτι
645 1495 678 1558 τδ
701 1496 830 1579 μὲνπῦρ
855 1495 1002 1579 θερμαίνει
1024 1495 1126 1558 τεκαὶ
1148 1494 1231 1567 καίει,
1254 1494 1287 1557 τό
1309 1495 1342 1558 δὲ
1364 1500 1428 1579 φῶς
1450 1493 1496 1557 οῦ-

212 1610 239 1657 10
251 1594 375 1680 δίτερον.
420 1595 462 1661 ἔτι
483 1599 516 1691 τδ
542 1602 606 1683 φῶς
631 1598 680 1662 καὶ
706 1597 736 1659 ἐν
753 1598 841 1678 ιῦδοιτί
867 1597 957 1674 ἐστιν,
986 1601 1044 1682 πῦρ
1072 1599 1104 1661 δὲ
1131 1596 1189 1683 οὐχ
1211 1596 1271 1661 οἶόν
1297 1598 1380 1660 τεέν
1404 1597 1495 1676 όδατι,
1511 1612 1540 1654 ιο

250 1700 299 1764 καὶ
320 1705 384 1783 φῶς
407 1700 458 1782 μὲν
479 1701 527 1764 καλ
549 1699 580 1763 ἐν
602 1701 799 1785 κροστάλλοις,
821 1704 877 1785 πῦρ
901 1700 933 1764 δὲ
950 1694 1099 1774 οἷδόνατον,
1122 1699 1202 1782 εἴγε
1223 1701 1253 1764 ἐν
1276 1699 1424 1783 δπερβολῆ
1447 1703 1498 1783 φο

251 1799 393 1887 χρότητος
416 1804 432 1868 ό
454 1803 638 1889 κρύσταλλος.
683 1800 725 1864 ἔτι
746 1802 772 1866 εἰ
794 1807 851 1887 πῦρ
873 1803 906 1866 τδ
928 1808 1001 1888 φῶς,
1029 1802 1106 1887 παρὰ
1129 1803 1213 1887 φῦσιν
1236 1801 1316 1886 αὐτῷ
1339 1803 1358 1885 ῆ
1382 1800 1496 1864 ἄνωθεν

252 1906 333 1969 κάτω
354 1905 463 1991 κίνησις
484 1906 532 1968 καὶ
554 1905 653 1990 βίαιος.
699 1907 813 1988 όρῦιμεν
837 1905 869 1968 δὲ
891 1904 973 1969 οὐδὲν
995 1902 1113 1968 ἔλαττον
1142 1907 1173 1968 τδ
1195 1911 1259 1990 φῶς
1281 1904 1413 1968 κάτωθεν
1435 1902 1497 1967 ἅνω

251 2006 272 2090 ἦ
294 2006 408 2072 ἄνωθεν
434 2009 514 2071 κε’τω
535 2007 695 2092 φερόμενον
722 2007 796 2071 κατὰ
817 2007 914 2092 φῦσιν.
956 2008 982 2070 εἰ
1005 2008 1037 2070 δὲ
1057 2008 1204 2092 ἀπορροήν
1231 2031 1271 2076 τις
1292 2006 1371 2088 λε’γοι
1392 2005 1495 2091 πυρός,

211 2124 238 2170 ιο
251 2114 315 2179 πῶς
336 2110 385 2173 καὶ
407 2111 448 2193 μὴ
471 2110 530 2173 ἀπό
552 2112 641 2195 πορδς
662 2114 728 2194 φῶς
748 2112 869 2192 γίνεται;
900 2110 994 2173 πολλὰ
1015 2110 1068 2195 γὰρ
1091 2110 1210 2194 φωτίζει
1233 2111 1279 2172 καὶ
1303 2110 1344 2192 μῆ
1367 2113 1497 2183 τοιαῦτα,

251 2215 294 2282 ὡς
314 2212 334 2296 ῆ
356 2212 506 2296 λαμπορίς.
555 2210 597 2276 ἔτι
620 2212 646 2276 εί
667 2210 743 2276 ἔστιν
766 2213 911 2297 ἀπορροή,
938 2214 985 2276 διὰ
1007 2213 1036 2275 τί
1055 2212 1123 2275 οὐδὲ
1145 2213 1216 2297 πρδς
1239 2212 1332 2295 ὀλίγον
1360 2210 1497 2296 ὑπομένει

252 2314 499 2400 παραφερομένων
522 2315 640 2392 τούτων,
664 2312 713 2400 ἀφ’
739 2316 780 2379 ὧν
804 2316 939 2400 ἀπορρεί;
964 2315 1012 2378 ἐπὶ
1032 2315 1085 2399 γὰρ
1109 2316 1149 2379 ὧν
1171 2315 1241 2379 εἰσιν
1264 2313 1427 2399 ἀπόρροιαι,
1449 2313 1498 2375 ἐπὶ
1511 2328 1539 2371 οε

252 2418 361 2511 τούτων
383 2417 519 2502 ὑπομένει
546 2417 617 2502 πρός
639 2441 700 2480 τινα
721 2417 825 2503 χρόνον
847 2418 896 2482 καὶ
918 2416 1103 2480 ἀπελθόντων
1125 2419 1158 2481 τδ
1184 2418 1374 2503 ἀπορρεῦσαν.
1418 2417 1444 2480 εί
1466 2416 1498 2480 δέ

253 2517 329 2584 ἐστιν
349 2518 512 2605 εῦφθαρτον
535 2520 635 2594 οὕτως,
659 2523 699 2588 ὡς
723 2518 792 2603 μηδ’
813 2519 889 2589 ὄλως
910 2518 1073 2604 ὑπομένειν,
1096 2520 1170 2582 ἀλλὰ
1193 2521 1263 2605 πρδς
1286 2521 1318 2583 τδ
1340 2518 1413 2583 εἶναι
1435 2540 1498 2583 συν-

211 2626 339 2708 νοεχοῦς
362 2623 479 2705 δεῖσθαι
506 2623 659 2709 χορηγίας,
688 2623 735 2686 διὰ
760 2623 789 2685 τί
808 2624 842 2687 οῦ
871 2623 986 2709 ταχέως
1013 2623 1249 2687 καταναλίσκεται
1276 2623 1311 2686 τόι
1338 2623 1499 2707 φωτίζοντα

252 2724 394 2810 τοσαότης
416 2723 468 2788 ἀπ’
488 2723 583 2788 αὐτῶν
605 2724 755 2810 γινομένης
777 2725 936 2810 ἀπορροῆς;
961 2722 1037 2807 πόση
1059 2724 1113 2809 γὰρ
1133 2727 1152 2808 ῆ
1173 2725 1207 2788 ἐκ
1227 2730 1280 2809 τῆς
1301 2730 1411 2809 τροφῆς
1432 2748 1500 2809 προ·

253 2827 366 2913 σθῆκη;
389 2831 451 2897 πῶς
474 2828 506 2891 δὲ
528 2828 555 2890 οί
576 2828 662 2903 λίθοι,
686 2829 726 2911 μῆ
750 2826 929 2912 τρεφόμενοι,
951 2827 1123 2911 φωτίζοντος
1145 2827 1188 2899 δέ,
1210 2825 1263 2891 οῦκ
1284 2827 1498 2907 ἀναλίσκονται;

253 2929 346 3015 πόσης
368 2931 401 2994 δὲ
428 2932 474 2993 δεῖ
493 2931 631 3015 χορηγίας
659 2931 707 2994 καὶ
732 2935 841 3015 τροφῆς
868 2933 928 2999 ταῖς
950 2931 1137 3015 λαμπυρίσιν;
1171 2930 1248 2998 όλως
1275 2929 1307 2992 δὲ
1333 2929 1359 2992 εί
1381 2930 1414 2993 τδ
1435 2934 1501 3014 φιῖις

253 3038 350 3116 σῶμα,
373 3035 460 3117 δῆλον
484 3032 527 3095 ότι
548 3030 635 3095 τόπον
652 3032 768 3102 καθέξει
788 3034 835 3097 καλ
859 3030 940 3096 ἔσται
956 3055 1021 3096 που.
1057 3034 1098 3101 τίς
1113 3031 1164 3096 οῦν
1180 3035 1196 3096 ό
1212 3036 1262 3096 τοῦ
1285 3032 1382 3116 φωτός
1397 3030 1499 3112 τόπος;
1514 3047 1543 3089 ⁴⁰

211 3137 271 3218 κοῆ
293 3135 348 3220 γὰρ
371 3136 388 3198 ό
408 3135 495 3204 αὐτὸς
524 3132 604 3199 ἔσται
629 3138 680 3198 τοῦ
708 3137 805 3220 φωτὸς
831 3135 880 3199 καὶ
905 3139 964 3199 τῦιν
990 3138 1152 3220 διαφανῶν,
1181 3137 1229 3199 καὶ
1255 3134 1319 3218 ἤτοι
1342 3133 1439 3197 ἐκεῖνα
1465 3133 1500 3197 οὐ

254 3241 376 3321 σώματα
398 3238 417 3322 ῆ
441 3243 527 3320 σῶμα
553 3237 600 3300 διὰ
622 3241 756 3321 σώματος
778 3237 954 3301 διελεύσεται
979 3238 1028 3303 καὶ
1050 3237 1101 3301 δόο
1128 3239 1250 3320 σώματα
1272 3236 1321 3299 τδν
1343 3233 1430 3298 αὐτόν
1453 3260 1502 3299 κα-

254 3340 331 3410 θέξει
346 3339 443 3416 τόπον,
466 3338 496 3423 ῆ,
518 3339 545 3402 εί
566 3344 656 3403 ταῦτα
678 3339 783 3415 ἄτοπα,
805 3338 859 3403 οῦκ
881 3337 961 3404 ἔσται
981 3342 1013 3404 τδ
1036 3346 1100 3425 φῶς
1123 3345 1219 3422 σῶμα.
1253 3341 1364 3421 γελοῖον
1386 3340 1501 3422 γάρτοι

251 3445 300 3507 τὸν
324 3444 375 3526 μὲν
390 3442 472 3507 λίθον
494 3443 542 3505 τὸν
565 3444 689 3528 διαφανῆ
712 3443 731 3526 ἦ
751 3443 803 3527 τὴν
827 3442 913 3505 όαλον
937 3443 977 3527 μῆ
999 3443 1090 3525 λέγειν
1113 3441 1185 3505 εἶναι
1208 3445 1305 3525 σῶμα,
1325 3442 1359 3504 τὸ
1384 3440 1416 3504 δὲ
1438 3445 1504 3524 φῶς

252 3546 353 3630 λέγειν.
398 3543 494 3609 ἔτιτὸ
518 3544 619 3615 σκότος
642 3550 729 3628 σῶμα
751 3544 799 3608 καί
821 3544 891 3608 αὐτὸ
914 3545 1028 3628 ἐροῦσιν
1050 3546 1070 3628 ῆ
1094 3545 1264 3628 ἀσώματον;
1293 3541 1368 3606 ἀλλὰ
1389 3544 1424 3606 τδ
1449 3543 1519 3627 μὲνΙ

212 3665 240 3710 νο
253 3655 340 3736 σῶμα
361 3647 452 3731 λέγειν
474 3647 555 3713 σκιὰν
578 3646 712 3730 λέγοντας
733 3646 850 3723 ἄτοπον,
873 3648 899 3710 εί
922 3645 946 3710 δ’
976 3648 1146 3729 ἀσώματον,
1174 3643 1290 3727 εὔλογον
1312 3645 1360 3708 καλ
1381 3646 1414 3708 τδ
1437 3651 1502 3730 φῶς

254 3753 409 3834 ἀσώματον
432 3751 533 3833 λέγειν,
556 3750 680 3815 ἐναντίον
704 3750 735 3815 όν
758 3754 801 3835 τῷ
824 3749 930 3834 σκότιρ.
969 3747 1011 3812 ἔτι
1033 3750 1112 3812 εἰτὸ
1136 3746 1238 3818 σκότος
1260 3755 1356 3831 σῶμα,
1379 3745 1500 3832 πότερον
1516 3763 1543 3806 45

255 3854 398 3940 ὑπομένον
413 3853 531 3941 δέχεται
552 3854 585 3916 τὸ
607 3858 671 3938 φῶς
692 3852 983 3937 ῆάντιπεριίσταται;
1006 3852 1032 3915 εί
1048 3852 1100 3934 μὲν
1122 3851 1175 3935 γὰρ
1192 3850 1338 3933 ὑπομένει,
1361 3847 1443 3913 ἔσται
1466 3849 1500 3912 οὐ

255 3956 306 4021 δόο
330 3954 415 4042 μόνον
438 3956 468 4020 ἐν
482 3944 570 4041 ἀὐτῷ
595 3957 733 4036 σώματα,
758 3955 903 4018 ἀλλὰκαὶ
926 3957 999 4039 τρία,
1023 3953 1040 4017 ό
1060 3977 1093 4017 τε
1114 3953 1168 4038 γὰρ
1192 3954 1248 4037 ἀὴρ
1271 3954 1318 4016 καὶ
1341 3953 1373 4015 τδ
1397 3950 1500 4020 σκότος

253 4060 302 4123 καὶ
323 4061 356 4123 τδ
372 4067 445 4145 φῶς.
482 4059 507 4122 εἰ
529 4059 562 4122 δὲ
584 4057 834 4142 ἀντιπεριΐσταται,
856 4061 912 4120 ποῦ
928 4057 1207 4140 ἀντιπεριστήσεταιγ
1230 4057 1249 4140 ῆ
1274 4053 1407 4139 δηλονότι
1431 4052 1501 4116 ὅθεν

213 4178 240 4224 35
253 4161 361 4226 ἔπεισιν
383 4165 415 4226 τδ
430 4167 508 4248 φῶς;
531 4159 612 4225 ἔσται
634 4159 690 4245 ἄρα
711 4160 744 4222 τδ
769 4157 871 4228 σκότος
893 4159 923 4222 ἐν
939 4165 981 4244 τιγῦ
1005 4159 1081 4243 ῆλίιρ
1103 4159 1226 4227 καὶτοῖς
1248 4157 1364 4240 ἄστροις
1384 4157 1433 4219 καὶ
1455 4160 1500 4240 τιγῦ

252 4266 330 4351 πυρί.
364 4270 448 4328 τοῦτο
471 4266 503 4327 δὲ
524 4264 703 4327 παντάπασιν
725 4261 842 4324 ἄτοπον.
879 4259 921 4324 ἔτι
943 4263 968 4324 εἰ
991 4263 1023 4325 τδ
1047 4260 1159 4338 σκότος,
1182 4265 1268 4343 σῶμα
1291 4258 1333 4335 όν,
1356 4257 1500 4340 ὑπομένον

253 4367 369 4454 δέχεται
391 4369 423 4430 τδ
447 4372 525 4452 φῶς,
553 4364 633 4429 ἔσται
654 4366 687 4426 τὸ
710 4364 835 4428 ἐναντίον
865 4368 915 4427 τοῦ
937 4365 1064 4428 ἐναντίου
1087 4361 1226 4427 δεκτικόν.
1271 4366 1355 4424 τοῦτο
1378 4361 1410 4423 ῦὲ
1435 4360 1500 4423 ἀδό-
1515 4376 1543 4419 ιο

252 4493 345 4534 νατον.
390 4470 416 4533 εἰ
436 4470 490 4553 γὰρ
513 4466 703 4532 ἀλλοιοῦσθαί
728 4490 769 4537 τις
796 4466 874 4550 λέγοι
900 4467 933 4529 τὸ
961 4465 1161 4549 ὑποκείμενον,
1188 4462 1255 4527 οὔτε
1276 4464 1309 4526 τδ
1336 4468 1402 4547 φῶς
1422 4461 1504 4527 ἔσται

199 4641 302 4694 ssew
320 4642 361 4693 Κε
452 4639 529 4708 Ίτό]
547 4657 572 4691 τι
589 4640 718 4693 Usenerus
812 4639 954 4691 9fortasse
972 4646 1039 4709 φῶς·
1057 4637 1116 4702 (οῦκ
1135 4637 1182 4708 ἄρα
1201 4640 1249 4706 πῦρ
1267 4635 1296 4688 τὸ
1315 4637 1388 4704 φῶς).
1426 4636 1557 4688 Usenerus

90 4786 96 4795 ,
202 4729 230 4780 ll
252 4743 347 4797 γιοω.
366 4728 406 4780 Ka
512 4727 544 4779 12
561 4728 590 4778 τδ
608 4731 657 4798 πῦρ
676 4731 731 4795 φῶς
750 4726 789 4777 Ka
898 4727 929 4778 14
947 4724 1012 4795 λέγει
1031 4727 1071 4779 Ka
1177 4724 1209 4776 24
1229 4724 1298 4776 ἔσται
1316 4723 1402 4776 Diels:
1422 4721 1473 4774 ἔστι
1492 4723 1558 4775 λ’Κε

200 4813 304 4867 25-26
322 4812 351 4866 οῦ
370 4808 493 4881 σώματος’
504 4814 546 4866 Κο
652 4812 685 4864 27
704 4813 750 4885 γάρ
767 4830 792 4864 τι
811 4813 852 4864 Κιι
958 4812 991 4864 29
1009 4813 1144 4880 ἀσώματος
1162 4828 1178 4864 ε
1283 4810 1314 4863 31
1335 4812 1373 4881 τῷ
1391 4824 1441 4862 οω.
1460 4809 1502 4863 Ka

200 4901 234 4955 33
252 4901 361 4955 fortasse
378 4903 439 4970 <τγῆ
456 4899 528 4971 αδτῷ
633 4901 676 4952 καὶ
694 4904 756 4952 ante
773 4898 829 4970 τρία
848 4914 898 4952 οω.
917 4900 959 4952 Ka
1379 4908 1381 4911 ·
