<?xml version="1.0" encoding="UTF-8"?>
<!DOCTYPE html PUBLIC "-//W3C//DTD XHTML 1.0 Transitional//EN"
    "http://www.w3.org/TR/xhtml1/DTD/xhtml1-transitional.dtd">
<html xmlns="http://www.w3.org/1999/xhtml" xml:lang="en" lang="en">
 <head>
  <title>
</title>
<meta http-equiv="Content-Type" content="text/html;charset=utf-8" />
  <meta name='ocr-system' content='tesseract 3.04.00' />
  <meta name='ocr-capabilities' content='ocr_page ocr_carea ocr_par ocr_line ocrx_word'/>
</head>
<body>
  <div class='ocr_page' id='page_1' title='image "./supplementumari02arisgoog/supplementumari02arisgoog_0457.png"; bbox 0 0 3540 5610; ppageno 0'>
   <div class='ocr_carea' id='block_1_1' title="bbox 223 316 1351 393">
    <p class='ocr_par' dir='ltr' id='par_1_1' title="bbox 223 316 1351 393">
     <span class='ocr_line' id='line_1_1' title="bbox 223 316 1351 393; baseline -0.01 -11"><span class='ocrx_word' id='word_1_1' title='bbox 223 324 283 390; x_wconf 85' lang='grc'>148</span> <span class='ocrx_word' id='word_1_2' title='bbox 450 319 614 393; x_wconf 86' lang='grc' dir='ltr'>[ΑΠΟΡΙΩΝ</span> <span class='ocrx_word' id='word_1_3' title='bbox 635 319 696 376; x_wconf 80' lang='grc' dir='ltr'>ΚΑΙ</span> <span class='ocrx_word' id='word_1_4' title='bbox 715 319 848 375; x_wconf 75' lang='grc' dir='ltr'>ΛΥΣΕΩΝ</span> <span class='ocrx_word' id='word_1_5' title='bbox 868 317 1009 376; x_wconf 77' lang='grc' dir='ltr'><strong>11111111οΝ</strong></span> <span class='ocrx_word' id='word_1_6' title='bbox 1029 316 1214 374; x_wconf 78' lang='lat' dir='ltr'><strong>TETAPTON</strong></span> <span class='ocrx_word' id='word_1_7' title='bbox 1235 319 1351 388; x_wconf 72' lang='lat'>24-25]</span> 
     </span>
    </p>
   </div>
   <div class='ocr_carea' id='block_1_2' title="bbox 271 491 1567 891">
    <p class='ocr_par' dir='ltr' id='par_1_2' title="bbox 271 491 1567 891">
     <span class='ocr_line' id='line_1_2' title="bbox 272 491 1527 581; baseline -0.004 -22"><span class='ocrx_word' id='word_1_8' title='bbox 272 497 422 581; x_wconf 81' lang='grc' dir='ltr'>πολιτική,</span> <span class='ocrx_word' id='word_1_9' title='bbox 449 499 507 561; x_wconf 88' lang='grc' dir='ltr'>άπδ</span> <span class='ocrx_word' id='word_1_10' title='bbox 531 499 563 561; x_wconf 86' lang='grc' dir='ltr'>δέ</span> <span class='ocrx_word' id='word_1_11' title='bbox 585 500 643 560; x_wconf 84' lang='grc' dir='ltr'>τῶν</span> <span class='ocrx_word' id='word_1_12' title='bbox 665 496 791 581; x_wconf 85' lang='grc' dir='ltr'>ἀρίστων</span> <span class='ocrx_word' id='word_1_13' title='bbox 818 497 837 580; x_wconf 89' lang='grc' dir='ltr'>ῆ</span> <span class='ocrx_word' id='word_1_14' title='bbox 861 499 918 558; x_wconf 84' lang='grc' dir='ltr'>τῶν</span> <span class='ocrx_word' id='word_1_15' title='bbox 941 495 1014 558; x_wconf 78' lang='grc' dir='ltr'>κατὰ</span> <span class='ocrx_word' id='word_1_16' title='bbox 1037 495 1121 578; x_wconf 91' lang='grc' dir='ltr'>φὺσιν</span> <span class='ocrx_word' id='word_1_17' title='bbox 1144 493 1259 578; x_wconf 79' lang='grc' dir='ltr'>ἑκάστῳ</span> <span class='ocrx_word' id='word_1_18' title='bbox 1283 493 1388 577; x_wconf 90' lang='grc' dir='ltr'>κρίσις,</span> <span class='ocrx_word' id='word_1_19' title='bbox 1419 491 1466 577; x_wconf 87' lang='grc' dir='ltr'>εἴη</span> <span class='ocrx_word' id='word_1_20' title='bbox 1491 491 1527 555; x_wconf 78' lang='grc' dir='ltr'>ἂν</span> 
     </span>
     <span class='ocr_line' id='line_1_3' title="bbox 273 596 1526 685; baseline -0.004 -23"><span class='ocrx_word' id='word_1_21' title='bbox 273 599 466 685; x_wconf 83' lang='grc' dir='ltr'>ὑᾶνθρωπος</span> <span class='ocrx_word' id='word_1_22' title='bbox 488 602 611 683; x_wconf 88' lang='grc' dir='ltr'>λογικόν,</span> <span class='ocrx_word' id='word_1_23' title='bbox 640 600 733 668; x_wconf 85' lang='grc' dir='ltr'>οὑτως</span> <span class='ocrx_word' id='word_1_24' title='bbox 758 600 790 662; x_wconf 86' lang='grc' dir='ltr'>δέ</span> <span class='ocrx_word' id='word_1_25' title='bbox 816 600 864 663; x_wconf 82' lang='grc' dir='ltr'>καὶ</span> <span class='ocrx_word' id='word_1_26' title='bbox 891 596 1045 671; x_wconf 87' lang='grc' dir='ltr'>πολιτικόν,</span> <span class='ocrx_word' id='word_1_27' title='bbox 1074 599 1177 660; x_wconf 88' lang='grc' dir='ltr'>καὶτὸ</span> <span class='ocrx_word' id='word_1_28' title='bbox 1201 599 1305 668; x_wconf 97' lang='grc' dir='ltr'>σώζειν</span> <span class='ocrx_word' id='word_1_29' title='bbox 1333 597 1365 659; x_wconf 87' lang='grc' dir='ltr'>δὲ</span> <span class='ocrx_word' id='word_1_30' title='bbox 1392 597 1446 679; x_wconf 86' lang='grc' dir='ltr'>τῆν</span> <span class='ocrx_word' id='word_1_31' title='bbox 1468 618 1526 657; x_wconf 91' lang='grc' dir='ltr'>τοι·</span> 
     </span>
     <span class='ocr_line' id='line_1_4' title="bbox 271 695 1567 788; baseline -0.005 -23"><span class='ocrx_word' id='word_1_32' title='bbox 271 703 361 788; x_wconf 91' lang='grc' dir='ltr'>αὑτην</span> <span class='ocrx_word' id='word_1_33' title='bbox 384 705 531 767; x_wconf 80' lang='grc' dir='ltr'>κοινωνίαν</span> <span class='ocrx_word' id='word_1_34' title='bbox 554 703 600 787; x_wconf 85' lang='grc' dir='ltr'>εἴη</span> <span class='ocrx_word' id='word_1_35' title='bbox 623 701 658 766; x_wconf 79' lang='grc' dir='ltr'>ἂν</span> <span class='ocrx_word' id='word_1_36' title='bbox 674 703 754 788; x_wconf 77' lang='grc' dir='ltr'>αὐτῷ</span> <span class='ocrx_word' id='word_1_37' title='bbox 780 704 904 786; x_wconf 92' lang='grc' dir='ltr'>μάλιστα</span> <span class='ocrx_word' id='word_1_38' title='bbox 926 701 1098 785; x_wconf 77' lang='grc' dir='ltr'>κατὰφύσιν</span> <span class='ocrx_word' id='word_1_39' title='bbox 1121 723 1152 762; x_wconf 90' lang='grc' dir='ltr'>τε</span> <span class='ocrx_word' id='word_1_40' title='bbox 1174 701 1222 763; x_wconf 88' lang='grc' dir='ltr'>καὶ</span> <span class='ocrx_word' id='word_1_41' title='bbox 1244 699 1357 782; x_wconf 86' lang='grc' dir='ltr'>αἱρετὸν</span> <span class='ocrx_word' id='word_1_42' title='bbox 1380 696 1419 761; x_wconf 80' lang='grc' dir='ltr'>δι’</span> <span class='ocrx_word' id='word_1_43' title='bbox 1440 695 1524 769; x_wconf 87' lang='grc' dir='ltr'>αὑτό,</span> <span class='ocrx_word' id='word_1_44' title='bbox 1540 712 1567 753; x_wconf 83' lang='lat'>¹⁰</span> 
     </span>
     <span class='ocr_line' id='line_1_5' title="bbox 271 806 694 891; baseline 0 -23"><span class='ocrx_word' id='word_1_45' title='bbox 271 811 399 869; x_wconf 90' lang='grc' dir='ltr'>τοιοῦτον</span> <span class='ocrx_word' id='word_1_46' title='bbox 422 807 454 870; x_wconf 89' lang='grc' dir='ltr'>δέ</span> <span class='ocrx_word' id='word_1_47' title='bbox 476 809 495 891; x_wconf 85' lang='grc' dir='ltr'>ῆ</span> <span class='ocrx_word' id='word_1_48' title='bbox 519 806 694 889; x_wconf 77' lang='grc' dir='ltr'>δικαιοσύνη.</span> 
     </span>
    </p>
   </div>
   <div class='ocr_carea' id='block_1_3' title="bbox 234 1044 1521 1134">
    <p class='ocr_par' dir='ltr' id='par_1_3' title="bbox 234 1044 1521 1134">
     <span class='ocr_line' id='line_1_6' title="bbox 234 1044 1521 1134; baseline -0.004 -24"><span class='ocrx_word' id='word_1_49' title='bbox 234 1067 249 1116; x_wconf 83' lang='lat'>5</span> <span class='ocrx_word' id='word_1_50' title='bbox 268 1047 366 1112; x_wconf 87' lang='lat' dir='ltr'><strong>XXV.</strong></span> <span class='ocrx_word' id='word_1_51' title='bbox 401 1045 607 1134; x_wconf 82' lang='grc' dir='ltr'>Ἐπιδρομη,</span> <span class='ocrx_word' id='word_1_52' title='bbox 629 1047 737 1111; x_wconf 91' lang='grc' dir='ltr'>πόθεν</span> <span class='ocrx_word' id='word_1_53' title='bbox 760 1050 779 1132; x_wconf 82' lang='grc' dir='ltr'>ἡ</span> <span class='ocrx_word' id='word_1_54' title='bbox 802 1053 870 1111; x_wconf 83' lang='grc' dir='ltr'>τῶν</span> <span class='ocrx_word' id='word_1_55' title='bbox 887 1049 1021 1132; x_wconf 82' lang='grc' dir='ltr'>ἀρετῶν</span> <span class='ocrx_word' id='word_1_56' title='bbox 1043 1050 1183 1133; x_wconf 88' lang='grc' dir='ltr'>εῦρεσίς</span> <span class='ocrx_word' id='word_1_57' title='bbox 1204 1068 1239 1110; x_wconf 90' lang='grc' dir='ltr'>τε</span> <span class='ocrx_word' id='word_1_58' title='bbox 1262 1047 1317 1110; x_wconf 86' lang='grc' dir='ltr'>καὶ</span> <span class='ocrx_word' id='word_1_59' title='bbox 1340 1044 1521 1111; x_wconf 84' lang='grc' dir='ltr'>σύστασις.</span> 
     </span>
    </p>
   </div>
   <div class='ocr_carea' id='block_1_4' title="bbox 205 1217 1573 4191">
    <p class='ocr_par' dir='ltr' id='par_1_4' title="bbox 265 1217 1562 1716">
     <span class='ocr_line' id='line_1_7' title="bbox 352 1217 1520 1304; baseline -0.005 -21"><span class='ocrx_word' id='word_1_60' title='bbox 352 1217 433 1283; x_wconf 82' lang='grc' dir='ltr'>Ἐπεί</span> <span class='ocrx_word' id='word_1_61' title='bbox 455 1222 474 1303; x_wconf 85' lang='grc' dir='ltr'>ῆ</span> <span class='ocrx_word' id='word_1_62' title='bbox 497 1219 665 1303; x_wconf 72' lang='grc' dir='ltr'>εὐδαιμονία</span> <span class='ocrx_word' id='word_1_63' title='bbox 692 1223 752 1288; x_wconf 88' lang='grc' dir='ltr'>τοῖς</span> <span class='ocrx_word' id='word_1_64' title='bbox 774 1219 939 1304; x_wconf 85' lang='grc' dir='ltr'>ἀνθρώποις</span> <span class='ocrx_word' id='word_1_65' title='bbox 962 1221 1084 1298; x_wconf 87' lang='grc' dir='ltr'>σκοπός,</span> <span class='ocrx_word' id='word_1_66' title='bbox 1113 1222 1160 1284; x_wconf 84' lang='grc' dir='ltr'>καὶ</span> <span class='ocrx_word' id='word_1_67' title='bbox 1188 1222 1233 1283; x_wconf 92' lang='grc' dir='ltr'>δεῖ</span> <span class='ocrx_word' id='word_1_68' title='bbox 1258 1220 1351 1281; x_wconf 90' lang='grc' dir='ltr'>πάντα</span> <span class='ocrx_word' id='word_1_69' title='bbox 1373 1217 1520 1299; x_wconf 86' lang='grc' dir='ltr'>πράττειν,</span> 
     </span>
     <span class='ocr_line' id='line_1_8' title="bbox 268 1319 1562 1407; baseline -0.007 -22"><span class='ocrx_word' id='word_1_70' title='bbox 268 1320 348 1392; x_wconf 82' lang='grc' dir='ltr'>ὅπως</span> <span class='ocrx_word' id='word_1_71' title='bbox 370 1325 476 1406; x_wconf 86' lang='grc' dir='ltr'>ταὺτην</span> <span class='ocrx_word' id='word_1_72' title='bbox 492 1323 674 1407; x_wconf 80' lang='grc' dir='ltr'>κτησαίμεθα</span> <span class='ocrx_word' id='word_1_73' title='bbox 697 1326 738 1391; x_wconf 87' lang='grc' dir='ltr'>ίας</span> <span class='ocrx_word' id='word_1_74' title='bbox 760 1322 843 1393; x_wconf 89' lang='grc' dir='ltr'>τέλος</span> <span class='ocrx_word' id='word_1_75' title='bbox 865 1346 896 1386; x_wconf 92' lang='grc' dir='ltr'>τε</span> <span class='ocrx_word' id='word_1_76' title='bbox 918 1325 966 1386; x_wconf 92' lang='grc' dir='ltr'>κα1</span> <span class='ocrx_word' id='word_1_77' title='bbox 983 1324 1115 1407; x_wconf 88' lang='grc' dir='ltr'>μέγιστον</span> <span class='ocrx_word' id='word_1_78' title='bbox 1137 1328 1196 1388; x_wconf 84' lang='grc' dir='ltr'>τῶν</span> <span class='ocrx_word' id='word_1_79' title='bbox 1212 1321 1364 1406; x_wconf 79' lang='grc' dir='ltr'>ἡμετέρων</span> <span class='ocrx_word' id='word_1_80' title='bbox 1386 1319 1520 1402; x_wconf 83' lang='grc' dir='ltr'>άγαθῦιν,</span> <span class='ocrx_word' id='word_1_81' title='bbox 1536 1333 1562 1375; x_wconf 75' lang='grc' dir='ltr'>ιι</span> 
     </span>
     <span class='ocr_line' id='line_1_9' title="bbox 271 1423 1520 1510; baseline -0.002 -23"><span class='ocrx_word' id='word_1_82' title='bbox 271 1425 410 1490; x_wconf 87' lang='grc' dir='ltr'>άδόνατον</span> <span class='ocrx_word' id='word_1_83' title='bbox 434 1427 466 1489; x_wconf 77' lang='grc' dir='ltr'>δὲ</span> <span class='ocrx_word' id='word_1_84' title='bbox 488 1426 520 1488; x_wconf 90' lang='grc' dir='ltr'>τδ</span> <span class='ocrx_word' id='word_1_85' title='bbox 543 1427 676 1510; x_wconf 77' lang='grc' dir='ltr'>πράττειν</span> <span class='ocrx_word' id='word_1_86' title='bbox 699 1425 761 1488; x_wconf 85' lang='grc' dir='ltr'>τινὰ</span> <span class='ocrx_word' id='word_1_87' title='bbox 784 1428 825 1494; x_wconf 82' lang='grc' dir='ltr'>ὡς</span> <span class='ocrx_word' id='word_1_88' title='bbox 846 1425 888 1494; x_wconf 88' lang='grc' dir='ltr'>είς</span> <span class='ocrx_word' id='word_1_89' title='bbox 911 1449 936 1488; x_wconf 92' lang='grc' dir='ltr'>τι</span> <span class='ocrx_word' id='word_1_90' title='bbox 959 1429 1148 1489; x_wconf 81' lang='grc' dir='ltr'>συντελοῦντα</span> <span class='ocrx_word' id='word_1_91' title='bbox 1170 1427 1189 1510; x_wconf 84' lang='grc' dir='ltr'>ῆ</span> <span class='ocrx_word' id='word_1_92' title='bbox 1214 1424 1290 1494; x_wconf 86' lang='grc' dir='ltr'>όλως</span> <span class='ocrx_word' id='word_1_93' title='bbox 1311 1423 1461 1508; x_wconf 76' lang='grc' dir='ltr'>γνωρίζειν</span> <span class='ocrx_word' id='word_1_94' title='bbox 1483 1423 1520 1484; x_wconf 83' lang='grc' dir='ltr'>τά</span> 
     </span>
     <span class='ocr_line' id='line_1_10' title="bbox 268 1525 1521 1613; baseline -0.002 -23"><span class='ocrx_word' id='word_1_95' title='bbox 268 1526 304 1590; x_wconf 84' lang='grc' dir='ltr'>δι’</span> <span class='ocrx_word' id='word_1_96' title='bbox 333 1530 373 1591; x_wconf 89' lang='grc' dir='ltr'>ών</span> <span class='ocrx_word' id='word_1_97' title='bbox 400 1528 461 1592; x_wconf 85' lang='grc' dir='ltr'>οἷόν</span> <span class='ocrx_word' id='word_1_98' title='bbox 487 1553 519 1592; x_wconf 90' lang='grc' dir='ltr'>τε</span> <span class='ocrx_word' id='word_1_99' title='bbox 541 1534 641 1613; x_wconf 86' lang='grc' dir='ltr'>τυχεῖν</span> <span class='ocrx_word' id='word_1_100' title='bbox 668 1551 742 1598; x_wconf 90' lang='grc' dir='ltr'>τινος</span> <span class='ocrx_word' id='word_1_101' title='bbox 770 1533 879 1592; x_wconf 82' lang='grc' dir='ltr'>σκοποῦ</span> <span class='ocrx_word' id='word_1_102' title='bbox 906 1529 1102 1612; x_wconf 71' lang='grc' dir='ltr'>ἀγνοουμένου</span> <span class='ocrx_word' id='word_1_103' title='bbox 1131 1533 1181 1592; x_wconf 92' lang='grc' dir='ltr'>τοῦ</span> <span class='ocrx_word' id='word_1_104' title='bbox 1208 1531 1318 1592; x_wconf 81' lang='grc' dir='ltr'>σκοποῦ</span> <span class='ocrx_word' id='word_1_105' title='bbox 1345 1526 1440 1610; x_wconf 83' lang='grc' dir='ltr'>(ἀρχὴ</span> <span class='ocrx_word' id='word_1_106' title='bbox 1465 1525 1521 1607; x_wconf 81' lang='grc' dir='ltr'>γάρ</span> 
     </span>
     <span class='ocr_line' id='line_1_11' title="bbox 265 1631 1561 1716; baseline -0.002 -23"><span class='ocrx_word' id='word_1_107' title='bbox 265 1637 319 1715; x_wconf 87' lang='grc' dir='ltr'>τῆς</span> <span class='ocrx_word' id='word_1_108' title='bbox 340 1631 483 1716; x_wconf 82' lang='grc' dir='ltr'>εὑρέσεως</span> <span class='ocrx_word' id='word_1_109' title='bbox 505 1637 562 1695; x_wconf 83' lang='grc' dir='ltr'>τῶν</span> <span class='ocrx_word' id='word_1_110' title='bbox 586 1633 627 1700; x_wconf 85' lang='grc' dir='ltr'>είς</span> <span class='ocrx_word' id='word_1_111' title='bbox 648 1632 697 1695; x_wconf 82' lang='grc' dir='ltr'>τὸν</span> <span class='ocrx_word' id='word_1_112' title='bbox 721 1634 829 1696; x_wconf 87' lang='grc' dir='ltr'>σκοπὸν</span> <span class='ocrx_word' id='word_1_113' title='bbox 853 1632 1063 1696; x_wconf 79' lang='grc' dir='ltr'>συντελούντων</span> <span class='ocrx_word' id='word_1_114' title='bbox 1087 1634 1213 1695; x_wconf 81' lang='grc' dir='ltr'>καὶτῶν</span> <span class='ocrx_word' id='word_1_115' title='bbox 1236 1631 1346 1694; x_wconf 88' lang='grc' dir='ltr'>ἐκείνου</span> <span class='ocrx_word' id='word_1_116' title='bbox 1370 1631 1457 1715; x_wconf 80' lang='grc' dir='ltr'>χάριν</span> <span class='ocrx_word' id='word_1_117' title='bbox 1479 1651 1519 1709; x_wconf 89' lang='grc' dir='ltr'>γι·</span> <span class='ocrx_word' id='word_1_118' title='bbox 1532 1643 1561 1685; x_wconf 72' lang='lat'>2⁰</span> 
     </span>
    </p>

    <p class='ocr_par' dir='ltr' id='par_1_5' title="bbox 218 1730 1569 2232">
     <span class='ocr_line' id='line_1_12' title="bbox 218 1730 1519 1819; baseline -0.004 -20"><span class='ocrx_word' id='word_1_119' title='bbox 218 1754 247 1799; x_wconf 90' lang='lat'>10</span> <span class='ocrx_word' id='word_1_120' title='bbox 266 1734 393 1816; x_wconf 84' lang='grc' dir='ltr'>νομένων</span> <span class='ocrx_word' id='word_1_121' title='bbox 417 1735 548 1818; x_wconf 77' lang='grc' dir='ltr'>πράξεων</span> <span class='ocrx_word' id='word_1_122' title='bbox 571 1732 617 1819; x_wconf 85' lang='grc' dir='ltr'>&lt;ῆ&gt;</span> <span class='ocrx_word' id='word_1_123' title='bbox 639 1738 744 1816; x_wconf 86' lang='grc' dir='ltr'>γνῶσις</span> <span class='ocrx_word' id='word_1_124' title='bbox 771 1740 822 1798; x_wconf 88' lang='grc' dir='ltr'>τοῦ</span> <span class='ocrx_word' id='word_1_125' title='bbox 845 1741 970 1810; x_wconf 86' lang='grc' dir='ltr'>σκοποῦ,</span> <span class='ocrx_word' id='word_1_126' title='bbox 998 1737 1042 1799; x_wconf 90' lang='grc' dir='ltr'>διδ</span> <span class='ocrx_word' id='word_1_127' title='bbox 1066 1738 1114 1799; x_wconf 81' lang='grc' dir='ltr'>καὶ</span> <span class='ocrx_word' id='word_1_128' title='bbox 1141 1740 1193 1819; x_wconf 90' lang='grc' dir='ltr'>τῆς</span> <span class='ocrx_word' id='word_1_129' title='bbox 1215 1736 1323 1819; x_wconf 76' lang='grc' dir='ltr'>ἠθικῆς</span> <span class='ocrx_word' id='word_1_130' title='bbox 1345 1730 1519 1817; x_wconf 81' lang='grc' dir='ltr'>φιλοσοφίας</span> 
     </span>
     <span class='ocr_line' id='line_1_13' title="bbox 265 1836 1518 1922; baseline -0.003 -22"><span class='ocrx_word' id='word_1_131' title='bbox 265 1839 345 1922; x_wconf 84' lang='grc' dir='ltr'>άρχη</span> <span class='ocrx_word' id='word_1_132' title='bbox 368 1839 400 1901; x_wconf 87' lang='grc' dir='ltr'>τὸ</span> <span class='ocrx_word' id='word_1_133' title='bbox 417 1843 530 1919; x_wconf 86' lang='grc' dir='ltr'>γνώναι,</span> <span class='ocrx_word' id='word_1_134' title='bbox 555 1838 583 1900; x_wconf 89' lang='grc' dir='ltr'>τί</span> <span class='ocrx_word' id='word_1_135' title='bbox 603 1836 666 1900; x_wconf 81' lang='grc' dir='ltr'>ποτ’</span> <span class='ocrx_word' id='word_1_136' title='bbox 695 1839 771 1901; x_wconf 82' lang='grc' dir='ltr'>ἐστὶν</span> <span class='ocrx_word' id='word_1_137' title='bbox 791 1838 969 1919; x_wconf 83' lang='grc' dir='ltr'>εὐδαιμονία,</span> <span class='ocrx_word' id='word_1_138' title='bbox 993 1839 1028 1922; x_wconf 88' lang='grc' dir='ltr'>ῆς</span> <span class='ocrx_word' id='word_1_139' title='bbox 1043 1840 1128 1922; x_wconf 81' lang='grc' dir='ltr'>χάριν</span> <span class='ocrx_word' id='word_1_140' title='bbox 1151 1840 1229 1922; x_wconf 79' lang='grc' dir='ltr'>ῆμᾶς</span> <span class='ocrx_word' id='word_1_141' title='bbox 1251 1839 1297 1900; x_wconf 86' lang='grc' dir='ltr'>δεῖ</span> <span class='ocrx_word' id='word_1_142' title='bbox 1314 1839 1408 1899; x_wconf 88' lang='grc' dir='ltr'>πάντα</span> <span class='ocrx_word' id='word_1_143' title='bbox 1431 1837 1518 1920; x_wconf 90' lang='grc' dir='ltr'>πράτ-</span> 
     </span>
     <span class='ocr_line' id='line_1_14' title="bbox 268 1935 1560 2025; baseline -0.005 -22"><span class='ocrx_word' id='word_1_144' title='bbox 268 1939 349 2023; x_wconf 86' lang='grc' dir='ltr'>τειν),</span> <span class='ocrx_word' id='word_1_145' title='bbox 372 1941 564 2025; x_wconf 74' lang='grc' dir='ltr'>ἐζητήσαμεν,</span> <span class='ocrx_word' id='word_1_146' title='bbox 589 1941 618 2004; x_wconf 91' lang='grc' dir='ltr'>τί</span> <span class='ocrx_word' id='word_1_147' title='bbox 636 1941 708 2004; x_wconf 90' lang='grc' dir='ltr'>ποτέ</span> <span class='ocrx_word' id='word_1_148' title='bbox 723 1942 799 2005; x_wconf 86' lang='grc' dir='ltr'>ἐστιν</span> <span class='ocrx_word' id='word_1_149' title='bbox 822 1941 999 2025; x_wconf 86' lang='grc' dir='ltr'>εὐδαιμονία,</span> <span class='ocrx_word' id='word_1_150' title='bbox 1021 1943 1069 2004; x_wconf 81' lang='grc' dir='ltr'>καὶ</span> <span class='ocrx_word' id='word_1_151' title='bbox 1088 1942 1221 2024; x_wconf 85' lang='grc' dir='ltr'>εὑρόντες</span> <span class='ocrx_word' id='word_1_152' title='bbox 1244 1941 1369 2003; x_wconf 83' lang='grc' dir='ltr'>ἑκάστου</span> <span class='ocrx_word' id='word_1_153' title='bbox 1392 1943 1451 2002; x_wconf 82' lang='grc' dir='ltr'>τῶν</span> <span class='ocrx_word' id='word_1_154' title='bbox 1475 1935 1519 2000; x_wconf 81' lang='grc' dir='ltr'>όν·</span> <span class='ocrx_word' id='word_1_155' title='bbox 1532 1952 1560 1995; x_wconf 72' lang='grc' dir='ltr'>αι</span> 
     </span>
     <span class='ocr_line' id='line_1_15' title="bbox 265 2040 1569 2128; baseline -0.001 -23"><span class='ocrx_word' id='word_1_156' title='bbox 265 2067 322 2105; x_wconf 90' lang='grc' dir='ltr'>των</span> <span class='ocrx_word' id='word_1_157' title='bbox 344 2046 377 2107; x_wconf 87' lang='grc' dir='ltr'>τὸ</span> <span class='ocrx_word' id='word_1_158' title='bbox 393 2045 504 2126; x_wconf 85' lang='grc' dir='ltr'>ἀγαθδν</span> <span class='ocrx_word' id='word_1_159' title='bbox 528 2044 559 2107; x_wconf 86' lang='grc' dir='ltr'>ὃν</span> <span class='ocrx_word' id='word_1_160' title='bbox 582 2045 612 2107; x_wconf 93' lang='grc' dir='ltr'>ἐν</span> <span class='ocrx_word' id='word_1_161' title='bbox 630 2048 666 2126; x_wconf 83' lang='grc' dir='ltr'>τῆ</span> <span class='ocrx_word' id='word_1_162' title='bbox 682 2044 775 2128; x_wconf 75' lang='grc' dir='ltr'>οἰκείᾳ</span> <span class='ocrx_word' id='word_1_163' title='bbox 799 2041 802 2128; x_wconf 71' lang='grc'><strong>1</strong></span> <span class='ocrx_word' id='word_1_164' title='bbox 826 2045 953 2128; x_wconf 81' lang='grc' dir='ltr'>ἐνεργείογ</span> <span class='ocrx_word' id='word_1_165' title='bbox 976 2050 1012 2128; x_wconf 84' lang='grc' dir='ltr'>τῆ</span> <span class='ocrx_word' id='word_1_166' title='bbox 1037 2042 1106 2107; x_wconf 87' lang='grc' dir='ltr'>καθ’</span> <span class='ocrx_word' id='word_1_167' title='bbox 1127 2042 1145 2106; x_wconf 87' lang='grc' dir='ltr'>ό</span> <span class='ocrx_word' id='word_1_168' title='bbox 1164 2044 1240 2106; x_wconf 86' lang='grc' dir='ltr'>ἐστιν</span> <span class='ocrx_word' id='word_1_169' title='bbox 1263 2041 1345 2126; x_wconf 76' lang='grc' dir='ltr'>αὐτῷ</span> <span class='ocrx_word' id='word_1_170' title='bbox 1369 2042 1401 2103; x_wconf 82' lang='grc' dir='ltr'>τὸ</span> <span class='ocrx_word' id='word_1_171' title='bbox 1417 2040 1490 2103; x_wconf 80' lang='grc' dir='ltr'>εἶναι</span> <span class='ocrx_word' id='word_1_172' title='bbox 1514 2048 1569 2104; x_wconf 82' lang='grc'>284</span> 
     </span>
     <span class='ocr_line' id='line_1_16' title="bbox 264 2145 1517 2232; baseline -0.003 -23"><span class='ocrx_word' id='word_1_173' title='bbox 264 2148 357 2232; x_wconf 86' lang='grc' dir='ltr'>τοὺτιμ</span> <span class='ocrx_word' id='word_1_174' title='bbox 386 2146 403 2209; x_wconf 83' lang='grc' dir='ltr'>ὅ</span> <span class='ocrx_word' id='word_1_175' title='bbox 425 2147 515 2224; x_wconf 85' lang='grc' dir='ltr'>ἐστιν,</span> <span class='ocrx_word' id='word_1_176' title='bbox 543 2148 570 2210; x_wconf 84' lang='grc' dir='ltr'>εἰ</span> <span class='ocrx_word' id='word_1_177' title='bbox 595 2145 627 2210; x_wconf 89' lang='grc' dir='ltr'>εὑ</span> <span class='ocrx_word' id='word_1_178' title='bbox 650 2147 768 2228; x_wconf 88' lang='grc' dir='ltr'>γίνοιτο·</span> <span class='ocrx_word' id='word_1_179' title='bbox 793 2147 842 2210; x_wconf 87' lang='grc' dir='ltr'>ἐπί</span> <span class='ocrx_word' id='word_1_180' title='bbox 867 2171 898 2210; x_wconf 90' lang='grc' dir='ltr'>τε</span> <span class='ocrx_word' id='word_1_181' title='bbox 923 2147 977 2230; x_wconf 79' lang='grc' dir='ltr'>γὰρ</span> <span class='ocrx_word' id='word_1_182' title='bbox 1005 2153 1062 2210; x_wconf 83' lang='grc' dir='ltr'>τῶν</span> <span class='ocrx_word' id='word_1_183' title='bbox 1090 2147 1176 2231; x_wconf 90' lang='grc' dir='ltr'>φὺσει</span> <span class='ocrx_word' id='word_1_184' title='bbox 1204 2148 1392 2210; x_wconf 86' lang='grc' dir='ltr'>συνεστώτων</span> <span class='ocrx_word' id='word_1_185' title='bbox 1415 2149 1517 2208; x_wconf 90' lang='grc' dir='ltr'>τοῦτον</span> 
     </span>
    </p>

    <p class='ocr_par' dir='ltr' id='par_1_6' title="bbox 216 2247 1559 2746">
     <span class='ocr_line' id='line_1_17' title="bbox 216 2247 1559 2336; baseline -0.004 -24"><span class='ocrx_word' id='word_1_186' title='bbox 216 2270 246 2319; x_wconf 82' lang='lat'>15</span> <span class='ocrx_word' id='word_1_187' title='bbox 266 2247 331 2335; x_wconf 86' lang='grc' dir='ltr'>ἔχει</span> <span class='ocrx_word' id='word_1_188' title='bbox 353 2251 401 2313; x_wconf 91' lang='grc' dir='ltr'>τδν</span> <span class='ocrx_word' id='word_1_189' title='bbox 417 2250 532 2334; x_wconf 81' lang='grc' dir='ltr'>τρόπον,</span> <span class='ocrx_word' id='word_1_190' title='bbox 555 2252 700 2314; x_wconf 83' lang='grc' dir='ltr'>ἀλλὰκαὶ</span> <span class='ocrx_word' id='word_1_191' title='bbox 723 2251 772 2314; x_wconf 85' lang='grc' dir='ltr'>ἐπὶ</span> <span class='ocrx_word' id='word_1_192' title='bbox 795 2256 852 2314; x_wconf 80' lang='grc' dir='ltr'>τῶν</span> <span class='ocrx_word' id='word_1_193' title='bbox 868 2251 942 2315; x_wconf 80' lang='grc' dir='ltr'>κατὰ</span> <span class='ocrx_word' id='word_1_194' title='bbox 964 2250 1079 2336; x_wconf 87' lang='grc' dir='ltr'>τέχνην,</span> <span class='ocrx_word' id='word_1_195' title='bbox 1104 2255 1232 2331; x_wconf 84' lang='grc' dir='ltr'>μιμεῖται</span> <span class='ocrx_word' id='word_1_196' title='bbox 1255 2250 1306 2332; x_wconf 78' lang='grc' dir='ltr'>τὴν</span> <span class='ocrx_word' id='word_1_197' title='bbox 1329 2248 1430 2333; x_wconf 83' lang='grc' dir='ltr'>φὺσιν·</span> <span class='ocrx_word' id='word_1_198' title='bbox 1464 2253 1517 2310; x_wconf 88' lang='grc' dir='ltr'>τοῦ</span> <span class='ocrx_word' id='word_1_199' title='bbox 1544 2262 1559 2305; x_wconf 73' lang='grc' dir='ltr'>ὁ</span> 
     </span>
     <span class='ocr_line' id='line_1_18' title="bbox 264 2351 1516 2438; baseline -0.002 -21"><span class='ocrx_word' id='word_1_200' title='bbox 264 2378 296 2417; x_wconf 91' lang='grc' dir='ltr'>τε</span> <span class='ocrx_word' id='word_1_201' title='bbox 311 2353 364 2437; x_wconf 81' lang='grc' dir='ltr'>γάρ</span> <span class='ocrx_word' id='word_1_202' title='bbox 382 2354 470 2416; x_wconf 87' lang='grc' dir='ltr'>ίππου</span> <span class='ocrx_word' id='word_1_203' title='bbox 493 2355 526 2417; x_wconf 88' lang='grc' dir='ltr'>τὸ</span> <span class='ocrx_word' id='word_1_204' title='bbox 542 2356 654 2436; x_wconf 81' lang='grc' dir='ltr'>ἀγαθόν</span> <span class='ocrx_word' id='word_1_205' title='bbox 677 2359 816 2429; x_wconf 90' lang='grc' dir='ltr'>τοιοῦτον,</span> <span class='ocrx_word' id='word_1_206' title='bbox 839 2355 869 2418; x_wconf 85' lang='grc' dir='ltr'>εί</span> <span class='ocrx_word' id='word_1_207' title='bbox 884 2355 917 2436; x_wconf 89' lang='grc' dir='ltr'>γέ</span> <span class='ocrx_word' id='word_1_208' title='bbox 940 2355 1016 2417; x_wconf 85' lang='grc' dir='ltr'>ἐστιν</span> <span class='ocrx_word' id='word_1_209' title='bbox 1040 2355 1092 2436; x_wconf 84' lang='grc' dir='ltr'>μὲν</span> <span class='ocrx_word' id='word_1_210' title='bbox 1108 2355 1213 2417; x_wconf 85' lang='grc' dir='ltr'>οἰκεῖον</span> <span class='ocrx_word' id='word_1_211' title='bbox 1236 2352 1318 2438; x_wconf 89' lang='grc' dir='ltr'>ἔργον</span> <span class='ocrx_word' id='word_1_212' title='bbox 1340 2351 1422 2436; x_wconf 79' lang='grc' dir='ltr'>αὐτῷ</span> <span class='ocrx_word' id='word_1_213' title='bbox 1438 2353 1516 2415; x_wconf 86' lang='grc' dir='ltr'>καθὸ</span> 
     </span>
     <span class='ocr_line' id='line_1_19' title="bbox 263 2454 1518 2543; baseline -0.002 -24"><span class='ocrx_word' id='word_1_214' title='bbox 263 2457 350 2526; x_wconf 87' lang='grc' dir='ltr'>ίππος</span> <span class='ocrx_word' id='word_1_215' title='bbox 372 2459 434 2520; x_wconf 82' lang='grc' dir='ltr'>ἐστὶ</span> <span class='ocrx_word' id='word_1_216' title='bbox 455 2459 488 2521; x_wconf 86' lang='grc' dir='ltr'>τδ</span> <span class='ocrx_word' id='word_1_217' title='bbox 511 2457 639 2543; x_wconf 87' lang='grc' dir='ltr'>τρέχειν,</span> <span class='ocrx_word' id='word_1_218' title='bbox 669 2459 779 2541; x_wconf 87' lang='grc' dir='ltr'>άγαθδν</span> <span class='ocrx_word' id='word_1_219' title='bbox 803 2459 835 2521; x_wconf 87' lang='grc' dir='ltr'>δέ</span> <span class='ocrx_word' id='word_1_220' title='bbox 856 2458 937 2542; x_wconf 79' lang='grc' dir='ltr'>αὐτῷ</span> <span class='ocrx_word' id='word_1_221' title='bbox 964 2460 997 2520; x_wconf 89' lang='grc' dir='ltr'>τδ</span> <span class='ocrx_word' id='word_1_222' title='bbox 1020 2455 1053 2520; x_wconf 87' lang='grc' dir='ltr'>εὑ</span> <span class='ocrx_word' id='word_1_223' title='bbox 1077 2457 1204 2541; x_wconf 86' lang='grc' dir='ltr'>τρέχειν,</span> <span class='ocrx_word' id='word_1_224' title='bbox 1229 2458 1244 2519; x_wconf 89' lang='grc' dir='ltr'>ὑ</span> <span class='ocrx_word' id='word_1_225' title='bbox 1268 2456 1293 2520; x_wconf 83' lang='grc' dir='ltr'>δ’</span> <span class='ocrx_word' id='word_1_226' title='bbox 1322 2456 1408 2524; x_wconf 82' lang='grc' dir='ltr'>αὐτὸς</span> <span class='ocrx_word' id='word_1_227' title='bbox 1431 2454 1518 2536; x_wconf 83' lang='grc' dir='ltr'>λόγος</span> 
     </span>
     <span class='ocr_line' id='line_1_20' title="bbox 263 2557 1518 2645; baseline -0.001 -23"><span class='ocrx_word' id='word_1_228' title='bbox 263 2562 310 2622; x_wconf 88' lang='grc' dir='ltr'>καὶ</span> <span class='ocrx_word' id='word_1_229' title='bbox 333 2561 381 2623; x_wconf 83' lang='grc' dir='ltr'>ἐπὶ</span> <span class='ocrx_word' id='word_1_230' title='bbox 409 2561 505 2630; x_wconf 85' lang='grc' dir='ltr'>κυνός·</span> <span class='ocrx_word' id='word_1_231' title='bbox 539 2559 598 2624; x_wconf 86' lang='grc' dir='ltr'>εῖτε</span> <span class='ocrx_word' id='word_1_232' title='bbox 620 2561 674 2644; x_wconf 88' lang='grc' dir='ltr'>γάρ</span> <span class='ocrx_word' id='word_1_233' title='bbox 702 2562 734 2624; x_wconf 94' lang='grc' dir='ltr'>τδ</span> <span class='ocrx_word' id='word_1_234' title='bbox 758 2563 925 2645; x_wconf 80' lang='grc' dir='ltr'>φυλάττειν,</span> <span class='ocrx_word' id='word_1_235' title='bbox 954 2560 1013 2624; x_wconf 88' lang='grc' dir='ltr'>είτε</span> <span class='ocrx_word' id='word_1_236' title='bbox 1041 2563 1073 2624; x_wconf 91' lang='grc' dir='ltr'>τὸ</span> <span class='ocrx_word' id='word_1_237' title='bbox 1100 2561 1195 2644; x_wconf 83' lang='grc' dir='ltr'>θηρᾶν</span> <span class='ocrx_word' id='word_1_238' title='bbox 1222 2557 1304 2643; x_wconf 86' lang='grc' dir='ltr'>ἔργον</span> <span class='ocrx_word' id='word_1_239' title='bbox 1328 2557 1426 2632; x_wconf 86' lang='grc' dir='ltr'>κυνός,</span> <span class='ocrx_word' id='word_1_240' title='bbox 1457 2557 1518 2621; x_wconf 84' lang='grc' dir='ltr'>εἴτε</span> 
     </span>
     <span class='ocr_line' id='line_1_21' title="bbox 261 2659 1558 2746; baseline -0.003 -22"><span class='ocrx_word' id='word_1_241' title='bbox 261 2667 318 2725; x_wconf 85' lang='grc' dir='ltr'>τῶν</span> <span class='ocrx_word' id='word_1_242' title='bbox 348 2665 399 2746; x_wconf 80' lang='grc' dir='ltr'>μέν</span> <span class='ocrx_word' id='word_1_243' title='bbox 426 2669 525 2740; x_wconf 89' lang='grc' dir='ltr'>τοῦτο,</span> <span class='ocrx_word' id='word_1_244' title='bbox 555 2670 613 2727; x_wconf 81' lang='grc' dir='ltr'>τῶν</span> <span class='ocrx_word' id='word_1_245' title='bbox 641 2665 673 2727; x_wconf 87' lang='grc' dir='ltr'>δέ</span> <span class='ocrx_word' id='word_1_246' title='bbox 700 2665 808 2738; x_wconf 86' lang='grc' dir='ltr'>ἐκεῖνο,</span> <span class='ocrx_word' id='word_1_247' title='bbox 839 2664 886 2728; x_wconf 83' lang='grc' dir='ltr'>καὶ</span> <span class='ocrx_word' id='word_1_248' title='bbox 912 2665 944 2728; x_wconf 89' lang='grc' dir='ltr'>τὸ</span> <span class='ocrx_word' id='word_1_249' title='bbox 973 2664 1083 2746; x_wconf 82' lang='grc' dir='ltr'>ἀγαθὸν</span> <span class='ocrx_word' id='word_1_250' title='bbox 1114 2662 1212 2731; x_wconf 88' lang='grc' dir='ltr'>αὐτοῖς</span> <span class='ocrx_word' id='word_1_251' title='bbox 1239 2663 1270 2724; x_wconf 88' lang='grc' dir='ltr'>ἐν</span> <span class='ocrx_word' id='word_1_252' title='bbox 1297 2666 1339 2745; x_wconf 82' lang='grc' dir='ltr'>τῷ</span> <span class='ocrx_word' id='word_1_253' title='bbox 1368 2659 1400 2723; x_wconf 86' lang='grc' dir='ltr'>εὑ</span> <span class='ocrx_word' id='word_1_254' title='bbox 1423 2665 1517 2724; x_wconf 88' lang='grc' dir='ltr'>ταῦτα</span> <span class='ocrx_word' id='word_1_255' title='bbox 1531 2676 1558 2718; x_wconf 82' lang='grc' dir='ltr'>ιι)</span> 
     </span>
    </p>

    <p class='ocr_par' dir='ltr' id='par_1_7' title="bbox 209 2762 1516 2954">
     <span class='ocr_line' id='line_1_22' title="bbox 209 2762 1516 2851; baseline -0.002 -20"><span class='ocrx_word' id='word_1_256' title='bbox 209 2786 241 2833; x_wconf 82' lang='lat'>20</span> <span class='ocrx_word' id='word_1_257' title='bbox 261 2768 365 2829; x_wconf 85' lang='grc' dir='ltr'>ποιεῖν·</span> <span class='ocrx_word' id='word_1_258' title='bbox 396 2767 541 2830; x_wconf 82' lang='grc' dir='ltr'>ἀλλὰκαὶ</span> <span class='ocrx_word' id='word_1_259' title='bbox 569 2773 612 2851; x_wconf 73' lang='grc' dir='ltr'>τῷ</span> <span class='ocrx_word' id='word_1_260' title='bbox 634 2766 782 2851; x_wconf 83' lang='grc' dir='ltr'>οἰκοδόμῳ</span> <span class='ocrx_word' id='word_1_261' title='bbox 805 2769 838 2830; x_wconf 86' lang='grc' dir='ltr'>τὸ</span> <span class='ocrx_word' id='word_1_262' title='bbox 861 2767 971 2850; x_wconf 82' lang='grc' dir='ltr'>ἀγαθὸν</span> <span class='ocrx_word' id='word_1_263' title='bbox 994 2769 1041 2830; x_wconf 87' lang='grc' dir='ltr'>καὶ</span> <span class='ocrx_word' id='word_1_264' title='bbox 1065 2768 1097 2828; x_wconf 89' lang='grc' dir='ltr'>τδ</span> <span class='ocrx_word' id='word_1_265' title='bbox 1120 2765 1203 2834; x_wconf 85' lang='grc' dir='ltr'>τέλος</span> <span class='ocrx_word' id='word_1_266' title='bbox 1225 2765 1256 2828; x_wconf 89' lang='grc' dir='ltr'>ἐν</span> <span class='ocrx_word' id='word_1_267' title='bbox 1280 2770 1322 2849; x_wconf 77' lang='grc' dir='ltr'>τῷ</span> <span class='ocrx_word' id='word_1_268' title='bbox 1346 2762 1379 2828; x_wconf 90' lang='grc' dir='ltr'>εὑ</span> <span class='ocrx_word' id='word_1_269' title='bbox 1402 2765 1516 2828; x_wconf 80' lang='grc' dir='ltr'>οἰκοδο-</span> 
     </span>
     <span class='ocr_line' id='line_1_23' title="bbox 263 2867 1516 2954; baseline 0.003 -22"><span class='ocrx_word' id='word_1_270' title='bbox 263 2876 336 2952; x_wconf 89' lang='grc' dir='ltr'>μεῖν,</span> <span class='ocrx_word' id='word_1_271' title='bbox 359 2871 423 2933; x_wconf 81' lang='grc' dir='ltr'>ἐπεί</span> <span class='ocrx_word' id='word_1_272' title='bbox 445 2873 493 2934; x_wconf 92' lang='grc' dir='ltr'>κα1</span> <span class='ocrx_word' id='word_1_273' title='bbox 516 2869 597 2953; x_wconf 87' lang='grc' dir='ltr'>ἔργον</span> <span class='ocrx_word' id='word_1_274' title='bbox 621 2873 653 2933; x_wconf 86' lang='grc' dir='ltr'>τὸ</span> <span class='ocrx_word' id='word_1_275' title='bbox 677 2871 840 2953; x_wconf 75' lang='grc' dir='ltr'>οἰκοδομεῖν</span> <span class='ocrx_word' id='word_1_276' title='bbox 863 2870 955 2954; x_wconf 78' lang='grc' dir='ltr'>αὐτῷ,</span> <span class='ocrx_word' id='word_1_277' title='bbox 979 2871 1025 2933; x_wconf 88' lang='grc' dir='ltr'>καὶ</span> <span class='ocrx_word' id='word_1_278' title='bbox 1050 2870 1112 2932; x_wconf 81' lang='grc' dir='ltr'>ἐπεὶ</span> <span class='ocrx_word' id='word_1_279' title='bbox 1135 2868 1183 2952; x_wconf 91' lang='grc' dir='ltr'>ἐφ’</span> <span class='ocrx_word' id='word_1_280' title='bbox 1211 2870 1327 2952; x_wconf 81' lang='grc' dir='ltr'>ἑκάστῳ</span> <span class='ocrx_word' id='word_1_281' title='bbox 1350 2870 1382 2931; x_wconf 83' lang='grc' dir='ltr'>τὸ</span> <span class='ocrx_word' id='word_1_282' title='bbox 1405 2867 1516 2952; x_wconf 75' lang='grc' dir='ltr'>(τέλος)</span> 
     </span>
    </p>

    <p class='ocr_par' dir='ltr' id='par_1_8' title="bbox 228 2971 1558 3264">
     <span class='ocr_line' id='line_1_24' title="bbox 228 2971 1558 3058; baseline -0.005 -22"><span class='ocrx_word' id='word_1_283' title='bbox 228 2971 232 2980; x_wconf 71' lang='grc'><em>“</em></span> <span class='ocrx_word' id='word_1_284' title='bbox 259 2997 295 3056; x_wconf 88' lang='grc' dir='ltr'>τγγ</span> <span class='ocrx_word' id='word_1_285' title='bbox 321 2975 449 3057; x_wconf 79' lang='grc' dir='ltr'>ἐνεργείᾳ</span> <span class='ocrx_word' id='word_1_286' title='bbox 476 2976 524 3037; x_wconf 80' lang='grc' dir='ltr'>καὶ</span> <span class='ocrx_word' id='word_1_287' title='bbox 551 2979 592 3058; x_wconf 74' lang='grc' dir='ltr'>τεῦ</span> <span class='ocrx_word' id='word_1_288' title='bbox 621 2971 698 3057; x_wconf 83' lang='grc' dir='ltr'>ἔργῳ</span> <span class='ocrx_word' id='word_1_289' title='bbox 725 2974 805 3057; x_wconf 83' lang='grc' dir='ltr'>παρὰ</span> <span class='ocrx_word' id='word_1_290' title='bbox 831 2979 883 3058; x_wconf 91' lang='grc' dir='ltr'>τῆς</span> <span class='ocrx_word' id='word_1_291' title='bbox 904 2972 1012 3041; x_wconf 78' lang='grc' dir='ltr'>οἰκείας</span> <span class='ocrx_word' id='word_1_292' title='bbox 1039 2974 1144 3056; x_wconf 82' lang='grc' dir='ltr'>ἀρετῆς</span> <span class='ocrx_word' id='word_1_293' title='bbox 1166 2972 1351 3056; x_wconf 86' lang='grc' dir='ltr'>περιγίνεται,</span> <span class='ocrx_word' id='word_1_294' title='bbox 1384 2972 1513 3034; x_wconf 77' lang='grc' dir='ltr'>ἑκάστου</span> <span class='ocrx_word' id='word_1_295' title='bbox 1532 2987 1558 3029; x_wconf 73' lang='grc' dir='ltr'>ιε</span> 
     </span>
     <span class='ocr_line' id='line_1_25' title="bbox 262 3074 1512 3161; baseline 0 -24"><span class='ocrx_word' id='word_1_296' title='bbox 262 3077 294 3137; x_wconf 86' lang='grc' dir='ltr'>τύ</span> <span class='ocrx_word' id='word_1_297' title='bbox 318 3075 399 3144; x_wconf 84' lang='grc' dir='ltr'>τέλος</span> <span class='ocrx_word' id='word_1_298' title='bbox 421 3076 452 3139; x_wconf 89' lang='grc' dir='ltr'>ἐν</span> <span class='ocrx_word' id='word_1_299' title='bbox 475 3082 517 3161; x_wconf 82' lang='grc' dir='ltr'>τῷ</span> <span class='ocrx_word' id='word_1_300' title='bbox 540 3078 573 3139; x_wconf 89' lang='grc' dir='ltr'>τδ</span> <span class='ocrx_word' id='word_1_301' title='bbox 596 3077 700 3140; x_wconf 83' lang='grc' dir='ltr'>οἰκεῖον</span> <span class='ocrx_word' id='word_1_302' title='bbox 724 3074 806 3159; x_wconf 86' lang='grc' dir='ltr'>ἔργον</span> <span class='ocrx_word' id='word_1_303' title='bbox 828 3082 920 3139; x_wconf 87' lang='grc' dir='ltr'>ποιεῖν</span> <span class='ocrx_word' id='word_1_304' title='bbox 943 3075 1006 3139; x_wconf 83' lang='grc' dir='ltr'>κατ’</span> <span class='ocrx_word' id='word_1_305' title='bbox 1027 3076 1141 3159; x_wconf 78' lang='grc' dir='ltr'>ἀρετήν.</span> <span class='ocrx_word' id='word_1_306' title='bbox 1182 3075 1209 3137; x_wconf 85' lang='grc' dir='ltr'>εί</span> <span class='ocrx_word' id='word_1_307' title='bbox 1231 3075 1263 3137; x_wconf 77' lang='grc' dir='ltr'>δὲ</span> <span class='ocrx_word' id='word_1_308' title='bbox 1285 3079 1380 3151; x_wconf 92' lang='grc' dir='ltr'>τοῦτο,</span> <span class='ocrx_word' id='word_1_309' title='bbox 1403 3074 1450 3160; x_wconf 88' lang='grc' dir='ltr'>εῖη</span> <span class='ocrx_word' id='word_1_310' title='bbox 1476 3074 1512 3138; x_wconf 80' lang='grc' dir='ltr'>ἂν</span> 
     </span>
     <span class='ocr_line' id='line_1_26' title="bbox 261 3177 1512 3264; baseline -0.002 -22"><span class='ocrx_word' id='word_1_311' title='bbox 261 3180 364 3243; x_wconf 81' lang='grc' dir='ltr'>καὶτὸ</span> <span class='ocrx_word' id='word_1_312' title='bbox 387 3185 437 3243; x_wconf 93' lang='grc' dir='ltr'>τοῦ</span> <span class='ocrx_word' id='word_1_313' title='bbox 461 3181 619 3264; x_wconf 86' lang='grc' dir='ltr'>ἀνθρώπου</span> <span class='ocrx_word' id='word_1_314' title='bbox 647 3180 758 3262; x_wconf 84' lang='grc' dir='ltr'>ἀγαθόν</span> <span class='ocrx_word' id='word_1_315' title='bbox 787 3203 819 3242; x_wconf 86' lang='grc' dir='ltr'>τε</span> <span class='ocrx_word' id='word_1_316' title='bbox 846 3180 894 3242; x_wconf 80' lang='grc' dir='ltr'>καὶ</span> <span class='ocrx_word' id='word_1_317' title='bbox 921 3179 1002 3248; x_wconf 86' lang='grc' dir='ltr'>τέλος</span> <span class='ocrx_word' id='word_1_318' title='bbox 1029 3180 1058 3241; x_wconf 86' lang='grc' dir='ltr'>ἐν</span> <span class='ocrx_word' id='word_1_319' title='bbox 1086 3184 1127 3263; x_wconf 82' lang='grc' dir='ltr'>τῷ</span> <span class='ocrx_word' id='word_1_320' title='bbox 1151 3177 1214 3241; x_wconf 85' lang='grc' dir='ltr'>κατ’</span> <span class='ocrx_word' id='word_1_321' title='bbox 1242 3178 1349 3262; x_wconf 79' lang='grc' dir='ltr'>ἀρετὴν</span> <span class='ocrx_word' id='word_1_322' title='bbox 1372 3178 1448 3259; x_wconf 83' lang='grc' dir='ltr'>[καὶ]</span> <span class='ocrx_word' id='word_1_323' title='bbox 1472 3178 1512 3239; x_wconf 81' lang='grc' dir='ltr'>οῖ-</span> 
     </span>
    </p>

    <p class='ocr_par' dir='ltr' id='par_1_9' title="bbox 207 3280 1573 3779">
     <span class='ocr_line' id='line_1_27' title="bbox 207 3280 1555 3367; baseline -0.006 -20"><span class='ocrx_word' id='word_1_324' title='bbox 207 3301 239 3349; x_wconf 80' lang='lat'>25</span> <span class='ocrx_word' id='word_1_325' title='bbox 261 3283 340 3345; x_wconf 90' lang='grc' dir='ltr'>κείαν</span> <span class='ocrx_word' id='word_1_326' title='bbox 368 3282 418 3352; x_wconf 83' lang='grc' dir='ltr'>τὰς</span> <span class='ocrx_word' id='word_1_327' title='bbox 448 3284 523 3346; x_wconf 90' lang='grc' dir='ltr'>καθδ</span> <span class='ocrx_word' id='word_1_328' title='bbox 555 3282 710 3367; x_wconf 82' lang='grc' dir='ltr'>ἅνθρωπός</span> <span class='ocrx_word' id='word_1_329' title='bbox 740 3284 815 3346; x_wconf 91' lang='grc' dir='ltr'>ἐστιν</span> <span class='ocrx_word' id='word_1_330' title='bbox 850 3282 994 3366; x_wconf 84' lang='grc' dir='ltr'>ἐνεργείας</span> <span class='ocrx_word' id='word_1_331' title='bbox 1024 3281 1158 3365; x_wconf 85' lang='grc' dir='ltr'>ἐνεργεῖν.</span> <span class='ocrx_word' id='word_1_332' title='bbox 1211 3280 1287 3344; x_wconf 81' lang='grc' dir='ltr'>ἀλλὰ</span> <span class='ocrx_word' id='word_1_333' title='bbox 1318 3282 1376 3364; x_wconf 73' lang='grc' dir='ltr'>μἠν</span> <span class='ocrx_word' id='word_1_334' title='bbox 1407 3282 1555 3344; x_wconf 84' lang='grc' dir='ltr'>οίκεῖαιεο</span> 
     </span>
     <span class='ocr_line' id='line_1_28' title="bbox 259 3384 1512 3470; baseline -0.001 -23"><span class='ocrx_word' id='word_1_335' title='bbox 259 3384 397 3469; x_wconf 85' lang='grc' dir='ltr'>ἐνέργειαι</span> <span class='ocrx_word' id='word_1_336' title='bbox 425 3386 582 3469; x_wconf 79' lang='grc' dir='ltr'>ἀνθρώπου</span> <span class='ocrx_word' id='word_1_337' title='bbox 611 3388 640 3449; x_wconf 86' lang='grc' dir='ltr'>αί</span> <span class='ocrx_word' id='word_1_338' title='bbox 667 3388 813 3468; x_wconf 86' lang='grc' dir='ltr'>γινόμεναι</span> <span class='ocrx_word' id='word_1_339' title='bbox 839 3385 911 3448; x_wconf 84' lang='grc' dir='ltr'>κατά</span> <span class='ocrx_word' id='word_1_340' title='bbox 939 3386 1037 3469; x_wconf 81' lang='grc' dir='ltr'>ψυχὴν</span> <span class='ocrx_word' id='word_1_341' title='bbox 1059 3386 1191 3467; x_wconf 80' lang='grc' dir='ltr'>λογικήν·</span> <span class='ocrx_word' id='word_1_342' title='bbox 1225 3384 1334 3467; x_wconf 81' lang='grc' dir='ltr'>τὸγὰρ</span> <span class='ocrx_word' id='word_1_343' title='bbox 1359 3384 1512 3470; x_wconf 84' lang='grc' dir='ltr'>άνθρώπφ</span> 
     </span>
     <span class='ocr_line' id='line_1_29' title="bbox 260 3486 1513 3574; baseline 0.001 -24"><span class='ocrx_word' id='word_1_344' title='bbox 260 3487 337 3552; x_wconf 83' lang='grc' dir='ltr'>εἶναί</span> <span class='ocrx_word' id='word_1_345' title='bbox 356 3489 432 3551; x_wconf 88' lang='grc' dir='ltr'>ἐστιν</span> <span class='ocrx_word' id='word_1_346' title='bbox 455 3489 485 3550; x_wconf 87' lang='grc' dir='ltr'>ἐν</span> <span class='ocrx_word' id='word_1_347' title='bbox 508 3494 550 3574; x_wconf 80' lang='grc' dir='ltr'>τῷ</span> <span class='ocrx_word' id='word_1_348' title='bbox 573 3494 625 3573; x_wconf 83' lang='grc' dir='ltr'>ζῆν</span> <span class='ocrx_word' id='word_1_349' title='bbox 648 3513 679 3552; x_wconf 93' lang='grc' dir='ltr'>τε</span> <span class='ocrx_word' id='word_1_350' title='bbox 702 3490 750 3551; x_wconf 80' lang='grc' dir='ltr'>καὶ</span> <span class='ocrx_word' id='word_1_351' title='bbox 773 3488 846 3551; x_wconf 87' lang='grc' dir='ltr'>κατὰ</span> <span class='ocrx_word' id='word_1_352' title='bbox 872 3489 988 3570; x_wconf 79' lang='grc' dir='ltr'>λογικὴν</span> <span class='ocrx_word' id='word_1_353' title='bbox 1012 3489 1110 3572; x_wconf 80' lang='grc' dir='ltr'>ψυχὴν</span> <span class='ocrx_word' id='word_1_354' title='bbox 1133 3486 1267 3570; x_wconf 83' lang='grc' dir='ltr'>ἐνεργεῖν.</span> <span class='ocrx_word' id='word_1_355' title='bbox 1312 3486 1338 3549; x_wconf 85' lang='grc' dir='ltr'>εί</span> <span class='ocrx_word' id='word_1_356' title='bbox 1361 3489 1393 3550; x_wconf 80' lang='grc' dir='ltr'>δὲ</span> <span class='ocrx_word' id='word_1_357' title='bbox 1416 3492 1513 3563; x_wconf 91' lang='grc' dir='ltr'>τοῦτο,</span> 
     </span>
     <span class='ocr_line' id='line_1_30' title="bbox 259 3590 1514 3677; baseline -0.002 -23"><span class='ocrx_word' id='word_1_358' title='bbox 259 3592 305 3676; x_wconf 82' lang='grc' dir='ltr'>εἴη</span> <span class='ocrx_word' id='word_1_359' title='bbox 334 3592 368 3655; x_wconf 81' lang='grc' dir='ltr'>ἂν</span> <span class='ocrx_word' id='word_1_360' title='bbox 396 3594 442 3655; x_wconf 90' lang='grc' dir='ltr'>καὶ</span> <span class='ocrx_word' id='word_1_361' title='bbox 471 3595 503 3656; x_wconf 87' lang='grc' dir='ltr'>τὸ</span> <span class='ocrx_word' id='word_1_362' title='bbox 531 3592 612 3662; x_wconf 87' lang='grc' dir='ltr'>τέλος</span> <span class='ocrx_word' id='word_1_363' title='bbox 638 3593 719 3677; x_wconf 82' lang='grc' dir='ltr'>αὐτῷ</span> <span class='ocrx_word' id='word_1_364' title='bbox 747 3592 776 3654; x_wconf 86' lang='grc' dir='ltr'>ἐν</span> <span class='ocrx_word' id='word_1_365' title='bbox 804 3596 846 3675; x_wconf 76' lang='grc' dir='ltr'>τῷ</span> <span class='ocrx_word' id='word_1_366' title='bbox 876 3590 938 3654; x_wconf 79' lang='grc' dir='ltr'>κατ’</span> <span class='ocrx_word' id='word_1_367' title='bbox 964 3591 1076 3674; x_wconf 47' lang='grc' dir='ltr'>«άρετῆν</span> <span class='ocrx_word' id='word_1_368' title='bbox 1104 3597 1201 3675; x_wconf 76' lang='grc' dir='ltr'>ψυχῆς</span> <span class='ocrx_word' id='word_1_369' title='bbox 1232 3595 1349 3674; x_wconf 78' lang='grc' dir='ltr'>λογικῆς</span> <span class='ocrx_word' id='word_1_370' title='bbox 1376 3590 1514 3673; x_wconf 85' lang='grc' dir='ltr'>ἐνεργεῖν,</span> 
     </span>
     <span class='ocr_line' id='line_1_31' title="bbox 261 3694 1573 3779; baseline -0.001 -24"><span class='ocrx_word' id='word_1_371' title='bbox 261 3695 338 3757; x_wconf 91' lang='grc' dir='ltr'>ώστε</span> <span class='ocrx_word' id='word_1_372' title='bbox 365 3695 411 3779; x_wconf 82' lang='grc' dir='ltr'>εἴη</span> <span class='ocrx_word' id='word_1_373' title='bbox 441 3694 474 3757; x_wconf 82' lang='grc' dir='ltr'>ἂν</span> <span class='ocrx_word' id='word_1_374' title='bbox 507 3697 526 3779; x_wconf 85' lang='grc' dir='ltr'>ῆ</span> <span class='ocrx_word' id='word_1_375' title='bbox 554 3695 735 3777; x_wconf 88' lang='grc' dir='ltr'>εὐδαιμονία,</span> <span class='ocrx_word' id='word_1_376' title='bbox 770 3695 871 3778; x_wconf 81' lang='grc' dir='ltr'>ἐπειδὴ</span> <span class='ocrx_word' id='word_1_377' title='bbox 900 3695 973 3778; x_wconf 83' lang='grc' dir='ltr'>αὐτὴ</span> <span class='ocrx_word' id='word_1_378' title='bbox 1007 3695 1039 3758; x_wconf 83' lang='grc' dir='ltr'>τδ</span> <span class='ocrx_word' id='word_1_379' title='bbox 1067 3699 1116 3756; x_wconf 88' lang='grc' dir='ltr'>τοῦ</span> <span class='ocrx_word' id='word_1_380' title='bbox 1151 3695 1309 3775; x_wconf 84' lang='grc' dir='ltr'>ἀνθρώπου</span> <span class='ocrx_word' id='word_1_381' title='bbox 1343 3695 1454 3776; x_wconf 86' lang='grc' dir='ltr'>ἀγαθόν</span> <span class='ocrx_word' id='word_1_382' title='bbox 1482 3699 1573 3759; x_wconf 57' lang='grc' dir='ltr'>τετυ</span> 
     </span>
    </p>

    <p class='ocr_par' dir='ltr' id='par_1_10' title="bbox 205 3779 1566 4191">
     <span class='ocr_line' id='line_1_32' title="bbox 205 3779 1566 3883; baseline 0.003 -23"><span class='ocrx_word' id='word_1_383' title='bbox 205 3817 239 3864; x_wconf 84' lang='grc'>30</span> <span class='ocrx_word' id='word_1_384' title='bbox 259 3800 306 3860; x_wconf 92' lang='grc' dir='ltr'>κα1</span> <span class='ocrx_word' id='word_1_385' title='bbox 343 3799 434 3873; x_wconf 83' lang='grc' dir='ltr'>τέλος,</span> <span class='ocrx_word' id='word_1_386' title='bbox 471 3798 598 3883; x_wconf 87' lang='grc' dir='ltr'>ἐνέργεια</span> <span class='ocrx_word' id='word_1_387' title='bbox 634 3779 697 3862; x_wconf 84' lang='grc' dir='ltr'>κατ’</span> <span class='ocrx_word' id='word_1_388' title='bbox 740 3799 844 3882; x_wconf 79' lang='grc' dir='ltr'>αἱρετὴν</span> <span class='ocrx_word' id='word_1_389' title='bbox 881 3792 978 3882; x_wconf 79' lang='grc' dir='ltr'>ψυχῆς</span> <span class='ocrx_word' id='word_1_390' title='bbox 1014 3801 1144 3881; x_wconf 78' lang='grc' dir='ltr'>λογικῆς,</span> <span class='ocrx_word' id='word_1_391' title='bbox 1182 3795 1400 3880; x_wconf 86' lang='grc' dir='ltr'>προσκειΙμένοιν</span> <span class='ocrx_word' id='word_1_392' title='bbox 1438 3804 1490 3862; x_wconf 92' lang='grc' dir='ltr'>τοῦ</span> <span class='ocrx_word' id='word_1_393' title='bbox 1513 3809 1566 3864; x_wconf 73' lang='grc' dir='ltr'>Ξθῦ</span> 
     </span>
     <span class='ocr_line' id='line_1_33' title="bbox 257 3898 1513 3988; baseline 0.002 -25"><span class='ocrx_word' id='word_1_394' title='bbox 257 3925 290 3984; x_wconf 89' lang='grc' dir='ltr'>γε</span> <span class='ocrx_word' id='word_1_395' title='bbox 317 3903 346 3964; x_wconf 86' lang='grc' dir='ltr'>ἐν</span> <span class='ocrx_word' id='word_1_396' title='bbox 381 3903 436 3987; x_wconf 83' lang='grc' dir='ltr'>βίῳ</span> <span class='ocrx_word' id='word_1_397' title='bbox 463 3901 566 3986; x_wconf 85' lang='grc' dir='ltr'>τελείῳ</span> <span class='ocrx_word' id='word_1_398' title='bbox 596 3901 694 3984; x_wconf 82' lang='grc' dir='ltr'>(οὐδὲν</span> <span class='ocrx_word' id='word_1_399' title='bbox 728 3900 781 3984; x_wconf 82' lang='grc' dir='ltr'>γάρ</span> <span class='ocrx_word' id='word_1_400' title='bbox 809 3901 916 3964; x_wconf 84' lang='grc' dir='ltr'>τέλειον</span> <span class='ocrx_word' id='word_1_401' title='bbox 943 3901 973 3963; x_wconf 89' lang='grc' dir='ltr'>ἐν</span> <span class='ocrx_word' id='word_1_402' title='bbox 1003 3900 1113 3982; x_wconf 77' lang='grc' dir='ltr'>ἀτελεῖ)</span> <span class='ocrx_word' id='word_1_403' title='bbox 1144 3902 1192 3964; x_wconf 89' lang='grc' dir='ltr'>καὶ</span> <span class='ocrx_word' id='word_1_404' title='bbox 1215 3898 1257 3963; x_wconf 84' lang='grc' dir='ltr'>ἔτι</span> <span class='ocrx_word' id='word_1_405' title='bbox 1283 3905 1333 3964; x_wconf 91' lang='grc' dir='ltr'>τοῦ</span> <span class='ocrx_word' id='word_1_406' title='bbox 1366 3903 1395 3965; x_wconf 88' lang='grc' dir='ltr'>ἐν</span> <span class='ocrx_word' id='word_1_407' title='bbox 1424 3927 1513 3988; x_wconf 90' lang='grc' dir='ltr'>προη-</span> 
     </span>
     <span class='ocr_line' id='line_1_34' title="bbox 256 4004 1513 4089; baseline 0.003 -24"><span class='ocrx_word' id='word_1_408' title='bbox 256 4004 408 4086; x_wconf 87' lang='grc' dir='ltr'>γουμένοις</span> <span class='ocrx_word' id='word_1_409' title='bbox 439 4005 488 4068; x_wconf 83' lang='grc' dir='ltr'>διόι</span> <span class='ocrx_word' id='word_1_410' title='bbox 519 4006 551 4067; x_wconf 90' lang='grc' dir='ltr'>τδ</span> <span class='ocrx_word' id='word_1_411' title='bbox 583 4006 696 4069; x_wconf 84' lang='grc' dir='ltr'>δεῖσθαι</span> <span class='ocrx_word' id='word_1_412' title='bbox 728 4005 856 4088; x_wconf 90' lang='grc' dir='ltr'>ὐργάνων</span> <span class='ocrx_word' id='word_1_413' title='bbox 890 4005 940 4072; x_wconf 87' lang='grc' dir='ltr'>τὰς</span> <span class='ocrx_word' id='word_1_414' title='bbox 969 4004 1188 4088; x_wconf 88' lang='grc' dir='ltr'>προηγουμένας</span> <span class='ocrx_word' id='word_1_415' title='bbox 1215 4027 1246 4066; x_wconf 92' lang='grc' dir='ltr'>τε</span> <span class='ocrx_word' id='word_1_416' title='bbox 1275 4007 1323 4067; x_wconf 85' lang='grc' dir='ltr'>καὶ</span> <span class='ocrx_word' id='word_1_417' title='bbox 1353 4005 1513 4089; x_wconf 85' lang='grc' dir='ltr'>βουλευτὰς</span> 
     </span>
     <span class='ocr_line' id='line_1_35' title="bbox 258 4105 1553 4191; baseline 0 -22"><span class='ocrx_word' id='word_1_418' title='bbox 258 4107 408 4191; x_wconf 91' lang='grc' dir='ltr'>ἐνεργείας.</span> <span class='ocrx_word' id='word_1_419' title='bbox 459 4105 540 4176; x_wconf 84' lang='grc' dir='ltr'>ὄντος</span> <span class='ocrx_word' id='word_1_420' title='bbox 566 4108 598 4169; x_wconf 86' lang='grc' dir='ltr'>δὲ</span> <span class='ocrx_word' id='word_1_421' title='bbox 628 4107 730 4171; x_wconf 82' lang='grc' dir='ltr'>τούτου</span> <span class='ocrx_word' id='word_1_422' title='bbox 758 4111 886 4183; x_wconf 90' lang='grc' dir='ltr'>σκοποῦ,</span> <span class='ocrx_word' id='word_1_423' title='bbox 917 4109 1004 4190; x_wconf 85' lang='grc' dir='ltr'>δῆλον</span> <span class='ocrx_word' id='word_1_424' title='bbox 1037 4108 1070 4170; x_wconf 87' lang='grc' dir='ltr'>ἐκ</span> <span class='ocrx_word' id='word_1_425' title='bbox 1096 4111 1147 4190; x_wconf 84' lang='grc' dir='ltr'>τῆς</span> <span class='ocrx_word' id='word_1_426' title='bbox 1174 4106 1318 4191; x_wconf 84' lang='grc' dir='ltr'>εὑρέσεως</span> <span class='ocrx_word' id='word_1_427' title='bbox 1343 4108 1432 4171; x_wconf 88' lang='grc' dir='ltr'>αὑτοῦ</span> <span class='ocrx_word' id='word_1_428' title='bbox 1463 4112 1513 4174; x_wconf 78' lang='grc' dir='ltr'>καί</span> <span class='ocrx_word' id='word_1_429' title='bbox 1539 4127 1553 4169; x_wconf 75' lang='grc' dir='ltr'>ι</span> 
     </span>
    </p>
   </div>
   <div class='ocr_carea' id='block_1_5' title="bbox 200 4402 1565 5004">
    <p class='ocr_par' dir='ltr' id='par_1_11' title="bbox 202 4402 1428 4473">
     <span class='ocr_line' id='line_1_36' title="bbox 202 4402 1428 4473; baseline 0.002 -18"><span class='ocrx_word' id='word_1_430' title='bbox 202 4403 275 4473; x_wconf 84' lang='grc' dir='ltr'>3ε1η</span> <span class='ocrx_word' id='word_1_431' title='bbox 295 4403 324 4454; x_wconf 75' lang='grc' dir='ltr'>ἐν</span> <span class='ocrx_word' id='word_1_432' title='bbox 343 4419 392 4456; x_wconf 87' lang='lat' dir='ltr'>om.</span> <span class='ocrx_word' id='word_1_433' title='bbox 411 4422 427 4454; x_wconf 85' lang='grc' dir='ltr'>ε</span> <span class='ocrx_word' id='word_1_434' title='bbox 538 4402 598 4455; x_wconf 84' lang='grc' dir='ltr'>αὑτὸ</span> <span class='ocrx_word' id='word_1_435' title='bbox 618 4403 689 4469; x_wconf 83' lang='grc' dir='ltr'>(αυτό</span> <span class='ocrx_word' id='word_1_436' title='bbox 711 4402 769 4471; x_wconf 88' lang='lat' dir='ltr'>V¹)]</span> <span class='ocrx_word' id='word_1_437' title='bbox 792 4403 867 4456; x_wconf 85' lang='grc' dir='ltr'>αὑτὸν</span> <span class='ocrx_word' id='word_1_438' title='bbox 887 4423 903 4456; x_wconf 83' lang='lat' dir='ltr'><strong>a</strong></span> <span class='ocrx_word' id='word_1_439' title='bbox 1008 4404 1068 4457; x_wconf 88' lang='grc' dir='ltr'>8δέ</span> <span class='ocrx_word' id='word_1_440' title='bbox 1088 4403 1117 4457; x_wconf 91' lang='grc' dir='ltr'>τδ</span> <span class='ocrx_word' id='word_1_441' title='bbox 1136 4408 1194 4459; x_wconf 83' lang='lat' dir='ltr'>FSa</span> <span class='ocrx_word' id='word_1_442' title='bbox 1213 4407 1270 4472; x_wconf 88' lang='lat' dir='ltr'><strong>Sp.:</strong></span> <span class='ocrx_word' id='word_1_443' title='bbox 1294 4403 1362 4457; x_wconf 82' lang='grc' dir='ltr'>δέτι</span> <span class='ocrx_word' id='word_1_444' title='bbox 1382 4409 1428 4458; x_wconf 89' lang='lat' dir='ltr'>VB</span> 
     </span>
    </p>

    <p class='ocr_par' dir='ltr' id='par_1_12' title="bbox 200 4490 1565 5004">
     <span class='ocr_line' id='line_1_37' title="bbox 205 4490 1565 4565; baseline 0.003 -22"><span class='ocrx_word' id='word_1_445' title='bbox 205 4493 236 4544; x_wconf 89' lang='lat'>10</span> <span class='ocrx_word' id='word_1_446' title='bbox 254 4492 270 4562; x_wconf 79' lang='grc' dir='ltr'>η</span> <span class='ocrx_word' id='word_1_447' title='bbox 291 4492 348 4543; x_wconf 79' lang='lat' dir='ltr'>add.</span> <span class='ocrx_word' id='word_1_448' title='bbox 370 4490 435 4544; x_wconf 60' lang='grc' dir='ltr'>ΨΜ</span> <span class='ocrx_word' id='word_1_449' title='bbox 532 4491 562 4543; x_wconf 86' lang='grc'>13</span> <span class='ocrx_word' id='word_1_450' title='bbox 582 4491 652 4560; x_wconf 77' lang='grc' dir='ltr'>αὑτῷ</span> <span class='ocrx_word' id='word_1_451' title='bbox 671 4511 686 4542; x_wconf 84' lang='lat' dir='ltr'><strong>a</strong></span> <span class='ocrx_word' id='word_1_452' title='bbox 704 4495 748 4558; x_wconf 87' lang='lat' dir='ltr'>Sp.</span> <span class='ocrx_word' id='word_1_453' title='bbox 852 4495 882 4545; x_wconf 67' lang='lat'>14</span> <span class='ocrx_word' id='word_1_454' title='bbox 901 4493 995 4562; x_wconf 83' lang='grc' dir='ltr'>τοὺτιμ]</span> <span class='ocrx_word' id='word_1_455' title='bbox 1015 4499 1089 4545; x_wconf 78' lang='grc' dir='ltr'>τοῦτο</span> <span class='ocrx_word' id='word_1_456' title='bbox 1109 4492 1142 4545; x_wconf 77' lang='lat'>13²</span> <span class='ocrx_word' id='word_1_457' title='bbox 1233 4494 1264 4546; x_wconf 83' lang='grc'>15</span> <span class='ocrx_word' id='word_1_458' title='bbox 1283 4494 1308 4546; x_wconf 85' lang='grc' dir='ltr'>εί</span> <span class='ocrx_word' id='word_1_459' title='bbox 1323 4511 1350 4563; x_wconf 88' lang='grc' dir='ltr'>γε</span> <span class='ocrx_word' id='word_1_460' title='bbox 1369 4493 1385 4562; x_wconf 77' lang='grc' dir='ltr'>ἡ</span> <span class='ocrx_word' id='word_1_461' title='bbox 1405 4494 1483 4565; x_wconf 85' lang='grc' dir='ltr'>τέχνη</span> <span class='ocrx_word' id='word_1_462' title='bbox 1504 4499 1565 4547; x_wconf 74' lang='lat' dir='ltr'><strong>anto</strong></span> 
     </span>
     <span class='ocr_line' id='line_1_38' title="bbox 202 4577 1565 4650; baseline 0.001 -19"><span class='ocrx_word' id='word_1_463' title='bbox 202 4587 312 4648; x_wconf 86' lang='grc' dir='ltr'>μιμεῖται</span> <span class='ocrx_word' id='word_1_464' title='bbox 336 4579 394 4631; x_wconf 83' lang='lat' dir='ltr'>add.</span> <span class='ocrx_word' id='word_1_465' title='bbox 414 4577 509 4633; x_wconf 80' lang='lat' dir='ltr'><strong>S²B²a</strong></span> <span class='ocrx_word' id='word_1_466' title='bbox 528 4582 572 4646; x_wconf 84' lang='lat' dir='ltr'>Sp.</span> <span class='ocrx_word' id='word_1_467' title='bbox 596 4580 705 4632; x_wconf 80' lang='lat' dir='ltr'><strong>fortasse</strong></span> <span class='ocrx_word' id='word_1_468' title='bbox 730 4585 797 4633; x_wconf 80' lang='lat' dir='ltr'>rec-te</span> <span class='ocrx_word' id='word_1_469' title='bbox 892 4582 922 4633; x_wconf 71' lang='lat'>21</span> <span class='ocrx_word' id='word_1_470' title='bbox 944 4582 1012 4639; x_wconf 83' lang='grc' dir='ltr'>τέλος</span> <span class='ocrx_word' id='word_1_471' title='bbox 1025 4581 1082 4632; x_wconf 81' lang='lat' dir='ltr'>add.</span> <span class='ocrx_word' id='word_1_472' title='bbox 1098 4580 1205 4632; x_wconf 75' lang='lat' dir='ltr'><strong>v²sss²a</strong></span> <span class='ocrx_word' id='word_1_473' title='bbox 1217 4582 1261 4646; x_wconf 89' lang='lat' dir='ltr'>Sp.</span> <span class='ocrx_word' id='word_1_474' title='bbox 1352 4580 1385 4632; x_wconf 77' lang='lat'>22</span> <span class='ocrx_word' id='word_1_475' title='bbox 1404 4582 1565 4650; x_wconf 82' lang='grc' dir='ltr'>παραγίνεται</span> 
     </span>
     <span class='ocr_line' id='line_1_39' title="bbox 204 4666 1460 4735; baseline 0.001 -16"><span class='ocrx_word' id='word_1_476' title='bbox 204 4669 286 4721; x_wconf 63' lang='lat' dir='ltr'>view</span> <span class='ocrx_word' id='word_1_477' title='bbox 304 4670 348 4734; x_wconf 89' lang='lat' dir='ltr'>Sp.</span> <span class='ocrx_word' id='word_1_478' title='bbox 438 4666 471 4718; x_wconf 66' lang='lat'>⁸23</span> <span class='ocrx_word' id='word_1_479' title='bbox 490 4666 558 4718; x_wconf 79' lang='grc' dir='ltr'>ἔσται</span> <span class='ocrx_word' id='word_1_480' title='bbox 576 4667 601 4718; x_wconf 87' lang='grc' dir='ltr'>ἐν</span> <span class='ocrx_word' id='word_1_481' title='bbox 621 4686 636 4718; x_wconf 84' lang='grc' dir='ltr'>ει</span> <span class='ocrx_word' id='word_1_482' title='bbox 655 4671 699 4735; x_wconf 89' lang='lat' dir='ltr'>Sp.</span> <span class='ocrx_word' id='word_1_483' title='bbox 789 4668 822 4719; x_wconf 71' lang='lat'>‘24</span> <span class='ocrx_word' id='word_1_484' title='bbox 841 4670 884 4720; x_wconf 81' lang='grc' dir='ltr'>καὶ</span> <span class='ocrx_word' id='word_1_485' title='bbox 903 4669 951 4720; x_wconf 85' lang='lat' dir='ltr'>del.</span> <span class='ocrx_word' id='word_1_486' title='bbox 972 4669 1008 4719; x_wconf 79' lang='lat' dir='ltr'>V²</span> <span class='ocrx_word' id='word_1_487' title='bbox 1114 4669 1168 4724; x_wconf 71' lang='grc' dir='ltr'>τὰς</span> <span class='ocrx_word' id='word_1_488' title='bbox 1186 4669 1280 4724; x_wconf 77' lang='grc' dir='ltr'>οἰκείας</span> <span class='ocrx_word' id='word_1_489' title='bbox 1298 4668 1366 4733; x_wconf 81' lang='grc' dir='ltr'>[τὰς]</span> <span class='ocrx_word' id='word_1_490' title='bbox 1388 4668 1460 4721; x_wconf 80' lang='lat' dir='ltr'>Diels</span> 
     </span>
     <span class='ocr_line' id='line_1_40' title="bbox 201 4754 1563 4829; baseline 0.001 -22"><span class='ocrx_word' id='word_1_491' title='bbox 201 4755 476 4821; x_wconf 68' lang='lat' dir='ltr'>24.25o{xtiovaSp.</span> <span class='ocrx_word' id='word_1_492' title='bbox 549 4755 582 4806; x_wconf 65' lang='lat'>⁸25&gt;</span> <span class='ocrx_word' id='word_1_493' title='bbox 601 4754 973 4826; x_wconf 74' lang='grc' dir='ltr'>ἐνεργεῖν1γῖα111.21111.1ί</span> <span class='ocrx_word' id='word_1_494' title='bbox 1046 4754 1359 4826; x_wconf 70' lang='grc' dir='ltr'>θ6τιγῖγάρΒεοαί.8ρ.</span> <span class='ocrx_word' id='word_1_495' title='bbox 1432 4756 1563 4829; x_wconf 79' lang='grc' dir='ltr'>ἀνθρώπῳ</span> 
     </span>
     <span class='ocr_line' id='line_1_41' title="bbox 202 4841 1519 4913; baseline 0.002 -19"><span class='ocrx_word' id='word_1_496' title='bbox 202 4847 279 4895; x_wconf 87' lang='lat' dir='ltr'>VBM</span> <span class='ocrx_word' id='word_1_497' title='bbox 298 4845 366 4895; x_wconf 85' lang='lat' dir='ltr'><strong>coni.</strong></span> <span class='ocrx_word' id='word_1_498' title='bbox 380 4845 438 4910; x_wconf 89' lang='lat' dir='ltr'><strong>Sp.:</strong></span> <span class='ocrx_word' id='word_1_499' title='bbox 458 4841 592 4913; x_wconf 83' lang='grc' dir='ltr'>ἄνθρωπον</span> <span class='ocrx_word' id='word_1_500' title='bbox 606 4846 660 4894; x_wconf 78' lang='lat' dir='ltr'>FL:</span> <span class='ocrx_word' id='word_1_501' title='bbox 682 4841 818 4912; x_wconf 81' lang='grc' dir='ltr'>ἀνθρώπου</span> <span class='ocrx_word' id='word_1_502' title='bbox 831 4846 867 4897; x_wconf 78' lang='lat' dir='ltr'>Sa</span> <span class='ocrx_word' id='word_1_503' title='bbox 952 4842 984 4896; x_wconf 74' lang='lat'>29</span> <span class='ocrx_word' id='word_1_504' title='bbox 1004 4842 1033 4895; x_wconf 80' lang='grc' dir='ltr'>δν</span> <span class='ocrx_word' id='word_1_505' title='bbox 1053 4844 1209 4912; x_wconf 66' lang='grc' dir='ltr'>καὶῆῖῖυι.</span> <span class='ocrx_word' id='word_1_506' title='bbox 1227 4846 1271 4911; x_wconf 89' lang='lat' dir='ltr'>Sp.</span> <span class='ocrx_word' id='word_1_507' title='bbox 1361 4841 1426 4913; x_wconf 83' lang='grc' dir='ltr'>αὕτη</span> <span class='ocrx_word' id='word_1_508' title='bbox 1446 4844 1519 4897; x_wconf 81' lang='lat' dir='ltr'><strong>Diels</strong></span> 
     </span>
     <span class='ocr_line' id='line_1_42' title="bbox 200 4929 1515 5004; baseline 0.002 -22"><span class='ocrx_word' id='word_1_509' title='bbox 200 4929 231 4983; x_wconf 84' lang='lat'>31</span> <span class='ocrx_word' id='word_1_510' title='bbox 253 4931 292 5000; x_wconf 89' lang='grc' dir='ltr'>γε]</span> <span class='ocrx_word' id='word_1_511' title='bbox 311 4949 337 4983; x_wconf 85' lang='grc' dir='ltr'>τε</span> <span class='ocrx_word' id='word_1_512' title='bbox 356 4949 371 4982; x_wconf 85' lang='grc' dir='ltr'>α</span> <span class='ocrx_word' id='word_1_513' title='bbox 390 4933 433 4998; x_wconf 88' lang='lat' dir='ltr'>Sp.</span> <span class='ocrx_word' id='word_1_514' title='bbox 524 4929 611 5000; x_wconf 82' lang='grc' dir='ltr'>τελείῳ</span> <span class='ocrx_word' id='word_1_515' title='bbox 630 4933 688 4983; x_wconf 80' lang='lat' dir='ltr'>SFa</span> <span class='ocrx_word' id='word_1_516' title='bbox 706 4933 763 4999; x_wconf 90' lang='lat' dir='ltr'>Sp.:</span> <span class='ocrx_word' id='word_1_517' title='bbox 783 4930 879 4984; x_wconf 83' lang='grc' dir='ltr'>τελείου</span> <span class='ocrx_word' id='word_1_518' title='bbox 894 4934 940 4983; x_wconf 91' lang='lat' dir='ltr'>VB</span> <span class='ocrx_word' id='word_1_519' title='bbox 1030 4930 1063 4984; x_wconf 73' lang='lat'>32</span> <span class='ocrx_word' id='word_1_520' title='bbox 1084 4929 1217 5000; x_wconf 73' lang='grc' dir='ltr'>βουλευτὰς</span> <span class='ocrx_word' id='word_1_521' title='bbox 1231 4934 1288 4998; x_wconf 85' lang='lat' dir='ltr'><strong>Sp.:</strong></span> <span class='ocrx_word' id='word_1_522' title='bbox 1309 4930 1436 5004; x_wconf 78' lang='grc' dir='ltr'>βουλητός</span> <span class='ocrx_word' id='word_1_523' title='bbox 1454 4934 1515 4987; x_wconf 84' lang='lat' dir='ltr'>libri</span> 
     </span>
    </p>
   </div>
   <div class='ocr_carea' id='block_1_6' title="bbox 0 0 1774 5610">
    <p class='ocr_par' dir='ltr' id='par_1_13' title="bbox 0 0 1774 5610">
     <span class='ocr_line' id='line_1_43' title="bbox 0 0 1774 5610; baseline 0 5"><span class='ocrx_word' id='word_1_524' title='bbox 0 0 1774 5610; x_wconf 95' lang='lat' dir='ltr'> </span> 
     </span>
    </p>
   </div>
  </div>
 </body>
</html>
