3540 5610
530 302 733 355 ALEXANDRI
757 301 801 356 DE
823 302 933 357 ΑΝΙΜΑ
957 302 1049 356 LIBRI
1072 302 1244 357 MANTISSA

771 613 858 697 Περὶ
879 613 1001 698 τύχνς.

343 780 375 846 Ἡ
393 784 470 868 τύχη
488 785 535 847 καὶ
551 785 583 847 τθ
599 784 770 867 αθτύματον,
788 784 832 848 ὅτι
849 784 900 867 μέν
916 785 992 848 ἐστιν
1008 785 1038 847 ἐν
1053 791 1113 855 τοῖς
1128 784 1219 861 οὖσιν,
1236 787 1318 870 ἱκανὴ
1334 787 1512 871 περὶαύτῶν

261 886 280 967 ἡ
303 888 385 969 κοινὴ
409 891 467 949 τὼν
491 888 655 972 ἀνθρώπιον
678 887 821 973 πρόληψις
844 892 1041 972 μαρτυροῦσα,
1068 889 1097 951 τί
1116 889 1148 952 δέ
1176 889 1247 952 ποτέ
1269 890 1347 953 ἐστιν
1374 890 1512 973 ἑκάτερον

262 988 357 1050 αὐτῶν
384 990 432 1051 καὶ
459 992 523 1074 περὶ
551 991 612 1053 τίνα
638 996 696 1053 τῶν
723 990 824 1062 ὄντων,
858 989 957 1052 οὐκέθ’
985 992 1013 1053 οἱ
1039 993 1140 1054 πολλοὶ
1167 998 1219 1077 τῆς
1244 997 1302 1055 τῶν
1329 991 1512 1076 δεδογμένων

233 1090 445 1160 σδιόασκαλίας
476 1092 577 1176 κύριοι.
623 1092 689 1156 οὔτε
715 1093 769 1178 γὰρ
803 1093 914 1161 ἑαυτοῖς
942 1092 1009 1156 οὔτε
1043 1095 1181 1176 ἀλλήλοις
1214 1099 1419 1180 συμφωνοῦσιν
1446 1094 1512 1178 περὶ
1526 1111 1554 1153 ιτ

261 1195 367 1269 τῶνδε,
397 1200 617 1279 συμφωνούντες
640 1195 670 1257 ἐν
692 1200 730 1280 τῇ
753 1198 818 1280 περὶ
844 1201 894 1259 τοῦ
924 1195 997 1259 εἶναι
1020 1196 1156 1281 ἑκάτερον
1183 1196 1279 1260 αὐτῶν
1306 1196 1386 1280 aden.
1431 1197 1511 1267 ἄξιον

261 1297 352 1359 τοίνυν
375 1296 538 1381 ἐπιστῆσαι,
562 1299 602 1367 τίς
626 1297 692 1361 ποθ’
721 1300 740 1383 ἡ
763 1299 847 1383 φύσις
868 1299 964 1362 αὐτῶν
987 1301 1034 1362 καὶ
1057 1301 1122 1383 περὶ
1144 1300 1207 1362 τίνα
1228 1305 1286 1362 τῶν
1309 1298 1399 1362 ὄντων
1421 1300 1511 1382 γίγνε-

261 1422 316 1462 ται.
361 1402 439 1463 δοκεῖ
462 1401 554 1463 τοίνυν
578 1400 608 1462 ἐν
631 1406 691 1470 τοῖς
719 1399 841 1484 [αὐτοῖς]
864 1401 963 1469 αἰτίοις
991 1402 1039 1464 καὶ
1062 1406 1152 1465 ταῦτα
1173 1403 1428 1486 καταριθμεῖσθαι·
1462 1403 1512 1464 καὶ

262 1500 317 1586 γὰρ
340 1504 359 1585 η
382 1502 458 1586 τύχη
481 1503 557 1565 αἰτία
573 1504 655 1566 δοκεῖ
674 1509 732 1566 τῶν
755 1503 928 1586 γιγνομένων
945 1504 1002 1566 ἀπὸ
1025 1504 1127 1589 τύχης,
1150 1506 1251 1568 καὶτὸ
1275 1503 1436 1587 αύτύματον
1452 1510 1511 1567 τῶν

223 1620 248 1664 ιο
261 1606 408 1669 τοιούτων.
454 1603 544 1669 ὄντων
567 1607 660 1668 τοίνυν
687 1605 785 1667 αἰτίων
812 1606 967 1690 τεττάρων,
996 1608 1061 1690 περὶ
1089 1608 1129 1668 ὧν
1157 1610 1294 1677 πολλάκις
1320 1609 1390 1690 ημῖν
1417 1606 1510 1689 λέγειν

261 1707 339 1783 ἔθος,
367 1712 418 1771 τοῦ
440 1732 472 1771 τε
495 1709 594 1772 ύλικοῦ
622 1709 742 1771 καὶτοῦ
769 1707 842 1771 κατὰ
868 1708 900 1771 τὸ
923 1708 1009 1782 εἶδος,
1037 1709 1085 1772 καὶ
1111 1713 1163 1772 τού
1189 1713 1350 1793 ποιητικοῦ,
1381 1710 1429 1773 καὶ
1457 1713 1508 1772 τοῦ

261 1813 371 1885 τέλους,
395 1811 425 1873 ἐν
448 1812 557 1882 τούτοις
580 1813 690 1894 ἀνάγκη
714 1811 853 1874 κάκείνων
876 1811 1012 1894 ἑκάτερον
1035 1811 1117 1890 εἶναι,
1140 1812 1171 1874 εί
1188 1811 1221 1893 γέ
1244 1810 1320 1874 ἐστιν
1342 1811 1429 1876 αἴτια.
1469 1814 1509 1881 ὡς
1522 1828 1552 1869 συ

262 1915 314 1996 μὲν
337 1912 386 1977 οὖν
410 1916 479 1998 ύλην
502 1916 554 1998 τὴν
577 1916 669 2000 τύχην
693 1913 739 1976 καὶ
762 1913 795 1975 τὸ
811 1910 973 1992 αύτύματον
996 1912 1089 1982 οὐδεὶς
1105 1913 1138 1976 ἂν
1156 1915 1315 1977 αἰτιάσαιτο
1338 1920 1396 1977 τῶν
1418 1938 1507 1998 γιγνο·

261 2017 355 2099 μένων
378 2015 415 2080 δι’
443 2016 526 2081 αὐτά.
571 2016 681 2101 οὐγὰρ
710 2013 897 2096 ὑποκείμενόν
920 2038 945 2077 τι
968 2039 987 2097 η
1010 2016 1102 2100 τύχη,
1131 2016 1383 2101 σχηματιζόμενύν
1405 2041 1437 2080 τε
1460 2019 1508 2080 καὶ

225 2135 250 2179 15
263 2121 495 2202 εἰδοποιούμενον
519 2119 574 2182 ύτύ
591 2143 665 2188 τινος
688 2123 728 2187 ὡς
751 2120 815 2202 ὕλη.
860 2117 1044 2200 ὑπομένουσα
1066 2120 1119 2202 γάρ
1139 2119 1211 2203 αὕτη
1235 2119 1349 2204 δέχεται
1374 2121 1406 2182 τθ
1430 2119 1507 2188 εἶδος

259 2224 307 2285 καὶ
331 2221 407 2285 ἔστιν
430 2222 507 2285 αἰτία
528 2228 586 2285 τὼν
609 2219 783 2304 γιγνομένων
813 2224 853 2289 ὡς
875 2220 1084 2304 ἐνυπάρχουσα
1106 2224 1165 2288 τοῖς
1188 2220 1217 2289 ἐξ
1240 2221 1329 2303 αὐτῆς
1350 2221 1507 2305 γεγονύσιν,

259 2328 278 2408 ᾗ
302 2326 334 2388 δὲ
356 2325 432 2409 τύχη
454 2326 501 2387 καὶ
524 2326 556 2387 τὸ
579 2323 741 2408 αὐτόματον
757 2324 787 2385 ἐν
810 2327 869 2391 τοῖς
894 2324 897 2404 1
921 2321 959 2385 δι’
987 2322 1059 2385 αὐτὰ
1082 2323 1257 2405 γιγνομένοις
1279 2324 1331 2387 οὐκ
1346 2322 1422 2388 ἔστιν
1445 2326 1488 2388 ἐν·
1508 2341 1562 2385 mov

259 2429 404 2512 υποίρχον·
438 2427 547 2512 τὸγὰρ
574 2427 644 2490 αὐτὸ
667 2431 751 2490 τοῦτο
773 2424 937 2509 γιγνόμενον
966 2426 1039 2488 κατὰ
1065 2425 1158 2510 τύχην
1186 2423 1249 2511 ἔχει
1271 2429 1322 2510 τἠν
1350 2427 1442 2513 τύχην
1474 2429 1505 2491 ἐν

258 2532 337 2615 αύτῷ
345 2555 352 2570 ·
387 2529 434 2593 διὰ
456 2534 545 2592 ταῦτα
567 2531 599 2592 δὲ
622 2528 683 2592 οὐδ’
704 2532 745 2598 ὡς
768 2528 844 2596 εἶδός
866 2552 898 2591 τε
920 2528 968 2590 καὶ
990 2530 1022 2591 τὸ
1039 2528 1068 2590 τί
1087 2526 1122 2611 ἦν
1145 2528 1218 2592 εἶναι
1240 2528 1317 2592 αἴτια
1339 2534 1429 2593 ταῦτα
1449 2536 1508 2601 τοῖς

221 2633 300 2697 υυθι’
328 2633 415 2696 αὐτά·
449 2633 482 2695 τὸ
506 2633 558 2714 μὲν
584 2631 639 2717 γὰρ
661 2632 738 2701 εἶδος
760 2632 918 2715 ἐνυπάρχει
944 2635 986 2715 τῷ
1010 2630 1044 2693 ού
1073 2629 1164 2694 αἴτιύν
1190 2631 1261 2705 ἐστι,
1289 2632 1454 2716 γιγνόμενον
1477 2635 1507 2696 ἐν

258 2743 297 2822 τῇ
321 2739 376 2819 ύλη
399 2735 447 2798 καὶ
471 2734 566 2817 μένον,
590 2735 697 2798 τούτων
717 2737 750 2798 δὲ
772 2736 932 2822 οὐθέτερον.
977 2733 1052 2798 ἀλλὰ
1075 2735 1132 2817 μὴν
1155 2734 1216 2798 οὐδ’
1238 2739 1278 2802 ὡς
1300 2734 1382 2805 τέλος
1403 2738 1451 2799 καὶ
1474 2738 1507 2799 τὸ

258 2841 291 2903 ού
314 2841 410 2903 ένεκεν
433 2830 522 2900 αἴτιον
546 2838 565 2919 ἡ
588 2838 664 2922 τύχη
680 2862 711 2901 τε
734 2840 781 2904 καὶ
804 2840 836 2901 τθ
859 2838 1035 2921 αὐτόματον·
1063 2837 1157 2900 οὐθενὶ
1179 2837 1232 2920 γάρ
1249 2841 1308 2899 τῶν
1330 2839 1507 2921 γιγνομένων

258 2944 277 3025 ἡ
300 2942 376 3027 τύχη
401 2939 522 3008 σκοπύς·
557 2941 672 3025 ἑκάστῳ
696 2942 747 3024 μὲν
770 2941 824 3025 γὰρ
847 2947 905 3003 τῶν
932 2939 1106 3023 γιγνομένων
1130 2939 1225 3003 ἕνεκέν
1248 2964 1323 3010 τινος
1345 2942 1506 3026 ὡρισμένος
1532 2960 1545 3000 τ

260 3047 275 3109 ὁ
299 3042 416 3117 σκοπάς,
439 3042 572 3127 ἀόριστον
595 3044 628 3105 δὲ
643 3042 751 3107 τούτων
775 3045 919 3127 ἑκάτερον.
960 3043 1035 3105 ἀλλὰ
1059 3043 1115 3126 μἠν
1132 3043 1157 3104 εἰ
1180 3042 1210 3104 ἐν
1227 3045 1328 3126 μηδενὶ
1344 3048 1402 3106 τῶν
1418 3053 1505 3129 τριῶν

219 3148 357 3210 νσαίτίων
380 3147 488 3210 τούτων
505 3146 581 3209 ἐστὶν
604 3170 623 3228 η
646 3145 733 3231 τύχη.
757 3170 776 3228 η
799 3145 915 3214 οὐδενός
930 3145 1005 3208 ἐστιν
1021 3145 1107 3214 αἰτία,
1131 3169 1150 3227 η
1172 3144 1219 3229 εἴη
1242 3145 1277 3208 ἂν
1300 3146 1330 3208 ἐν
1353 3151 1411 3215 τοῖς
1426 3172 1507 3232 ποιη-

257 3255 354 3318 τικοῖς.
399 3251 446 3312 καὶ
470 3249 527 3332 μὴν
550 3248 585 3310 τὰ
608 3249 744 3331 ποιητικὰ
771 3248 849 3311 αἴτιά
874 3272 949 3317 τινος
976 3249 1072 3311 ἕνεκεν
1100 3253 1177 3310 ποιεῖ
1203 3247 1238 3310 τὰ
1261 3247 1413 3331 γιγνόμενα
1436 3252 1508 3336 πρὸς

258 3353 364 3424 αὐτῶν,
387 3352 435 3414 καὶ
458 3349 533 3414 ἔστιν
549 3350 646 3418 αὐτοῖς
662 3351 820 3435 ὡρισμένον
843 3375 869 3412 τι
891 3350 973 3419 τέλος
991 3351 1188 3434 προκείμενον,
1212 3351 1311 3435 ὥσπερ
1334 3377 1352 3436 η
1376 3377 1407 3416 τε
1423 3355 1506 3438 φύσις

259 3458 306 3520 καὶ
329 3458 347 3539 ᾖ
371 3454 460 3539 τέχνη
484 3455 530 3516 καὶ
553 3455 759 3539 ηπροαίρεσις.
783 3454 878 3517 οὐθενὶ
901 3455 933 3516 δὲ
948 3453 1057 3516 τούτων
1073 3453 1176 3516 ταύτὸν
1200 3451 1266 3516 ούτε
1288 3455 1321 3516 τὸ
1344 3455 1506 3539 αὐτόματον

258 3558 324 3622 οὔτε
345 3560 364 3641 ἡ
387 3559 474 3642 τύχη.
519 3555 590 3619 ἄλλο
612 3557 667 3640 γάρ
689 3581 715 3618 τι
743 3557 821 3640 ταρὰ
843 3561 932 3619 ταῦτα
954 3557 1064 3619 τούτων
1087 3557 1222 3638 ἑκάτερον
1246 3557 1317 3620 εἶναι
1341 3559 1430 3634 δοκεῖ,
1457 3563 1504 3623 καὶ
1520 3578 1548 3618 ιο

216 3679 243 3722 ειυ
257 3663 291 3726 τὰ
316 3662 367 3745 μέν
391 3661 465 3722 ἐστιν
489 3660 645 3743 ὡρισμένα,
672 3659 720 3722 καὶ
742 3659 788 3742 ἐφ’
817 3659 976 3743 ὡρισμένον
1000 3658 1061 3742 ἄγει
1084 3683 1124 3734 τι,
1159 3657 1281 3721 ἄστατον
1305 3661 1336 3723 δὲ
1358 3664 1406 3724 καὶ
1429 3662 1504 3747 άύρι-

207 3855 216 3904 l
238 3853 320 3904 edidit.
333 3852 404 3903 Ιοαυ.
418 3848 493 3901 (bur.
508 3848 585 3900 Orelli
606 3849 633 3898 in
651 3847 717 3900 libro
739 3847 896 3910 „Alexandri
911 3850 988 3916 Aphr.
1003 3849 1133 3900 Ammonii
1148 3853 1197 3900 etc.
1210 3847 1241 3900 de
1254 3848 1307 3900 fato
1322 3866 1388 3918 quae
1401 3862 1560 3920 supersunt“

203 3941 291 3992 Turici
309 3937 372 3990 1824
393 3952 417 4004 p.
435 3936 481 3988 124
561 3935 577 3986 2
596 3936 639 3987 καὶ
653 3934 706 3986 Va:
726 3934 751 3986 δὲ
765 3937 808 3987 καὶ
821 3936 864 3987 He
944 3936 1019 4005 ἱκανὴ
1032 3937 1087 4008 περλ
1101 3935 1185 3988 αὐτῶν
1198 3935 1265 4005 κτλ]
1285 3937 1317 3988 cf.
1335 3937 1426 3998 :79:25
1445 3945 1470 3991 et
1486 3941 1561 3994 Alex.

202 4028 234 4080 de
252 4027 305 4078 fato
327 4024 432 4077 163r30
449 4023 477 4075 τύ
495 4024 541 4092 μὲν
559 4021 602 4075 ούν
620 4021 682 4074 εἶναί
699 4040 723 4075 τι
741 4022 788 4092 τὴν
801 4022 950 4095 εἱμαρμένην
964 4025 1095 4082 ..ἱκανῶς
1108 4024 1124 4093 η
1137 4030 1189 4076 τῶν
1202 4022 1346 4095 ἀνθρώπων
1363 4025 1488 4097 συνίστησι
1501 4029 1561 4100 πρό·

202 4167 277 4237 ληψις
295 4165 350 4218 κτλ.
422 4164 502 4225 4τῆς
520 4164 603 4215 σιτί’·
674 4168 726 4213 τῶν
745 4162 899 4231 δεδογμένων
914 4164 989 4215 nea:
1008 4164 1087 4216 τῶνδε
1106 4126 1266 4233 δειογμενονθ
1338 4163 1458 4218 θαύτῶν
1478 4168 1561 4219 υιυ.(1

203 4255 281 4307 Orelli
388 4251 468 4308 Ἰτίς
486 4254 580 4320 ποιῆτε
690 4252 819 4308 θαίτίοις
838 4251 883 4302 Ga:
903 4251 987 4309 αὐτοῖς
1006 4252 1091 4309 αίτίοις
1109 4253 1156 4303 vll
1263 4252 1403 4304 καὶταῦτα
1423 4253 1498 4305 vlla:
1517 4256 1560 4307 καὶ

203 4341 354 4395 καταυταΟ
448 4339 481 4390 111
498 4337 637 4409 τεττάρων]
656 4357 683 4390 τε
701 4341 728 4390 in
748 4341 786 4391 lit.
797 4340 819 4389 V
916 4339 946 4390 122
965 4339 1090 4390 κάκείνων
1111 4340 1164 4391 VC:
1186 4340 1229 4390 κο1
1247 4338 1345 4390 τούτων
1366 4340 1400 4390 11:
1419 4340 1561 4410 κρέίνωνυ

206 4432 235 4482 13
254 4427 407 4498 αὐτόματον]
427 4432 488 4479 ante
507 4445 520 4476 ν
539 4442 592 4478 una
611 4426 685 4479 litera
704 4443 776 4478 erasa
795 4427 815 4475 V
923 4427 965 4478 καὶ
984 4427 1013 4479 τὸ
1032 4427 1174 4493 αύτόματον
1194 4442 1243 4478 om.
1258 4427 1335 4479 Orelli
1446 4429 1477 4479 15
1496 4427 1559 4499 αὕτη

202 4519 306 4585 scripsi:
326 4516 390 4586 αύτὴ
410 4516 495 4567 vuca
605 4515 633 4565 16
654 4514 772 4566 αἰτιατῶν
791 4530 806 4565 a
912 4512 937 4573 ἐξ
956 4513 1033 4584 αύτῆς
1054 4515 1111 4566 VII:
1132 4514 1158 4572 ἐξ
1177 4513 1261 4565 αὐτῶν
1281 4514 1312 4568 θε
1332 4514 1357 4575 ἐξ
1376 4513 1494 4573 αύτοῖςυ

206 4606 234 4657 17
255 4605 363 4656 fortasse
381 4604 565 4675 ἐνυπάρχοντα·
584 4601 613 4653 ού
632 4602 678 4672 γὰρ
697 4601 758 4654 αὐτὸ
777 4603 804 4653 τὸ
823 4602 965 4672 γιγνόμενον
1073 4603 1103 4653 18
1122 4601 1169 4654 ούκ
1188 4601 1239 4671 ἔχει
1259 4602 1336 4655 Orelli
1440 4605 1471 4655 19
1490 4602 1559 4672 αύτῷ
1623 4633 1629 4639 -

203 4745 286 4797 vflssa
386 4745 421 4796 ‘20
439 4742 471 4796 δι’
492 4707 556 4796 οιύτθι
572 4744 606 4793 V:
626 4741 689 4793 αθτσί
709 4742 770 4794 Hca
870 4742 903 4793 22
922 4763 948 4795 τε
968 4759 1017 4795 om.
1036 4743 1072 4794 Ga
1173 4742 1205 4794 '24
1225 4741 1238 4794 θ
1259 4742 1351 4802 σκοπὸς
1370 4743 1507 4813 ὡρισμένος
1525 4743 1560 4795 (ἀ

202 4833 235 4884 ’26
255 4833 404 4904 ποιητιτὰτι
510 4831 624 4884 ποιεῖνθ
732 4829 763 4881 ’ὶῖ
784 4829 889 4900 ρύσειυ
990 4830 1023 4882 28
1042 4829 1068 4882 δὲ
1087 4830 1183 4882 VHCa:
1203 4849 1230 4882 τε
1248 4831 1326 4882 Orelli
1434 4832 1468 4883 30
1485 4832 1560 4884 ἄστα-

201 4939 244 4976 τον
263 4922 322 4974 vn:
343 4920 452 4974 ἄτακτον
471 4921 507 4972 Ca
