3540 5610
692 338 893 395 hnnxhnnnl
912 342 956 396 DE
976 341 1087 396 Anlhh
1524 345 1566 409 49

262 512 387 585 ἀκούειν,
411 514 496 597 όγάρ
517 513 547 576 ἐν
569 519 628 582 τοῖς
650 515 721 577 ὠσὶν
742 515 799 599 ἀὴρ
822 515 1135 600 ἐγκατιρκοδομημένος
1158 513 1276 599 ὄργανον
1299 520 1350 579 τού
1372 514 1512 597 ἀκούειν),

261 615 308 676 διά
330 616 437 699 ταύτην
466 617 521 705 τὴγ
541 617 632 680 αἰτίαν
660 616 787 699 εὐλόγως
815 620 897 681 δοκεῖ
922 617 1057 700 λέγεσθαι
1085 616 1117 681 εύ
1145 617 1201 682 ύιτό
1228 641 1312 681 τινων
1339 619 1371 681 τδ
1398 618 1512 682 ἀκούειν

262 717 341 798 ἡμᾶς
363 721 408 802 τῴ
431 724 519 803 κενῷ.
563 721 582 803 ἡ
607 720 639 782 δὲ
661 720 745 805 φωνὴ
769 719 845 790 εἶδός
868 719 927 784 ἐστι
948 720 1055 805 ψόφου.
1097 721 1189 805 ὁγὰρ
1213 722 1269 784 ὑπὸ
1292 726 1342 784 τοῦ
1366 718 1448 807 ζῴου
1472 724 1512 790 ὡς

263 816 342 902 ζῴου
364 819 512 904 γινόμενος
534 821 628 908 ψόφος
642 824 741 907 φωνή·
765 821 826 886 ἔστι
849 825 881 887 δὲ
902 822 959 886 ύπδ
982 821 1060 909 ζῴου
1081 826 1123 890 ὡς
1144 824 1200 886 ὑπὸ
1216 820 1297 908 ζῴου
1320 823 1454 908 γινόμενα
1476 824 1512 897 τά

234 923 337 984 ῡκατά
359 923 517 1006 φαντασίαν
538 925 600 987 τινά
622 927 670 993 καὶ
693 924 761 993 καθ’
782 926 875 1010 όρμὴν
897 925 1040 1009 γινόμενα.
1076 930 1132 988 τῶν
1154 927 1208 1010 γάρ
1229 927 1352 1013 ἀψύχων
1376 927 1431 991 όσα
1453 951 1512 1012 φω-

261 1010 320 1087 νεῖν
342 1024 465 1106 λέγεται,
488 1026 562 1090 κατά
582 1028 748 1112 μεταφορὰν
770 1027 892 1109 λέγεται.
926 1028 989 1092 ἐπεὶ
1011 1028 1066 1113 γάρ
1087 1029 1120 1091 τὸ
1145 1027 1231 1111 μέλος
1253 1031 1301 1093 καὶ
1322 1032 1341 1113 ἡ
1365 1032 1512 1099 διάλεκτος
1526 1045 1552 1088 ιο
1594 1106 1600 1117 ⁹

260 1127 398 1213 ἐμψύχου
420 1126 522 1213 ψόφοι,
550 1128 607 1193 όσα
628 1132 710 1193 δοκεῖ
729 1133 819 1193 ταῦτα
842 1132 1007 1214 μιμεῖσδαι,
1034 1134 1075 1200 ee
1096 1130 1182 1194 αὐλοί
1201 1134 1302 1196 τεκαὶ
1324 1134 1442 1218 κιδάραι
1464 1117 1512 1196 καὶ

260 1231 414 1313 σάλπιγγες
436 1233 484 1294 καὶ
505 1230 599 1316 λύραι,
616 1236 712 1296 ταῦτα
733 1233 846 1315 λέγεται
867 1234 915 1297 διὰ
937 1237 1021 1297 τούτο
1043 1238 1159 1317 φωνεῖν.
1206 1235 1305 1318 φωνὴν
1328 1236 1360 1300 δὲ
1382 1236 1511 1320 προΐεται

259 1338 320 1395 τῶν
347 1331 433 1417 ζῴων
460 1335 496 1397 τὰ
522 1335 708 1399 ἀναπνέοντσ.
757 1333 819 1398 ἔστι
846 1335 900 1418 γὰρ
927 1337 946 1418 ἡ
972 1336 1056 1420 φωνὴ
1087 1337 1183 1420 πληγὴ
1216 1341 1269 1400 τοῦ
1297 1337 1511 1423 ἀναπνεομένου

222 1450 252 1493 ιο
261 1435 348 1520 ἀέρος
371 1439 427 1501 ὑπὸ
449 1443 502 1522 τῆς
523 1439 553 1502 ἐν
575 1443 635 1508 τοῖς
657 1442 832 1523 φωνητικοῖς
858 1438 989 1523 όργάνοις
1010 1440 1162 1523 δυνάμεως
1183 1445 1310 1525 ψυχικῆς
1332 1442 1379 1505 διὰ
1400 1441 1509 1505 τούτων

259 1539 397 1624 γινομένη
419 1541 557 1625 πρός,τὴν
578 1542 758 1625 καλουμένην
775 1541 917 1625 ’ἀρτηρίαν
933 1542 1007 1605 κατὰ
1022 1543 1178 1627 φαντασίαν
1200 1544 1271 1607 τινά.
1309 1550 1352 1630 τῴ
1368 1544 1422 1628 γὰρ
1444 1545 1510 1608 ἀνα·

260 1642 413 1728 πνεομένη)
435 1643 499 1728 ἀέρι
514 1649 694 1730 καταχρῆται
716 1644 837 1728 ἡφύσις
859 1643 905 1706 ἐπὶ
927 1643 979 1707 δύο
999 1641 1078 1729 ἔργα,
1100 1643 1171 1730 πρός
1193 1669 1224 1708 τε
1244 1647 1296 1729 τὴν
1319 1644 1436 1731 ἔμψυξιν
1458 1650 1509 1710 τοῦ
1522 1663 1551 1705 ου

260 1747 468 1817 πλεονάζοντος
489 1748 600 1830 θερμοῦ
623 1746 690 1829 περί
709 1769 740 1809 τε
765 1747 814 1810 τδν
837 1747 985 1830 πλεύμονα
1011 1748 1059 1811 καὶ
1080 1748 1132 1832 τὴν
1154 1748 1271 1831 καρδίαν
1293 1750 1341 1813 καὶ
1363 1751 1435 1834 πρὸς
1456 1750 1509 1833 τὴν

260 1850 372 1932 φωνην,
396 1850 494 1933 ὥσπερ
522 1872 554 1931 γε
575 1850 624 1912 καὶ
645 1854 683 1933 τῇ
710 1851 826 1932 γλώττῃ
854 1849 926 1934 πρός
946 1874 977 1914 τε
999 1851 1050 1935 τὴν
1073 1855 1177 1936 χυμῶν
1206 1853 1345 1936 διάκρισιν
1367 1855 1415 1916 καὶ
1437 1854 1509 1938 πρδς

219 1965 246 2008 15
260 1951 313 2032 τῂν
334 1952 493 2015 διαλεκτον.
526 1953 599 2035 αὕτη
622 1952 675 2036 γὰρ
697 1954 730 2015 τδ
753 1942 915 2037 φωνητικὸν
938 1951 1072 2038 ὄργανον,
1094 1949 1131 2016 δι’
1159 1952 1194 2017 ού
1216 1956 1236 2038 ἡ
1259 1955 1340 2041 ψυχὴ
1364 1956 1435 2039 πρός
1457 1957 1509 2040 τὴν

260 2053 399 2137 ἀρτηρίαν
426 2056 473 2117 καλ
500 2055 548 2117 τόν
582 2055 612 2118 ἐν
640 2055 730 2138 ταύτῃ
757 2054 830 2139 ἀέρα
861 2057 910 2118 τὸν
938 2055 1150 2139 ἀναπνεύμενον
1177 2056 1250 2142 ἀέρα
1276 2059 1407 2142 πλήσσει.
1461 2061 1508 2123 καὶ

261 2157 360 2239 ὥσπερ
388 2157 436 2220 ἀπὶ
458 2162 511 2241 τῆς
532 2150 662 2243 γλώττης
688 2161 721 2222 τδ
744 2160 796 2242 μὲν
819 2160 893 2223 κατὰ
918 2160 971 2243 τὴν
991 2159 1088 2242 γεῦσίν
1114 2183 1145 2222 τε
1171 2160 1219 2223 καὶ
1245 2160 1297 2243 τὴν
1323 2165 1382 2223 τῶν
1405 2167 1509 2246 χυμῶν

260 2260 400 2343 διάκρισιν
424 2257 505 2345 ἔργον
533 2261 623 2346 αὐτῆς
649 2263 810 2344 ἀναγκαῖον·
830 2266 873 2348 τῴ
901 2260 999 2348 ἔχοντι
1020 2260 1125 2346 αὐτην,
1153 2260 1215 2324 ἐπεὶ
1239 2263 1279 2346 μή
1303 2262 1364 2327 ἐστι
1392 2267 1444 2348 ζῆν
1469 2265 1509 2348 μὴ

264 2361 460 2446 τρεφομένοις,
483 2364 516 2426 τδ
532 2364 565 2426 δὲ
586 2365 660 2428 κατά
681 2365 733 2447 τὴν
755 2365 907 2449 ἑρμηνείαν
928 2369 979 2427 τοῦ
995 2362 1139 2449 βελτίονός
1157 2387 1189 2426 τε
1205 2365 1252 2428 καὶ
1274 2370 1324 2428 τοῦ
1347 2364 1380 2430 εὖ
1403 2366 1509 2440 ἕνεκεν,
1523 2384 1550 2426 ιτ

215 2480 245 2525 nn
258 2465 352 2534 οὕτως
380 2466 428 2528 καὶ
458 2465 505 2528 ἐπὶ
532 2470 583 2530 τοῦ
611 2467 825 2551 ἀναπνεομένου
848 2466 1013 2550 Ιτινεύμοιτος
1039 2468 1072 2529 τδ
1100 2468 1151 2549 μὲν
1179 2469 1251 2552 πρὸς
1276 2469 1328 2551 τὴν
1355 2473 1406 2532 τοῦ
1431 2471 1511 2540 ἐντδς

261 2568 372 2653 δερμού
395 2569 549 2655 κατάψυξιν
576 2569 723 2653 γινάμενον
746 2568 839 2659 ἔργον.
855 2568 889 2632 δι’
918 2569 1007 2633 αὐτοῦ
1030 2571 1184 2653 ἀναγκαῖον
1210 2572 1244 2655 (η
1273 2571 1327 2656 γάρ
1349 2569 1508 2658 ἔμψυξιςη

258 2671 311 2735 ἀπ’
339 2672 430 2736 αὐτοῦ
456 2672 591 2759 γινομένη
618 2677 677 2743 τοῖς
703 2675 768 2758 περὶ
794 2675 843 2737 τόν
870 2674 993 2758 δώρακα
1019 2673 1133 2758 μέρεσιν
1161 2674 1202 2742 εἰς
1229 2673 1263 2735 τδ
1288 2671 1360 2736 εἶναι
1383 2679 1512 2739 συντελεῖ

258 2778 320 2844 τοῖς
341 2775 557 2859 ἀναιτνέουσιν),
579 2777 612 2839 τδ
635 2777 667 2840 δὲ
689 2778 761 2860 πρὸς
781 2777 833 2860 τὴν
856 2777 956 2861 φωνὴν
978 2779 1030 2839 τοῦ
1052 2774 1085 2839 εὖ
1108 2777 1202 2862 χάριν.
1241 2778 1257 2840 ό
1279 2776 1332 2861 γάρ
1354 2777 1439 2860 λόγος
1461 2780 1508 2842 καὶ

257 2878 278 2960 ἡ
303 2878 425 2961 μήνυσις
447 2882 504 2941 τῶν
527 2883 578 2962 τῆς
601 2883 698 2964 ψυχῆς
713 2882 876 2963 νοημάτων,
898 2877 1034 2963 γινόμενα
1054 2879 1235 2955 διάτούτων,
1258 2880 1299 2949 εἰς
1321 2881 1373 2964 τὴν
1389 2881 1508 2965 ἀρίστην

214 2996 245 3040 οὐ
260 2984 392 3044 συντελεῖ
412 2987 455 3067 τῴ
477 2982 626 3066 ἀνδρώπιρ
649 2983 806 3047 κοινωνίαν.
844 2981 887 3044 ότι
910 2983 943 3045 δὲ
965 2985 1006 3067 τῴ
1029 2981 1236 3067 ἀναπνεομένιρ
1259 2981 1322 3066 ἀέρι
1344 2987 1451 3069 χρῆται
1473 2984 1509 3047 τά
1620 2980 1626 2992 ’

204 3226 215 3275 l
239 3221 352 3295 ό-ἀὴρ]
372 3222 415 3275 die
433 3221 503 3285 δαῖε,
520 3222 614 3275 welche
634 3223 661 3274 in
681 3222 732 3275 den
751 3221 836 3275 Ohren
855 3223 889 3275 iet
995 3206 1268 3292 ἐγκαιῳκοδομημένος
1287 3238 1337 3275 cm.
1435 3224 1450 3275 7
1469 3223 1560 3293 ταῦτα]

201 3312 276 3364 diese
295 3311 380 3363 Τιἰιιε·
488 3310 504 3359 8
530 3307 639 3378 λέγεται]
658 3309 720 3361 wird
740 3314 832 3378 ἕστορι
849 3310 950 3375 werden
1068 3310 1150 3361 9—ll
1182 3308 1234 3362 ἔστι
1251 3310 1477 3380 γὰρ-φαντασίαν
1495 3311 1560 3380 τινά]

202 3400 275 3453 deun
303 3398 345 3451 die
373 3398 480 3450 διίστατο
507 3397 542 3448 ist
569 3396 680 3448 ffirwnhr
707 3398 753 3450 des
777 3398 890 3465 Kloplen
912 3399 957 3451 der
985 3398 1145 3466 gehanchten
1169 3396 1231 3450 Lnlt
1257 3397 1338 3451 durch
1366 3386 1408 3453 hie
1437 3399 1561 3453 seelieche
1645 3434 1652 3451 .

202 3488 294 3545 kraft,
311 3487 406 3538 welche
425 3486 453 3537 in
471 3483 528 3536 dem
547 3483 635 3551 Orgnn
654 3485 699 3537 des
718 3485 804 3538 Tenes
822 3487 936 3537 entsteht
955 3486 1037 3538 durch
1054 3485 1096 3537 die
1115 3483 1231 3553 Organe,
1249 3486 1343 3538 welche
1363 3493 1480 3553 genennt
1500 3502 1560 3539 wer-

202 3576 256 3627 den
273 3575 317 3626 die
336 3573 440 3625 thren
458 3571 503 3624 der
522 3571 613 3640 Lnnge
635 3571 713 3624 durch
733 3573 791 3625 eine
810 3576 857 3625 Art
879 3588 930 3624 ιοιι
950 3572 1116 3640 Vorstellung
1242 3573 1273 3624 13
1299 3573 1342 3625 τὸν
1360 3570 1499 3641 πλεύμονα]
1518 3574 1561 3626 die

203 3663 293 3715 Seiten
312 3661 357 3713 der
375 3659 467 3726 Lunge
569 3659 599 3710 ll
616 3659 659 3710 καὶ
677 3674 727 3710 cm.
832 3660 933 3713 15-16
952 3656 1120 3729 πρὸς-ἀέρα]
1140 3660 1234 3712 cen-die
1252 3661 1366 3729 genehte
1385 3659 1447 3712 huft
1464 3662 1493 3713 in
1511 3662 1561 3713 den

205 3750 309 3802 Rfihren
327 3748 373 3800 der
391 3746 482 3813 Lnnge
500 3746 554 3796 und
574 3746 618 3797 der
637 3744 706 3811 Lult,
725 3747 818 3799 welche
838 3749 865 3799 in
884 3748 924 3800 ihr
942 3749 977 3800 ist
995 3746 1056 3814 (sic)
1154 3746 1256 3799 17-18
1273 3746 1505 3819 κατὰ-διάκρισιν]
1525 3749 1560 3800 im

205 3837 313 3891 Bereich
331 3835 377 3887 der
395 3833 570 3886 Gesehmnche
589 3834 642 3884 und
665 3834 709 3886 der
727 3834 887 3903 Erlennung
905 3834 949 3887 der
967 3835 1075 3904 Speisen
1183 3833 1214 3886 19
1232 3838 1278 3887 τοῦ
1297 3833 1560 3904 βελτίονός-ἕνεκεν]

204 3925 252 3975 dns
270 3922 469 3990 Vcrznglichete
490 3921 546 3972 und
568 3936 610 3972 am
632 3921 742 3974 meisten
760 3910 941 3976 Lobenswerte
1064 3921 1098 3974 ⁸20
1124 3925 1170 3973 τοῦ
1187 3919 1256 3980 ἐντὸς
1276 3919 1383 3992 δερμού]
1406 3923 1560 3981 elementere

205 4010 309 4063 wirne
413 4007 517 4060 21-23
534 4007 551 4076 ἡ
569 4008 825 4078 γὰρ-ἀναπνέουοιν]
844 4010 891 4062 das
909 4009 1011 4062 Wehen
1029 4009 1074 4062 des
1093 4007 1203 4062 Windcs
1222 3996 1336 4062 nhmlich
1354 4025 1402 4062 cus
1420 4009 1471 4062 den
1489 4009 1560 4063 Glic-

205 4098 276 4163 dem,
297 4097 392 4150 welche
411 4098 440 4148 in
458 4095 503 4147 der
520 4095 599 4146 Brust
617 4094 686 4160 sind,
704 4096 758 4147 und
776 4097 819 4148 die
837 4096 1008 4165 Ablfihlung,
1026 4096 1120 4149 welche
1138 4096 1218 4148 ihnen
1237 4095 1330 4147 dafnus
1349 4096 1488 4161 zuhhmmt,
1507 4097 1560 4150 hei·
1656 4094 1661 4102 '

206 4186 250 4238 ‹ler
267 4184 437 4247 beders-des,
456 4198 507 4234 was
525 4182 561 4234 im
580 4181 658 4235 Leibe
676 4190 756 4236 atmet
775 4182 856 4252 [lnrl]
877 4185 934 4237 sein
953 4184 1041 4238 Leben
1164 4182 1198 4235 23
1225 4182 1384 4254 τδ-χάριν]
1404 4183 1497 4252 jedcch
1518 4184 1560 4237 dic

208 4272 350 4341 Wirknng,
372 4270 467 4325 welche
484 4285 537 4322 von
555 4270 608 4322 ihm
630 4270 665 4322 im
685 4270 790 4323 Bereich
815 4271 869 4325 dee
888 4272 992 4325 'lones
1015 4271 1068 4324 und
1091 4271 1135 4323 der
1153 4271 1261 4323 Stimmc
1280 4271 1404 4339 ausgnht,
1425 4271 1560 4339 geschleht

207 4360 245 4412 fir
261 4361 309 4413 dee
328 4359 527 4428 Vcnfiglichere
645 4358 679 4410 ‘24
705 4357 814 4426 τούτων]
838 4358 952 4413 dieselbe
971 4357 1039 4426 [scil.
1059 4355 1162 4426 Zunge]
1281 4356 1393 4410 24-25
1421 4357 1455 4416 τίς
1472 4357 1560 4427 τὴν-

208 4445 350 4516 ehennae]
374 4447 460 4499 devon
478 4446 560 4498 erhilt
577 4448 623 4500 der
639 4448 743 4500 llensch
767 4449 845 4501 einen
863 4446 965 4499 Nutzen
983 4446 1019 4498 im
1038 4446 1144 4499 Bereich
1168 4446 1253 4497 sciner
1271 4442 1494 4497 Genossenschnft
1511 4445 1561 4496 mit.

209 4535 321 4600 Andem,
338 4551 369 4588 ec
387 4534 448 4587 dees
466 4534 504 4586 sie
521 4549 573 4586 wcn
590 4533 636 4587 der
646 4536 744 4588 hesten
761 4533 969 4587 Bcecheffenheit
986 4533 1025 4585 eei

212 4665 395 4674 ——.-———
402 4667 501 4674 ——·
511 4666 579 4674 -.n-
588 4668 606 4673 -

213 4742 302 4795 lhelv
319 4761 357 4813 γρ.
375 4759 417 4795 ex.
437 4743 517 4795 vich:
536 4740 649 4809 σώμασιν
668 4742 707 4793 Vn
813 4736 1115 4810 ἀγκατωκιδομημίνοςο
1216 4736 1357 4810 ὃλῦραιο
1463 4736 1489 4789 δὲ
1507 4751 1558 4789 om.

214 4830 241 4880 13
266 4829 393 4898 ιιλώμονα
417 4831 523 4898 scripsi:
546 4827 670 4898 πνεύμονα
695 4846 719 4879 α.
763 4828 811 4880 hoc
834 4828 890 4880 leco
913 4833 939 4879 et
959 4825 1065 4878 145v19
1089 4832 1175 4877 utrum
1198 4823 1318 4893 τλιύμων
1340 4840 1375 4877 οτι
1399 4822 1517 4892 πνεύμων
1536 4825 1557 4875 V

213 4916 322 4983 dublum,
339 4917 460 4987 τλάμων
478 4922 545 4970 certe
567 4916 672 4968 141135

259 5027 366 5075 supplem.
381 5027 447 5064 Arist.
463 5025 489 5063 ll.
504 5025 608 5063 Alexand.
623 5024 642 5061 ιΙ.
658 5023 740 5061 Αιιῖιιιο.
1336 5000 1357 5062 ’ἀ
