3540 5610
679 327 883 382 ALEXANDRI
905 328 949 381 DE
976 329 1085 383 Antnn
1522 331 1563 395 35

263 497 380 583 πέψεως
395 501 443 564 καὶ
459 498 648 584 ἐξομοιοίισης
663 502 711 564 καὶ
726 501 954 587 προσκρινοόσης
974 507 1018 587 τῷ
1034 506 1158 586 σώματι,
1181 503 1215 567 οὔ
1231 504 1308 567 ἐστιν
1323 503 1400 574 εἶδός
1416 503 1511 567 τεκαὶ

261 601 379 684 δύναμις
393 601 478 687 αὕτη.
511 601 629 688 ὄργανον
645 603 671 667 δ’
692 603 768 688 αὐτῇ
784 607 856 689 πρὸς
870 605 922 674 τὰς
937 605 1068 675 τοιαύτας
1084 606 1224 690 ἐνεργείας
1239 631 1270 670 τε
1285 608 1333 671 καὶ
1350 605 1511 691 μεταβολὰς
1524 620 1551 662 2⁰
1605 620 1609 625 '

259 703 292 765 τὸ
307 703 429 787 θερμόν.
463 705 508 768 διδ
524 706 575 768 καί
592 727 665 779 τισιν
680 704 775 776 ἔδοξεν
791 706 848 792 ἤδη
863 706 942 771 τοῦτ’
963 707 1035 772 εἶναι
1057 709 1090 772 τδ
1111 708 1215 793 τρέφον
1237 710 1289 794 τὴν
1306 714 1357 792 τῆς
1372 709 1511 792 ποιούσης

260 806 356 891 ἀρχῆς
378 806 498 891 δύναμιν
520 808 569 870 ἐπὶ
588 809 621 870 τδ
644 804 680 883 δι’
701 807 736 871 οὖ
759 815 835 872 ποιεῖ
850 810 1058 896 μεταφέρουσιν
1081 810 1128 874 διὰ
1151 812 1183 874 τδ
1200 812 1269 895 ὁρᾶν
1292 811 1510 896 χωρὶςταύτης

231 910 303 992 σμὴ
325 910 484 993 δυνάμενον
507 909 667 994 τρέφεσθαί
689 934 724 974 τι.
768 913 912 997 κινητικδν
936 913 1064 998 μὲνγὰρ
1087 915 1135 978 καὶ
1156 914 1189 976 τδ
1214 912 1332 998 θερμόν,
1354 913 1414 978 ἀλλ’
1442 911 1509 976 οὔτε

260 1011 408 1097 ὡρισμένη
431 1010 499 1075 οὔτε
519 1011 678 1097 τεταγμένη
700 1014 820 1098 κίνησις,
846 1016 883 1101 ἧς
904 1015 1129 1101 προηγουμένως
1152 1017 1231 1102 ἀρχὴ
1255 1018 1287 1080 τδ
1310 1017 1429 1101 θερμόν.
1473 1016 1507 1078 τὸ
1522 1033 1549 1074 ε’»

259 1115 294 1178 δέ
314 1115 491 1199 τρεφόμενον
516 1113 593 1183 τάξει
620 1117 673 1178 τινὶ
701 1118 749 1180 καὶ
777 1119 838 1202 ὁδῷ
861 1117 990 1202 πρόεισιν
1012 1121 1060 1183 καὶ
1087 1119 1154 1204 όρον
1181 1117 1245 1204 ἔχει
1266 1120 1343 1198 τινά,
1376 1119 1510 1182 ἃοίκεῖα

260 1221 370 1303 ψυχῆς,
394 1217 455 1282 ἀλλ’
482 1217 517 1281 οὐ
539 1215 641 1302 πυρός.
679 1214 706 1305 ᾧ
731 1221 764 1282 δὲ
785 1220 919 1306 τρέφεται
944 1221 981 1284 τὰ
1002 1219 1175 1306 τρεφόμενα,
1197 1223 1290 1306 τούτῳ
1314 1224 1363 1285 καὶ
1383 1220 1508 1301 αὔξεται,

259 1322 302 1388 ώς
323 1319 382 1404 ἤδη
405 1322 581 1406 προείρηται.
619 1321 653 1385 οό
669 1323 727 1407 μὴν
748 1322 853 1387 ταύτόν
876 1324 955 1388 ἐστιν
971 1321 1112 1393 αὔξεσθαί
1132 1347 1163 1387 τε
1186 1326 1234 1389 καὶ
1250 1324 1417 1409 τρέφεσδαι,
1441 1325 1509 1388 οὐδὲ

217 1422 321 1505 ιοᾶμα
342 1424 449 1506 γίνεται
471 1423 544 1488 οὐδὲ
566 1424 695 1509 ἑκατέρῳ
721 1425 817 1490 αὐτῶν
840 1427 857 1490 ό
879 1426 966 1497 αὐτὸς
993 1425 1109 1495 σκοπός.
1152 1427 1288 1512 τρέφεται
1311 1428 1362 1511 μὲν
1385 1427 1438 1512 γδιρ
1463 1429 1508 1491 ἀεὶ

256 1528 293 1590 τὸ
315 1531 410 1611 ζῷον,
438 1523 496 1590 ἔστ’
526 1521 603 1612 όνῇ
632 1529 692 1610 (διδ
714 1530 762 1593 καὶ
785 1531 983 1615 συνεχεστάτη
1011 1531 1064 1614 ἥδε
1087 1535 1144 1593 τών
1174 1535 1306 1615 ψυχικῶν
1333 1530 1509 1614 ἐνεργειῶν),

258 1627 376 1700 αὔξεται
398 1630 432 1693 δέ
453 1629 507 1693 οὐκ
530 1630 576 1692 ἀεὶ
598 1629 770 1716 τρεφόμενα,
793 1630 872 1716 εἴγε
894 1632 1027 1718 τρέφεται
1050 1632 1101 1715 μὲν
1124 1629 1184 1696 ἔστ’
1212 1632 1247 1696 ἂν
1270 1631 1302 1716 ᾖ.
1325 1630 1385 1697 ἔστι
1407 1633 1440 1696 δέ
1460 1635 1509 1697 καὶ

258 1732 297 1795 τὰ
317 1734 500 1816 γηράσκοντά
523 1755 555 1795 τε
577 1734 625 1795 καὶ
648 1734 814 1818 μειούμενα.
846 1736 955 1814 σκοπδς
977 1736 1010 1797 δὲ
1034 1738 1080 1820 τηῖ
1103 1736 1154 1817 μὲν
1181 1736 1312 1820 τρέφοντι
1334 1737 1354 1817 ἡ
1376 1741 1427 1799 τοῦ
1449 1759 1508 1820 τρε·
1521 1754 1549 1796 συ

258 1835 388 1920 φαμένου
411 1835 556 1920 σωτηρία,
583 1840 625 1919 τῷ
649 1836 682 1900 δέ
703 1834 816 1906 αὔξοντι
839 1837 880 1905 εἰς
903 1836 1026 1921 μέγεθος
1051 1838 1071 1920 ἡ
1095 1838 1242 1902 σύντέλεια
1263 1842 1306 1923 τῷ
1329 1838 1507 1924 τρεφομένῳ.

184 2006 189 2013 ,
217 1953 245 1998 15
259 1938 306 2000 διὸ
328 1939 377 2001 καὶ
399 1944 456 2001 τῶν
480 1940 633 2021 δυνάμεων
660 1940 680 2023 ἡ
705 1939 758 2022 μὲν
785 1943 836 2002 τοῦ
859 1939 933 2003 εἶναί
956 1963 987 2002 τε
1009 1940 1057 2002 καί
1083 1944 1136 2023 τῆς
1157 1940 1256 2010 οὐσίας
1282 1940 1344 2006 ἐστὶ
1366 1944 1506 2026 τηρητική

258 2042 394 2126 (τοιαύτη
416 2041 470 2127 γὰρ
493 2042 697 2128 ηδρεπτική),
720 2044 739 2126 ἡ
762 2043 794 2105 δὲ
809 2041 948 2127 αὐξητικὴ
973 2043 1198 2128 προηγουμένως
1219 2045 1281 2108 ἐστὶ
1302 2049 1355 2128 τῆς
1376 2044 1450 2107 κατὰ
1473 2047 1505 2108 τὸ

259 2147 350 2209 ποσδν
373 2144 534 2214 ἐπιδόσεως
559 2147 704 2230 ποιητική.
750 2142 810 2209 ἔστι
836 2147 869 2209 δὲ
894 2147 943 2209 καὶ
967 2146 1001 2208 τὸ
1018 2140 1122 2229 Ιγεννοῖν
1151 2171 1183 2210 τε
1208 2148 1256 2210 καὶ
1283 2145 1382 2230 δμοιον
1409 2149 1505 2235 ἑαυτῷ

259 2251 427 2311 καταλιπεῖν
454 2247 595 2331 ἑπόμενον
625 2253 687 2318 ταῖς
709 2246 930 2332 προειρημέναις
955 2248 1109 2334 ἐνεργείαις
1131 2255 1193 2318 ταῖς
1219 2251 1292 2313 κατὰ
1314 2250 1347 2312 τὸ
1370 2248 1511 2320 αὔξεσθαί

259 2373 293 2414 τε
314 2352 363 2414 καὶ
378 2350 555 2435 τρέφεσθαι,’
570 2350 604 2413 οό
621 2355 706 2414 πᾶσιν
731 2351 782 2434 μέν
798 2350 928 2436 ὑπάρχον
952 2351 995 2421 οἷς
1010 2352 1150 2416 κάκείνων
1166 2353 1314 2435 ἑκάτερον,
1336 2356 1395 2421 τοῖς
1411 2353 1507 2435 μέντοι

215 2470 246 2514 αι
261 2456 336 2539 μήτε
358 2453 580 2539 πεπηρωμένοις
610 2455 683 2538 μήτε
709 2453 839 2517 ἀτελέσιν
863 2453 983 2529 ἅπασιν,
1013 2457 1053 2524 ώς
1074 2455 1250 2539 προείρηται.
1295 2455 1342 2518 καὶ
1366 2452 1427 2519 ἔστι
1449 2463 1506 2520 τών
1520 2474 1547 2517 υτ

260 2563 313 2642 τῆς
335 2557 493 2641 δρεπτικης
516 2561 614 2642 ψυχῆς
636 2558 785 2640 δυνάμεων
813 2557 867 2641 ἥδε
889 2559 1066 2642 τελειοτάτη.
1110 2558 1204 2621 τελεία
1226 2557 1280 2641 γὰρ
1307 2556 1365 2642 ἤδη
1390 2560 1410 2642 ἡ
1433 2561 1507 2624 κατὰ

259 2661 366 2749 ταύτην
394 2659 521 2745 ἐνέργεια
548 2657 621 2724 οὖσα
643 2659 716 2723 κατὰ
742 2659 826 2744 φύσιν
852 2660 901 2723 καὶ
928 2658 986 2744 ἤδη
1008 2661 1135 2724 τελείων.
1180 2663 1263 2724 παντὶ
1286 2661 1340 2744 γὰρ
1366 2665 1409 2745 τῷ
1433 2663 1507 2727 κατὰ

260 2764 346 2848 φύσιν
369 2761 467 2848 ἔχοντι
487 2762 569 2833 τέλος
592 2761 677 2837 ἐστίν,
700 2764 741 2830 ώς
762 2760 820 2845 ἤδη
843 2762 1020 2847 προείρηται,
1043 2765 1076 2826 τδ
1098 2769 1232 2848 γεννῆσαι
1254 2763 1313 2827 οἷον
1337 2762 1417 2827 αὐτό.
1458 2768 1507 2830 καὶ

260 2865 346 2930 αὗται
369 2866 420 2949 μὲν
443 2867 473 2930 αἱ
495 2870 548 2950 τῆς
569 2869 692 2951 φυτικῆς
714 2887 746 2928 τε
768 2865 816 2929 καὶ
838 2867 957 2950 πρώτης
978 2871 1078 2952 ψυχῆς
1100 2866 1253 2952 ἐνέργειαι·
1278 2866 1389 2952 τρέφειν
1412 2866 1507 2938 αὔξειν

215 2984 245 3030 ω
258 2973 368 3051 γεννᾶν.
413 2969 469 3033 εἶεν
496 2966 521 3032 δ’
550 2967 585 3032 ἄν
612 2968 661 3031 καὶ
686 2967 716 3030 αἱ
745 2968 881 3051 δυνάμεις
906 2966 958 3052 ἀφ’
986 2969 1027 3031 ών
1054 2968 1120 3032 αἵδε
1146 2971 1176 3033 nt
1204 2970 1343 3054 ἐνέργειαι
1371 2973 1505 3057 φανεραί·

260 3075 280 3157 ἡ
304 3074 357 3156 μὲν
379 3072 519 3156 θρεπτικὴ
542 3070 673 3152 δύναμις,
696 3067 770 3134 οὖσα
791 3071 811 3154 ἡ
834 3073 935 3155 πρώτη
958 3076 1071 3157 ψυχῆς,
1094 3073 1222 3154 σωστικὴ
1245 3075 1297 3135 τοῦ
1318 3070 1436 3158 ἔχοντος
1458 3074 1507 3138 αὐ·

257 3177 310 3260 τὴν
337 3175 386 3239 διὰ
412 3181 463 3259 τῆς
492 3174 600 3244 οἰκείας
626 3172 783 3256 ἐνεργείας,
810 3174 873 3258 ἥτις
900 3173 948 3237 ἐπὶ
975 3175 1115 3261 παρουσίι
1146 3179 1255 3260 τροφῆς
1276 3175 1397 3257 γίνεται,
1425 3178 1445 3261 ἡ
1474 3178 1548 3241 δέκα

200 3351 247 3403 die
265 3346 398 3401 nihtende
416 3346 489 3399 Seele
507 3345 549 3398 die
568 3344 694 3412 Nnhrung
711 3343 832 3411 vendant,
855 3345 950 3399 welche
972 3361 1023 3399 von
1042 3362 1137 3399 nussen
1161 3361 1347 3415 genommen
1365 3348 1429 3400 wind
1448 3346 1498 3416 (?)‚
1522 3351 1560 3404 sie

200 3436 349 3500 verindert,
366 3434 501 3488 assimilirt
517 3432 572 3486 und
590 3433 637 3484 mit
655 3433 712 3485 dem
731 3433 830 3501 Κόιρει
848 3433 1120 3503 τυεεωιιιειιὶιῐιιιρευᾱ
1138 3434 1225 3486 mneht
1334 3434 1350 3485 6
1377 3433 1558 3507 ἠς-δερμόν]

201 3540 232 3578 so
251 3525 312 3577 dass
331 3522 378 3575 des
397 3521 502 3585 Wnrme
520 3521 602 3573 selbet
620 3519 666 3571 dne
686 3520 884 3589 vernngehende
902 3520 1008 3590 Princip
1027 3525 1093 3575 were
1207 3520 1275 3573 6-7
1302 3519 1331 3575 τὸ
1349 3520 1473 3592 δὲ-έγει
1491 3524 1557 3593 τινά]

201 3612 257 3664 Das
275 3610 414 3664 Nihrende
431 3606 494 3662 nbe'r
510 3606 610 3676 befolgt
628 3606 789 3675 Abstunng,
807 3607 934 3677 ordnung
952 3608 1006 3661 und
1025 3608 1119 3661 Gesetz
1246 3609 1274 3660 ll
1305 3609 1483 3681 σοντχτστάτη]
1503 3613 1558 3664 nie·

199 3698 302 3767 drigere
324 3713 376 3750 von
395 3697 445 3749 den
463 3696 522 3763 (ele
541 3694 594 3761 die)
621 3695 783 3763 Wirlnungen
806 3695 851 3747 der
869 3694 950 3748 Seele.
987 3696 1116 3763 Interpres
1139 3696 1208 3748 hebr.
1231 3710 1259 3747 se
1282 3695 1310 3748 in
1328 3698 1445 3765 margine
1463 3697 1559 3766 legisse

199 3785 353 3838 contendit:
371 3800 461 3836 ausser
479 3782 654 3851 (verschieden
674 3782 737 3848 του)
863 3782 965 3836 12-13
992 3781 1307 3851 έστι-μειοόμενα]”υυᾱ
1327 3783 1373 3835 das
1391 3785 1558 3853 nbgenutzte

199 3874 255 3925 und
273 3870 449 3941 Mengelhnfte
469 3871 559 3924 (lauert
576 3870 628 3923 fort
735 3868 837 3922 16-17
864 3869 880 3938 ἡ
899 3868 1100 3940 δὲ-ποιητικψ]
1122 3870 1177 3922 und
1195 3869 1307 3922 ffirwnhr
1324 3869 1368 3922 der
1387 3871 1489 3938 Zweck,
1507 3874 1558 3926 den

199 3961 249 4013 das
266 3959 509 4012 Wechsenmnchen
526 3963 612 4011 zuerst
630 3958 813 4026 benbsichtigt,
831 3958 866 4010 ist
883 3961 961 4010 etwas
979 3972 1031 4010 νοιι
1050 3957 1095 4010 der
1113 3958 1253 4026 Kntegorie
1271 3957 1316 4009 der
1333 3957 1470 4021 Quantite'et

199 4048 231 4101 21
261 4045 418 4117 πλατυτάτη]
438 4046 480 4100 die
497 4045 575 4098 letzte
593 4045 646 4098 und
665 4045 712 4097 dne
731 4046 810 4097 werin
828 4044 884 4096 ihre
903 4044 1070 4113 Vossendung
1184 4043 1288 4097 ί21-22
1315 4043 1557 4110 τελεία-τελείων]

199 4136 254 4188 und
266 4152 295 4189 es
308 4138 345 4189 ist
357 4136 415 4188 eine
427 4133 571 4186 nntfirliche
583 4132 714 4200 Wirkung
726 4131 772 4183 der
784 4132 846 4184 zwei
859 4131 1030 4185 Vellendeten
1044 4133 1073 4197 [i.
1084 4148 1107 4185 e.
1119 4132 1198 4185 Mann
1210 4133 1265 4185 und
1278 4132 1363 4197 weit,
1377 4132 1437 4185 ndu.
1450 4134 1557 4202 interpr.

200 4225 283 4289 hebn]
385 4221 419 4274 24
437 4224 545 4290 φυτικῆς
562 4239 590 4272 τε
608 4220 652 4272 καί
670 4217 784 4290 πρώτης]
803 4219 849 4272 der
866 4219 1053 4272 unhrenden
1072 4218 1154 4285 Seele,
1172 4219 1267 4273 welche
1285 4219 1327 4273 die
1345 4224 1412 4272 erete
1431 4219 1503 4273 Seele
1523 4221 1558 4272 iet

200 4376 291 4443 ῌτι
308 4376 414 4451 όργανον
432 4377 461 4429 τὸ
479 4374 572 4448 θερμόν
589 4379 637 4447 τῆς
653 4373 791 4449 δριπτικῆς
808 4374 915 4446 taum!
954 4373 1058 4446 ὄργανον
1076 4374 1100 4427 δ’
1121 4375 1162 4428 Va
1267 4373 1333 4446 αὐτῇ
1351 4390 1378 4428 ει
1398 4373 1504 4445 αδτηλί

199 4467 316 4526 τοιαώτας
334 4465 373 4520 m’
390 4463 507 4536 τοιαίιτης
524 4464 608 4518 m¹V:
627 4462 777 4522 τοιαώταςυ
899 4463 916 4515 4
943 4460 1038 4534 δρψνιι
1162 4463 1195 4516 10
1220 4462 1267 4533 γὰρ
1285 4479 1363 4531 supra
1381 4461 1460 4515 tinv

203 4556 229 4607 ll
250 4553 294 4625 ηδι
311 4554 337 4608 V
446 4551 478 4604 12
496 4550 548 4605 ἐστ’
570 4568 593 4605 n.
623 4552 702 4605 etiam
721 4550 773 4604 ἔστι
791 4548 994 4619 δὲ-μτιοίιμενα
1013 4549 1128 4619 pendent
1146 4551 1179 4603 ab
1198 4548 1222 4603 εί
1238 4569 1265 4620 γε
1374 4549 1405 4602 17
1423 4549 1511 4619 γιννᾷν
1528 4565 1555 4602 n:

199 4644 312 4710 wivv
419 4640 454 4694 20
475 4640 540 4710 μήτε
557 4642 618 4692 ente
636 4639 825 4710 πεπηρωμένοις
842 4654 927 4691 ornn
1032 4637 1064 4690 21
1089 4636 1251 4706 δυνάμεωςε
1355 4635 1441 4707 ᾖδεν

201 4729 233 4782 '²4
259 4733 371 4800 φυτικῆς
393 4745 426 4782 ex
443 4729 526 4782 vict:
554 4730 661 4796 φυσικῆς
679 4727 728 4780 Vn.
764 4725 796 4778 cs.
815 4724 1009 4794 ρ.38,12μετο“ι
1032 4723 1058 4777 δὲ
1079 4725 1127 4795 τὴν
1144 4725 1257 4795 ζωτικὴν
1279 4725 1323 4777 καί
1341 4724 1450 4794 φυτικὴν
1471 4722 1557 4796 ψυχήν

201 4819 276 4870 verbe
293 4817 421 4869 confundi
446 4816 530 4868 solent
548 4814 600 4867 vid.
619 4814 676 4868 lnd.
800 4812 832 4864 nt
862 4811 984 4883 παρουσία
1002 4828 1017 4864 ε
1040 4812 1072 4864 ct.
1097 4813 1110 4866 ό
1131 4813 1172 4866 ne
1192 4816 1225 4883 τῇ
1243 4811 1347 4883 τοιαότη
1371 4812 1476 4881 ἁρμονία
1493 4811 1556 4881 γινό-

200 4922 271 4970 μενος
289 4904 372 4973 ψόφος
390 4919 415 4970 ρ,
426 4902 486 4966 ent

1309 4985 1354 5051 3³1⁶
