3548 5604
704 345 844 402 sslssilox
865 344 994 402 'lPl'l'ON
1019 350 1051 399 14
1496 349 1556 412 113

252 528 302 586 τοῦ
325 522 524 606 περικειμένου
545 520 706 605 ξηραίνεται
729 525 855 604 θερμοῦ,
878 525 921 604 τῷ
944 520 969 583 δ’
998 522 1092 596 ἐντός,
1119 520 1174 584 όσα
1197 522 1253 584 ὑπὸ
1276 516 1400 605 ψυχροῦ.
1446 520 1503 580 ὑπὸ

250 624 305 708 γὰρ
328 628 378 688 τοῦ
401 628 515 709 ψυχροῦ
538 621 762 705 ἀναλισκόμενον
785 624 817 686 τῦ
840 623 1004 707 ἐνυπάρχον
1028 623 1058 685 ἐν
1080 627 1140 691 τοῖς
1156 622 1368 707 ξηραινομένους
1391 622 1499 705 θερμὸν
1514 636 1542 678 ευ

253 728 301 790 καὶ
324 726 551 812 διαφορούμενον
579 724 775 807 συνεξατμίζει
802 728 849 789 καὶ
876 727 909 788 τὸ
933 727 1017 809 ὑγρὸν
1044 726 1077 788 τὸ
1104 727 1134 788 ἐν
1156 725 1269 801 αὐτοῖς,
1298 725 1331 789 οὑ
1354 725 1504 807 γινομένου

253 827 422 913 ξηραίνεται.

218 951 232 998 5
339 929 438 995 Εἰπὼν
462 932 494 995 δὲ
516 931 577 994 τίνα
604 929 628 993 τ’
657 929 717 993 ἐστὶ
740 929 776 992 τὰ
800 929 987 1012 ξηραινόμενα
1015 932 1063 992 καὶ
1091 931 1147 1018 ὑπὸ
1174 930 1258 992 τίνων
1281 931 1329 994 καὶ
1351 931 1398 993 ῦιά
1421 929 1505 999 τίνος,

253 1031 296 1095 ότι
323 1033 377 1115 γὰρ
404 1033 452 1096 διὰ
481 1037 531 1096 τοῦ
559 1034 670 1116 θερμοῦ
702 1031 721 1114 ή
748 1036 799 1094 τοῦ
829 1032 910 1100 ἐντὸς
936 1033 955 1114 ἦ
983 1037 1033 1094 τοῦ
1060 1031 1156 1107 ἐκτός,
1188 1033 1332 1116 μετῆλθεν
1364 1032 1412 1094 ἐπὶ
1440 1031 1471 1093 τὸ
1501 1028 1547 1113 l²⁵

253 1135 317 1218 περὶ
340 1139 398 1197 τῶν
421 1133 632 1215 ὑγραινομένων
654 1134 761 1216 λέγειν,
790 1134 809 1196 ἃ
831 1138 892 1202 τοῖς
915 1133 1127 1218 ξηραινομένοις
1154 1136 1278 1197 ἐναντίον
1306 1137 1415 1219 πάσχει
1438 1134 1490 1196 πά·
1512 1138 1558 1195 2111

254 1235 319 1307 θος,
347 1237 395 1299 καὶ
417 1237 514 1320 λαβὼν
537 1241 586 1299 τοῦ
611 1236 796 1320 ὑγραίνεσθαι
818 1236 958 1320 διαφορὰς
981 1236 1053 1299 εἶναι
1080 1236 1255 1320 (ὑγράίνετάι
1277 1237 1332 1320 γὰρ
1354 1236 1390 1298 τὰ
1413 1238 1506 1320 ὑγραι·

252 1336 357 1420 νόμενα
380 1338 415 1401 τὰ
438 1338 490 1419 μὲν
513 1339 586 1401 κατὰ
602 1339 748 1417 σύστασιν,
771 1338 794 1421 †
813 1339 998 1422 ὑγραίνεσθαι
1020 1339 1068 1400 τὸν
1092 1338 1175 1421 ἀέρα,
1199 1338 1342 1401 τουτέστιν
1366 1340 1407 1407 εἰς
1430 1339 1507 1420 ὑδωρ
1534 1353 1548 1396 ο

206 1460 237 1507 10
256 1441 459 1525 μεταβάλλειν,
488 1439 560 1524 θήν
583 1441 746 1524 παθητικὸν
770 1439 869 1525 ὑγρόν·
903 1439 1070 1524 ψυχόμενον
1096 1440 1204 1522 γὰρτὸ
1227 1445 1341 1521 πνεῦμα
1363 1442 1411 1503 καὶ
1434 1462 1506 1504 συνι·

254 1543 394 1627 ’στοὶμενόν
423 1566 455 1606 τε
477 1545 525 1605 καὶ
547 1541 748 1627 παχυνόμενον
775 1543 824 1606 καὶ
846 1544 994 1624 γινόμενον
1021 1543 1074 1625 τἠν
1101 1543 1143 1611 εἰς
1170 1544 1247 1623 ῦῦωρ
1275 1547 1398 1605 ποιεῖται
1423 1566 1507 1626 μετα·

254 1647 354 1731 βολήν,
377 1667 398 1706 ιι
420 1666 440 1705 ιι
463 1641 508 1727 κ),
532 1645 596 1728 περὶ
611 1645 721 1727 πήξεως
740 1646 787 1707 καὶ
803 1649 855 1728 τῆς
870 1643 1004 1726 τοιαύτης
1019 1645 1059 1712 εἰς
1075 1645 1153 1728 ῦῦωρ
1171 1645 1334 1730 μεταβολῆς
1348 1644 1427 1708 εἶπεν
1444 1646 1505 1728 ἅμα
1521 1662 1548 1702 ιο

253 1750 341 1830 δῆλον
369 1746 488 1811 ἔσεσθαι
515 1747 562 1808 καὶ
585 1748 650 1830 περὶ
679 1747 802 1827 πήξεως,
838 1746 901 1809 ἐπεὶ
928 1749 1010 1808 δοκεῖ
1030 1746 1065 1808 τὰ
1092 1747 1242 1828 πεπηγότα
1264 1747 1419 1830 τηκόμενα.
1466 1749 1509 1817 οἷς

254 1850 429 1934 προσέθηκε,
452 1849 513 1912 τίνα
529 1848 605 1911 ἐστὶν
622 1849 656 1911 τά
679 1848 855 1931 πηγνύμενα.
901 1848 993 1910 πάντα
1013 1847 1069 1930 γὰρ
1092 1848 1127 1910 τά
1149 1849 1351 1932 πηγνύμεναή
1376 1850 1466 1934 ὕδωρ
1489 1851 1508 1933 ή

205 1972 234 2020 15
254 1952 381 2021 ὕδατος
403 1950 466 2035 εἴδη
490 1949 558 2013 ὄντα
574 1953 714 2033 πήγνυται
735 1950 754 2033 ή
777 1954 839 2032 γῆς
862 1949 917 2011 καὶ
942 1949 1066 2018 ὑῦατος
1090 1950 1196 2032 μόνων,
1220 1952 1263 2019 οἷς
1278 1951 1460 2035 προσέθηκεν
1475 1951 1509 2013 τὸ

254 2056 310 2119 ὑπὸ
332 2055 416 2117 τίνων
433 2053 582 2136 πήγνυται.
622 2052 640 2134 ή
664 2052 718 2134 γάρ
735 2051 791 2113 ὑπὸ
809 2051 929 2133 θερμοῦ,
954 2051 971 2133 ἢ
989 2052 1045 2114 ὑπὸ
1061 2057 1185 2136 ψυχροῦ,
1209 2078 1228 2136 η
1245 2054 1301 2116 ὑπὸ
1318 2055 1416 2137 ὑγροῦ.
1455 2054 1508 2115 διὸ
1523 2069 1550 2111 ιο

254 2158 311 2220 καὶ
327 2158 382 2220 ὑπὸ
398 2162 456 2219 τιῦν
472 2155 607 2218 ἐναντίων
623 2153 750 2216 λύεται.
778 2153 816 2215 τά
833 2153 894 2235 μὲν
910 2153 972 2237 γάρ
990 2154 1053 2215 ὑπὸ
1070 2153 1174 2237 ξηροῦ
1192 2156 1325 2239 θερμοῦ
1341 2157 1508 2237 παγέντα,
1564 2166 1568 2171 “

254 2258 346 2322 ὑέστι
362 2262 429 2341 πῦρ,
453 2257 516 2319 ὑπὸ
540 2257 666 2324 ὑδατος
688 2255 823 2329 λύεται,
847 2254 972 2318 όέστιν
996 2255 1098 2339 ὑγρόν
1122 2280 1153 2319 τε
1172 2259 1219 2320 καὶ
1243 2257 1396 2343 ψυχρόν,
1420 2258 1455 2320 τά
1471 2259 1510 2320 δὲ

256 2362 320 2424 ὑπὸ
341 2365 476 2445 ψυχροῦ
500 2358 653 2440 παγέντα
675 2359 739 2421 ὑπὸ
755 2361 866 2440 θερμοῦ
882 2358 1014 2429 λύεται,
1038 2360 1147 2441 πυρὸς
1162 2363 1225 2444 γάρ.
1258 2361 1300 2429 οἷς
1316 2361 1509 2445 προσέθηκεν,
1523 2376 1551 2418 ευ

202 2485 236 2532 20
256 2462 299 2527 ότι
315 2463 369 2527 ὅσα
388 2463 440 2545 μὲν
460 2466 518 2524 τῶν
536 2460 724 2543 πηγνυμένων
741 2459 864 2528 ύῦατύς
888 2460 992 2532 ἐστιν,
1010 2460 1089 2523 ταῦτ’
1114 2462 1152 2524 οὑ
1174 2464 1345 2544 πήγνυται
1366 2464 1431 2526 ὑπὸ
1447 2488 1510 2526 πυ·

256 2569 327 2651 ρός,
350 2567 448 2628 λύεται
467 2564 532 2647 γὰρ
553 2563 618 2626 ὑπὸ
638 2562 773 2624 τούτου.
810 2563 857 2624 καὶ
877 2562 931 2646 γὰρ
951 2563 976 2625 el
998 2564 1139 2646 πήγνυται
1155 2569 1303 2647 ταῦτατῷ
1320 2567 1351 2628 τὸ
1369 2566 1398 2627 ἐν
1415 2566 1513 2634 αὐτοῖς

256 2670 365 2752 θερμὸν
381 2667 572 2752 χωρίζεσθαι,
595 2664 723 2746 εὑλόγως
746 2663 780 2728 ἀν
796 2664 893 2728 λύοιτο
915 2666 1058 2748 παρουσία
1081 2667 1200 2730 τούτων.
1234 2668 1309 2730 ἀλλὰ
1325 2673 1378 2751 τῆς
1400 2669 1510 2731 τούτων
1524 2684 1552 2726 κο

255 2771 369 2855 πήξεως
390 2771 423 2832 τὸ
439 2770 549 2854 ψυχρόν
572 2768 720 2852 πηκτικόν.
758 2768 803 2829 διὸ
827 2768 902 2850 μηδὲ
925 2768 1108 2852 παχύνεσθαι
1131 2769 1166 2831 τά
1189 2774 1307 2833 τοιαῦτα
1322 2776 1364 2853 τῷ
1383 2772 1435 2854 τήν
1459 2772 1511 2853 μὲν

256 2875 430 2958 πάχυνσιν
457 2871 622 2954 γενέσθαι
644 2874 704 2932 τοῦ
728 2870 788 2953 μὲν
813 2870 917 2954 ὑγροῦ
940 2869 1117 2945 ἀπιόντος,
1147 2873 1401 2955 συνισταμένου
1427 2873 1430 2957 l
1455 2875 1491 2939 δὲ
1513 2882 1565 2938 2211

203 2997 236 3045 25
255 2981 315 3040 τοῦ
337 2975 459 3059 ξηροῦ,
489 2974 536 3036 καὶ
559 2974 592 3035 τὸ
617 2973 695 3057 ύῦωρ
721 2974 761 3056 μή
784 2972 926 3035 δύνασθαι
951 2972 1116 3055 μόνοντῶν
1139 2975 1233 3058 ὑγρῶν
1257 2976 1442 3060 παχύνεσθαι
1465 2977 1513 3040 ὃιά

256 3081 289 3142 τῦ
312 3079 402 3161 μηδὲν
426 3075 504 3161 ἔχειν
527 3076 558 3138 ἐν
581 3075 662 3157 αὑτῷ
680 3073 845 3158 ξηρότητος,
868 3076 901 3137 τὸ
925 3077 966 3159 μή
983 3075 1155 3159 μεμιγμένον
1172 3077 1202 3146 ἐξ
1225 3076 1328 3146 ὑδατός
1344 3102 1375 3141 τε
1397 3081 1444 3142 καὶ
1459 3085 1513 3162 γῆς

258 3180 307 3243 ὑπ’
328 3178 501 3264 ἀμφοτέρων
525 3178 691 3261 πήγνυσθαι
706 3178 754 3240 καὶ
771 3179 826 3240 ὑπὸ
845 3178 955 3261 θερμοῦ
972 3180 1020 3241 καὶ
1036 3179 1092 3241 ὑπὸ
1110 3184 1235 3264 ψυχροῦ.
1274 3182 1336 3243 ἐπεὶ
1352 3182 1384 3243 δὲ
1400 3182 1447 3244 ῦιά
1462 3186 1513 3244 τοῦ
1540 3198 1554 3240 ο

257 3283 440 3367 παχύνεσθαι
455 3282 474 3364 ή
490 3282 599 3344 τούτων
616 3278 708 3362 πήξις,
731 3279 809 3342 εἶπεν
825 3278 899 3342 αὑτὰ
915 3280 1099 3365 παχύνεσθαι
1115 3283 1167 3365 μὲν
1184 3281 1232 3344 ὑπ’
1254 3282 1437 3366 ἀμφοτέρων,
1460 3287 1512 3346 τοῦ

258 3409 290 3448 τε
313 3386 424 3469 θερμοῦ
446 3385 495 3446 καὶ
517 3386 568 3445 τοῦ
591 3385 720 3465 ψυχροῦ,
749 3381 787 3444 ού
811 3383 949 3465 μήντὸν
976 3381 1082 3445 αὑτὸν
1105 3384 1246 3467 τρόπον,
1275 3385 1334 3447 ἀλλ’
1363 3387 1428 3447 ὑπὸ
1452 3386 1513 3468 μὲν

205 3493 306 3576 sorori
329 3489 462 3570 θερμοῦ
487 3488 518 3548 τὸ
542 3485 626 3568 ὑγρὸν
649 3484 861 3566 ἐξατμίζοντος,
889 3485 954 3547 ὑπὸ
983 3486 1018 3547 δὲ
1045 3489 1105 3547 τοῦ
1133 3490 1272 3570 ψυχροῦ
1299 3487 1331 3549 τὸ
1356 3487 1386 3549 ἐν
1414 3487 1554 3556 αῦτοῖςιο

259 3590 389 3673 θερμόν
413 3589 655 3672 ἐκθλίβοντος,
680 3585 747 3666 μεθ’
769 3584 803 3649 οὑ
826 3586 1079 3669 συνεξατμίξεσθαι
1102 3588 1134 3648 τὸ
1158 3587 1187 3649 ἐν
1210 3588 1308 3657 αὑτοῖς
1325 3588 1419 3672 ὑγρόν.
1458 3588 1505 3673 ἐφ’

258 3692 301 3760 οἷς
316 3691 507 3776 προσέθηκεν,
530 3690 593 3751 τίνα
610 3690 661 3771 μὲν
677 3694 736 3751 τιὺν
754 3694 862 3772 μικτιὺν
879 3689 1049 3774 παχύνεται,
1066 3691 1129 3751 τίνα
1144 3691 1176 3752 δὲ
1192 3690 1225 3753 ού
1242 3693 1412 3776 παχύνεται,
1437 3693 1511 3754 ἀλλά

258 3796 405 3878 πήγνυται.
442 3793 532 3855 εἰπὼν
548 3791 590 3866 δέ,
611 3791 673 3854 τίνα
688 3814 720 3853 τε
735 3793 886 3873 πήγνυται,
908 3794 955 3855 καὶ
972 3797 1045 3867 πῶς,
1061 3795 1109 3855 καὶ
1126 3793 1182 3855 ὑπὸ
1197 3794 1291 3868 τίνων,
1313 3794 1418 3877 ἐφεξής
1433 3794 1512 3857 εἶπεν

259 3898 324 3980 περὶ
346 3901 404 3958 τῶν
432 3894 582 3977 λυομένων
606 3917 636 3956 τε
665 3894 712 3956 καὶ
743 3893 922 3976 τηκομένων.
966 3894 1002 3956 τὰ
1031 3896 1081 3976 μὲν
1106 3895 1162 3957 ὑπὸ
1184 3900 1297 3980 ψυχροῦ
1321 3902 1378 3958 τῶν
1403 3902 1512 3978 μικτιῦν
1528 3913 1553 3955 ιο

207 4019 239 4068 35
258 3998 393 4081 παγέντα,
416 3998 446 4060 ἐν
463 3997 506 4065 οἷς
521 3997 651 4079 ἐστιγής
666 3994 764 4071 πλέον,
788 3995 851 4058 ὅσα
874 3997 936 4078 μὲν
959 4001 1006 4079 τιῦ
1023 3998 1154 4080 θερμὸν
1177 3997 1431 4080 ἐξεληλυθέναι
1453 4000 1515 4082 πή·

258 4125 393 4186 γνυται,
414 4103 522 4162 ταῦτα
537 4099 638 4161 λύεταί
650 4121 681 4160 τε
696 4098 744 4161 καλ
759 4097 904 4179 τήκεται
921 4100 1053 4182 θερμῷ,
1069 4099 1250 4169 εἰσιόντος
1265 4103 1368 4163 πάλιν
1385 4101 1425 4168 εἰς
1440 4099 1514 4164 αύτά

208 4377 219 4430 1
244 4377 282 4445 τῷ
304 4373 334 4428 S²
356 4377 413 4440 Sp.:
446 4371 476 4424 τὸ
499 4371 559 4424 libri
722 4370 737 4421 6
761 4369 900 4440 μετῆλθεν]
936 4370 1323 4436 113,5-114,13=Arist.
1351 4374 1453 4425 Meteor.
1477 4375 1520 4437 IV,
1543 4378 1567 4427 6.

206 4474 468 4532 382118-383111
576 4474 590 4525 7
616 4473 694 4543 λέγειν
716 4477 756 4526 Ba
779 4477 836 4541 Sp.:
864 4473 930 4544 λέγει
952 4478 1005 4527 FS:
1034 4463 1099 4543 λεγει
1121 4477 1158 4526 sic
1183 4480 1206 4525 V
1314 4478 1328 4527 θ
1357 4476 1392 4533 ὡς
1411 4476 1568 4548 ὑγραίνεσθαι

205 4566 272 4619 111ο1.
291 4568 336 4632 Sp.
458 4563 485 4614 ll
516 4562 610 4630 (νέφος)
628 4561 758 4630 γινόμενον
778 4562 849 4614 1)1ε1ι1
977 4563 1016 4613 11.
1040 4564 1069 4613 12
1098 4564 1206 4614 fortasse
1225 4561 1376 4632 μεταβολήν,
1396 4566 1438 4626 (τά
1457 4563 1482 4614 ἀὲ
1502 4567 1567 4616 κατὰ

205 4652 235 4705 τὸ
252 4650 375 4722 τήκεσθαι
393 4649 422 4702 τὸ
441 4648 563 4718 πεπηγός)
672 4648 703 4700 12
722 4649 820 4718 πήξεως
842 4650 949 4717 scripsi:
978 4649 1078 4718 πήξεως
1098 4651 1155 4702 libri
1267 4652 1297 4701 13
1321 4651 1364 4701 καὶ
1382 4653 1437 4719 περὶ
1456 4650 1567 4720 πήξεως]

206 4739 238 4792 ci.
258 4737 447 4792 1.c.382r230:
466 4736 521 4806 περὶ
545 4734 641 4804 πήξεως
659 4740 703 4803 Sp.
812 4736 842 4788 21
864 4737 961 4804 τ18μ.ι
981 4736 996 4805 ή
1018 4738 1076 4790 libri
1187 4738 1220 4789 22
1239 4737 1328 4789 τούτου
1349 4740 1417 4789 coni.
1437 4742 1480 4802 sp.

206 4825 239 4878 ‘26
258 4825 399 4895 αὑτῷὸρ.ι
419 4823 503 4880 αὺτοῖς
521 4823 580 4875 libri
671 4822 1032 4892 μή]ῦ18ρ.1οτ1οεεοτεο1ο
1121 4824 1154 4877 33
1173 4825 1326 4893 πήγνεται11
1416 4826 1567 4890 31μικτών

206 4915 263 4981 Βρι
283 4918 381 4983 μικρῶν
398 4911 459 4963 111)τί

259 5019 333 5069 suppl.
346 5018 413 5058 Arist.
426 5013 475 5057 112
502 5016 564 5057 Alex.
579 5016 659 5066 scripu
673 5017 762 5056 minori.
1345 4996 1365 5060 8
