3540 5610
672 312 751 370 ΙΙΕΡΙ
772 311 1008 369 ΕΙλίλΡλΙΕΝΗΣ
1026 315 1095 367 8-9
1150 338 1153 349 ·
1504 320 1563 384 175

254 486 356 572 ἔτυχεν
381 488 513 571 γίνεσθαί
533 511 595 551 τινα
618 488 674 551 ύιτδ
698 494 754 550 τῶν
778 491 871 551 πάντα
898 489 928 558 ἐξ
956 491 1083 572 ἀνάγκης
1109 490 1238 570 γίνεσθαι
1266 488 1408 572 λεγόντων
1431 492 1508 554 ἀναι-

256 595 357 674 ρεῖται,
379 589 502 653 αὐτόθεν
518 588 674 674 πρόδηλον,
696 589 727 653 εί
737 613 769 672 γε
785 595 874 653 ταῦτα
892 592 943 673 μὲν
959 591 1064 674 κυρίως
1087 591 1286 675 ἐνδεχομένως
1308 594 1439 674 γίνεσθαι
1462 592 1508 654 λε’-

254 715 347 772 γεται,
381 690 428 775 ἐφ’
456 693 497 755 ὧν
520 693 568 755 καὶ
589 693 622 754 τδ
646 692 818 776 ἐνδέχεσθαι
846 693 886 776 μὴ
908 693 1044 774 γενέσθαι
1066 696 1165 777 χώραν
1189 691 1267 779 ἔχει,
1297 699 1337 763 ὡς
1364 696 1411 758 καὶ
1437 694 1508 757 αὐτὸ
1527 703 1562 757 28

255 794 287 855 τδ
310 791 426 877 ὁπότερ’
453 791 557 878 ἔτυχεν
579 792 734 874 λεγόμενον
756 799 836 856 ποιεῖ
864 797 1017 878 γνώριμον,
1052 798 1087 859 τὰ
1110 795 1135 859 δ’
1164 796 1193 865 ἐξ
1222 798 1349 881 ἀνάγκης
1375 797 1510 880 γινόμενα

222 916 237 964 5
258 894 311 959 οῦκ
332 897 482 981 ἐνδέχεται
505 897 546 979 μὴ
570 895 714 978 γενέσθαι.
759 895 835 978 λέγω
858 899 891 959 δέ
913 899 946 960 τδ
969 900 1122 981 ἀναγκαῖον
1145 899 1198 961 οὐκ
1225 899 1272 961 ἐπὶ
1294 903 1345 961 τοῦ
1368 899 1415 983 βίᾳ
1437 922 1510 980 γινο-

256 999 343 1080 μένου
367 999 442 1082 μηδὲ
464 998 537 1062 κατὰ
559 999 661 1061 τούτου
684 1021 725 1066 τις
746 998 896 1061 εύθυνέτω
920 998 1056 1082 τοῦνομα,
1079 1001 1139 1064 ἀλλ’
1167 1003 1215 1064 ἐπὶ
1242 1006 1299 1063 τῶν
1327 1001 1412 1084 φύσει
1434 1024 1507 1083 γινο-
1536 1018 1550 1060 e

255 1101 350 1183 με’νων
365 1099 422 1162 ύπό
438 1123 531 1172 τινων,
555 1100 596 1162 ὧν
613 1100 649 1163 τά
665 1101 846 1182 ἀντικείμενα
862 1101 1000 1165 ἀδύνατον
1017 1102 1078 1187 (Eu)
1094 1103 1140 1188 είη
1156 1104 1294 1186 γίνεσθαι.
1339 1104 1430 1167 καίτοι
1446 1109 1509 1172 πῶς

256 1202 309 1265 οὐκ
331 1202 425 1265 ἀτοπα
447 1204 495 1265 καὶ
518 1202 597 1286 παρὰ
619 1202 654 1264 τὰ
678 1203 782 1285 ἐναργῆ
805 1205 853 1266 καὶ
878 1203 965 1288 μέχρι
988 1206 1097 1267 τούτων
1126 1207 1178 1289 τῆν
1201 1207 1329 1290 ἀνάγκην
1352 1208 1509 1289 προεληλυ-

258 1305 338 1367 θέναι
352 1303 463 1387 λέγειν,
487 1307 528 1372 ὡς
551 1307 625 1388 μήτε
647 1305 805 1388 κινηθῆναί
824 1329 885 1368 τινα
907 1307 1048 1370 δύνασθαι
1070 1308 1179 1391 κίνησίν
1202 1332 1263 1372 τινα
1295 1309 1368 1391 μήτε
1396 1308 1514 1390 κινῆσαί

205 1428 237 1474 ιο
256 1429 282 1468 τι
302 1412 360 1469 τῶν
383 1407 471 1469 αὑτοῦ
495 1413 603 1491 μερῶν,
627 1407 662 1490 ῆν
685 1408 795 1491 κίνησιν
818 1409 866 1470 καὶ
889 1410 930 1492 μῆ
954 1409 1095 1472 κινεῖσθαι
1117 1409 1182 1472 τότε
1209 1407 1270 1471 οἶόν
1303 1432 1334 1471 τε
1360 1409 1405 1494 ῆν,
1435 1410 1509 1472 ἀλλά
1526 1428 1551 1469 ιιι

259 1511 309 1593 τῆν
332 1513 478 1594 τυχοῦσαν
501 1513 552 1572 τοῦ
575 1509 724 1594 τραχήλου
752 1510 946 1594 περιστροφὴν
974 1513 1021 1574 καὶ
1049 1512 1100 1593 τῆν
1128 1513 1269 1575 δακτύλου
1296 1514 1371 1581 τινδς
1397 1510 1510 1575 ἔκτασιν

258 1615 305 1676 καὶ
328 1612 361 1675 τδ
384 1611 489 1692 ἐπᾶραι
511 1613 547 1674 τὰ
569 1612 699 1696 βλέφαρα
722 1612 741 1696 ῆ
764 1636 789 1675 τι
812 1617 870 1675 τῶν
894 1614 1029 1676 τοιούτων
1053 1615 1282 1698 προηγουμέναις
1308 1617 1379 1678 τισὶν
1408 1615 1512 1682 αἰτίαις

255 1715 396 1797 ἑπόμενον
425 1713 521 1782 άλλως
549 1712 598 1797 ὑφ’
626 1716 711 1798 ῆμῶν
735 1715 775 1797 μῆ
804 1716 945 1779 δύνασθαι
968 1716 1098 1799 γίνεσθαί
1118 1739 1199 1792 ποτε,
1233 1718 1392 1780 καὶταῦτα
1419 1718 1510 1800 δρῶν-

256 1841 305 1886 τας
327 1817 357 1878 ἐν
381 1821 441 1884 τοῖς
462 1812 541 1878 σῦσίν
564 1838 595 1878 τε
622 1818 670 1879 καὶ
691 1817 850 1898 γινομένοις
875 1819 985 1901 πολλὴν
1014 1817 1102 1882 οὖσαν
1129 1819 1268 1902 διαιροράν
1295 1824 1353 1880 τῶν
1381 1821 1512 1902 πραγμά·
1527 1835 1552 1878 ιιι

207 1940 237 1988 15
259 1943 326 1994 των,
350 1919 381 1988 ἐξ
403 1919 439 2002 ῆς
461 1913 558 2002 ῥηίδιον
581 1917 616 2002 ῆν
641 1920 744 2000 μαθεῖν
768 1919 812 1982 ὅτι
835 1920 875 2002 μῆ
899 1923 992 1984 πάντα
1015 1921 1158 1985 ἐνδέδεται
1181 1926 1243 1990 ταῖς
1265 1921 1408 1990 τοιαύταις
1442 1922 1510 1984 αἰτί·

255 2047 313 2103 αις,
337 2024 452 2106 δρῶμεν
467 2024 536 2103 γοῦν
559 2027 617 2083 τῶν
640 2019 731 2084 ὄντων
754 2021 790 2083 τά
813 2022 864 2104 μέν
887 2045 949 2085 τινα
972 2023 1108 2105 οὐδεμίαν
1132 2021 1240 2108 ἔχοντα
1263 2023 1381 2104 δύναμιν
1402 2027 1454 2105 τῆς
1469 2023 1510 2090 εἰς

257 2125 290 2187 τδ
314 2122 507 2206 ἀντικείμενον
531 2127 582 2186 τοῦ
604 2123 635 2185 ἐν
658 2120 683 2207 ᾧ
708 2124 768 2186 ἐστι
803 2126 975 2208 μεταβολῆς,
1009 2127 1044 2189 τά
1067 2126 1094 2188 δ’
1123 2126 1206 2189 οὐδὲν
1230 2129 1339 2206 μᾶλλον
1362 2124 1458 2188 αὐτῶν
1481 2126 1511 2188 ἐν
1525 2142 1553 2184 su

255 2231 298 2311 τῷ
320 2225 510 2309 ἀντικειμένῳ
533 2225 552 2308 ῆ
576 2226 606 2288 ἐν
630 2222 655 2306 ᾦ
679 2226 755 2290 ἐστιν
782 2225 855 2289 εἶναι
878 2229 1031 2311 δυνάμενα.
1077 2232 1133 2312 πῦρ
1161 2229 1213 2310 μὲν
1236 2228 1290 2312 γάρ
1314 2226 1372 2311 ούχ
1398 2227 1511 2289 οἷόντε

255 2329 392 2398 δέξασθαι
419 2326 603 2413 ψυχρότητα,
638 2329 701 2412 ῆτις
727 2329 804 2391 ἐστὶν
838 2329 950 2392 ἐναντία
984 2330 1072 2394 αὐτοῦ
1101 2335 1137 2414 τῆ
1167 2331 1308 2414 συμφύτῳ
1345 2328 1511 2413 θερμότητι,

201 2452 238 2498 20
255 2430 316 2493 ἀλλ’
343 2430 412 2493 οὐδὲ
434 2432 509 2515 χιὼν
531 2428 635 2500 δέξαιτ’
665 2428 698 2492 ἀν
715 2430 883 2513 θερμότητα
898 2434 972 2516 χιὼν
989 2432 1125 2514 μένουσα,
1148 2434 1226 2515 ύῦωρ
1247 2434 1279 2494 δέ
1295 2430 1348 2495 κάν
1364 2429 1384 2514 ῆ
1400 2433 1511 2516 ψυχρὸν

255 2534 309 2597 οῦκ
337 2533 476 2596 ἀδύνατον
510 2532 658 2616 ἀποβαλδν
686 2534 793 2616 ταύτην
820 2533 958 2604 δέξασθαι
984 2536 1036 2617 τῆν
1064 2534 1192 2596 ἐναντίαν
1225 2533 1301 2616 αὐτῆ
1331 2535 1510 2618 θερμότητα·
1526 2549 1553 2591 υτ

257 2637 367 2718 δμοίως
389 2636 421 2698 δέ
443 2636 491 2697 καὶ
514 2635 608 2718 τυύτιρ
632 2637 751 2698 δυνατδν
775 2638 821 2698 καί
845 2637 894 2698 τὸν
917 2635 1113 2718 καθεζόμενον
1141 2641 1244 2719 στῆναι
1271 2638 1318 2699 καλ
1347 2637 1395 2698 τόν
1422 2636 1512 2699 κινού-

259 2761 344 2818 μενον
371 2738 519 2821 ἠρεμῆσαι
547 2738 593 2798 καί
620 2737 669 2799 τδν
697 2741 839 2800 λαλοῦντα
867 2744 984 2822 σιγῆσαι
1012 2740 1059 2801 καὶ
1090 2738 1138 2800 ἐπὶ
1166 2740 1275 2820 μυρίων
1303 2739 1381 2822 εὖροι
1412 2762 1453 2807 τις
1480 2736 1514 2801 ἀν

259 2840 377 2924 δύναμίν
399 2863 460 2902 τινα
483 2839 706 2924 ἐνυπάρχουσαν
729 2846 787 2902 τῶν
811 2842 947 2904 ἐναντίων
975 2843 1118 2925 δεκτικῆν,
1147 2843 1198 2916 ὧν,
1227 2843 1253 2903 εί
1274 2841 1310 2903 τά
1333 2841 1363 2910 ἐξ
1385 2841 1513 2925 ἀνάγκης

206 2963 240 3012 25
260 2941 328 3005 ὄντα
350 2942 381 3004 ἐν
404 2942 520 3026 θατέρῳ
543 2941 596 3005 οὐκ
619 2940 684 3027 ἔχει
706 2943 824 3026 δύναμιν
852 2947 902 3006 τοῦ
931 2943 1068 3011 δέξασθαι
1096 2947 1146 3006 τοῦ
1174 2943 1204 3005 ἐν
1233 2938 1258 3029 qi
1291 2944 1352 3006 ἐστι
1380 2944 1411 3006 τδ
1435 2944 1553 3007 evae-u

255 3046 324 3121 τίον,
358 3044 411 3108 σῦκ
444 3044 474 3114 ἐξ
507 3045 635 3128 ἀνάγκης
668 3043 702 3107 ἂν
729 3045 776 3129 εἴη
809 3045 839 3107 ἐν
877 3047 920 3114 υίς
947 3046 1008 3108 ἐστι
1034 3046 1071 3108 τά
1097 3048 1145 3109 καὶ
1173 3051 1223 3109 τοῦ
1250 3046 1378 3109 ἐναντίου
1413 3046 1511 3114 αὐτοῖς

257 3148 382 3212 δεκτικά.
427 3146 453 3209 εί
475 3147 509 3208 δέ
532 3146 572 3229 μὴ
596 3145 626 3214 ἐξ
648 3147 784 3231 ἀνάγκης,
810 3148 1020 3232 ἐνδεχομένως.
1065 3148 1100 3211 τά
1123 3149 1155 3211 δέ
1178 3148 1378 3232 ἐνδεχομένως
1406 3146 1437 3210 ἔν
1459 3171 1512 3210 τινι

254 3251 347 3319 οῦτως
370 3249 446 3312 ἐστίν
469 3247 500 3310 ἐν
523 3247 605 3332 αὐτῷ
628 3251 669 3318 ὡς
690 3247 744 3311 οὐκ
767 3248 798 3318 ἐξ
829 3251 956 3333 ἀνάγκης
983 3248 1043 3312 ἀλλ’
1076 3254 1116 3318 ὡς
1143 3249 1343 3334 ἐνδεχομένως
1370 3249 1399 3311 ἐν
1431 3249 1511 3334 αὐτῷ

504 3431 603 3440 ——n

202 3547 219 3601 3
242 3543 280 3618 ἐφ’
305 3545 507 3617 διν-δεκτικὴν
525 3546 595 3613 (24)]
622 3545 655 3597 ei.
676 3544 984 3610 11ι15.1.σ.λίί,9.2”11ε
1006 3547 1102 3617 λέγεται
1127 3547 1153 3600 δέ
1172 3547 1342 3620 ἐνδεχσμίνως
1360 3545 1469 3616 γίνεσθαι
1486 3552 1566 3600 ταῦτα

201 3631 239 3704 ἐφ’
259 3634 297 3688 ὧν
316 3633 371 3687 κτλ.
478 3630 622 3705 ἐνδέχεσθαι
641 3647 691 3684 om.
711 3632 840 3685 Eusebius
935 3633 1045 3703 γίνεσθαι
1065 3635 1169 3688 Eusebii
1191 3651 1215 3702 p.
1235 3635 1251 3685 1.
1358 3635 1424 3688 itui
1442 3630 1565 3686 δ’-τινα

202 3723 266 3793 μήτε
285 3720 337 3789 (9)]
356 3720 409 3773 υίσν
426 3719 455 3772 τδ
477 3719 606 3772 Eusebius
731 3719 882 3788 ἐγινόμενα
901 3736 951 3773 em.
971 3723 996 3772 ιι1
1129 3721 1316 3790 ὂγίνεσθαιθ
1435 3721 1466 3790 δὴ
1485 3720 1513 3772 ε’

202 3807 302 3878 θεῶν]
324 3812 368 3860 τοῦ
388 3807 415 3859 8²
521 3806 545 3858 6.
566 3806 581 3857 7
599 3806 730 3874 γινομίνου
749 3807 777 3858 εί
884 3807 966 3860 Tubu
985 3807 1107 3860 ἀδύνατον
1126 3809 1160 3860 Βπ
1267 3808 1320 3872 (ἐν)
1338 3808 1376 3878 εἴη
1396 3809 1504 3877 scripsi:
1524 3809 1564 3878 είη

202 3930 328 3983 Lond.0:
348 3903 386 4000 τόγ’
408 3915 444 3999 μη
463 3928 512 3993 (sic
531 3928 548 3980 i.
560 3944 582 3980 e.
595 3928 644 3997 ητι)
664 3932 694 3979 V:
715 3928 753 3997 είη
773 3928 809 3997 μῆ
828 3929 880 3978 a¹'·':
899 3929 935 3997 μῆ
949 3931 1016 3981 ESH
1037 3947 1074 3998 γρ.
1182 3928 1291 3997 γίνεσθαι
1311 3934 1342 3982 V:
1361 3928 1473 3998 γενέσθαι
1492 3930 1531 3981 ³¹²

202 4017 348 4071 8i0riasse
365 4017 459 4070 ἀτσπαν
578 4015 732 4085 ἀνάγκηςΟ
855 4015 886 4067 10
913 4016 991 4068 αὑτοῦ
1015 4020 1045 4067 V:
1075 4015 1152 4068 αὺτοῦ
1171 4018 1221 4068 12¹²:
1250 4017 1321 4086 αύτῷ
1340 4018 1423 4071 Lond.

200 4105 257 4157 τότε
277 4106 344 4156 Va¹z
363 4104 424 4157 πστί
442 4103 482 4156 αέ
502 4103 562 4155 πότε
582 4101 663 4154 Lond.
771 4101 924 4171 ῆν-ἀλλά]
945 4103 988 4154 καὶ
1008 4103 1137 4156 Eusebius
1247 4105 1275 4156 ll
1297 4106 1344 4173 τῆν
1364 4105 1431 4170 (eit.)
1451 4105 1486 4157 Bi
1506 4103 1564 4157 Cas.

203 4191 286 4244 Lond.
311 4195 347 4245 02
378 4191 408 4245 τύ
428 4189 504 4243 Va¹²z
531 4190 578 4257 τὴν
602 4193 645 4240 τοῦ
671 4189 800 4242 Eusebius
924 4208 992 4248 τινος
1015 4206 1065 4242 om.
1090 4190 1218 4242 Eusebius
1327 4190 1358 4242 12
1376 4192 1392 4260 ῆ
1412 4192 1564 4260 τι-τυύτῳ

202 4277 308 4331 δυνατδν
331 4277 386 4344 (22)
409 4292 460 4329 om.
484 4276 612 4329 Eusebius
740 4277 769 4329 13
799 4276 883 4334 ἄλλως
907 4277 1048 4330 Schwartz:
1077 4273 1136 4328 ἀλλ’
1157 4277 1192 4334 ὡς
1212 4278 1269 4329 libri
1389 4280 1418 4330 lb
1441 4279 1565 4332 ἐνδέδεται

203 4364 242 4418 ε’τ
262 4365 387 4438 ἐνδίχτται
404 4364 431 4416 ιι1
534 4361 562 4414 16
582 4366 641 4431 γοῦν
660 4359 698 4415 ὅτι
717 4364 756 4415 a¹:
779 4368 838 4432 γοῦν
857 4366 889 4416 τά
907 4364 989 4416 Lond.
1100 4363 1130 4415 18
1148 4364 1164 4431 ῆ
1186 4364 1272 4415 V²e¹²:
1292 4370 1329 4434 τῷ
1350 4366 1397 4415 V¹:
1417 4384 1440 4418 τι
1460 4368 1501 4419 ES

205 4452 236 4505 19
263 4450 342 4504 αὐτοῦ
364 4466 415 4503 om.
438 4454 462 4504 Ο
577 4454 623 4520 τῆς
645 4449 776 4520 συμφύτσυ
800 4451 955 4522 θερμότητος
979 4453 1005 4503 εδ
1113 4451 1147 4504 20
1171 4448 1246 4512 δέξετ’
1269 4454 1302 4504 Vl
1322 4457 1395 4516 (eurr.
1414 4452 1459 4515 Vb

203 4539 233 4592 21
255 4537 398 4608 ἀποβάλλον
415 4537 475 4591 a²0=
495 4537 639 4608 ἀποβαλλδν
657 4540 683 4590 s¹
828 4541 861 4592 bu
881 4557 917 4608 pr.
937 4541 980 4592 καί
998 4540 1047 4591 del.
1066 4539 1101 4591 13²
1224 4539 1318 4610 τούτῳ]
1338 4544 1375 4611 τῳ
1394 4539 1466 4609 abeo}
1484 4541 1564 4594 Lond.

203 4629 238 4681 O:
266 4626 377 4679 fortasse
394 4630 488 4679 τοῦτο
630 4629 718 4696 στῆσαι
738 4627 867 4681 Eusebius
886 4628 918 4692 (1)
1061 4627 1093 4678 24
1123 4627 1159 4678 ὧν
1183 4628 1203 4678 εί
1223 4629 1265 4693 τὰ]
1289 4630 1309 4680 εί
1328 4628 1372 4680 οῦν
1392 4628 1426 4680 13²

203 4712 329 4783 δεκτικῆν,
354 4712 370 4765 ἀ
393 4711 441 4766 οῦκ
464 4713 493 4765 ἀν
516 4713 611 4782 γίνοιτο
633 4710 659 4772 ἐξ
679 4713 834 4785 εἱμαρμένης.
872 4717 904 4766 τά
928 4716 974 4784 γάρ
998 4714 1023 4774 ἐξ
1046 4714 1124 4784 αὐτῆς
1143 4714 1172 4766 σύ
1191 4715 1290 4787 δέχεται
1312 4721 1357 4768 τοῦ
1377 4717 1403 4767 ἐν
1427 4713 1448 4785 ᾦ
1468 4715 1518 4767 ἐστι
1537 4715 1564 4767 τὸ

202 4801 315 4853 ἐναντίον
334 4801 464 4854 Eusebius
579 4800 612 4852 θ’(
630 4803 663 4853 τά
683 4803 746 4853 θείς
774 4801 803 4853 τδ
822 4803 849 4853 ιιί
967 4802 1212 4872 τοὶ-ἐνδεχομένως
1232 4818 1280 4855 eui.
1302 4808 1343 4855 ES
1456 4803 1564 4855 fortusse

202 4885 285 4952 (ὄντα)
304 4887 330 4939 ἐν
348 4904 397 4941 τινι
