3540 5610
200 316 240 381 16
675 312 877 368 ALEXANDRI
902 311 945 365 nh
969 310 1077 367 unlus

253 489 344 552 τοίνυν
366 489 484 573 ἡψυχὴ
508 485 558 572 [ἣν
578 488 627 552 καὶ
640 485 808 570 τελειότητα
829 487 877 549 καὶ
893 485 1072 570 ἐντελέχειαν
1092 483 1161 554 ἕδος
1180 481 1374 567 Ἀριστοτέλει
1393 482 1502 569 λέγειν]
1515 502 1543 544 ετ

252 590 330 661 εἶδός
352 615 383 654 τε
398 589 490 666 ἐστιν,
508 593 549 658 ώς
571 589 722 665 δέδεικται,
745 591 793 653 καὶ
817 587 893 656 εἶδος
915 585 1015 651 ἔνυλυν
1037 587 1188 671 (σώματος
1209 589 1275 671 γάρ,
1297 588 1345 651 καὶ
1367 591 1503 672 σώματος

253 698 390 777 φυσικοῦ·
414 693 448 757 οῦ
470 694 525 777 γάρ
547 697 691 777 τεχνικοῦ,
715 696 756 761 ώς
777 693 809 755 τδ
832 695 883 754 τοῦ
908 691 1085 774 ἀνδριάντος·
1113 691 1161 754 καὶ
1183 695 1305 775 φυσικοῦ
1328 689 1385 775 οὐχ
1407 693 1502 755 ἁπλοῦ

253 799 294 865 ώς
316 798 349 859 τδ
371 801 422 860 τοῦ
446 795 544 880 πυράς,
568 795 642 859 ἀλλὰ
665 795 807 858 συνδέτου
830 818 862 858 τε
884 795 931 857 καὶ
953 793 1129 877 ὀργανικοῦ),
1152 793 1184 855 τδ
1208 794 1240 857 δέ
1261 791 1347 863 εἶδος,
1368 792 1402 856 οῦ
1426 795 1501 858 ἐστιν

225 897 345 967 σεῖδος,
373 899 495 983 ἐδείχθη
518 899 567 961 καὶ
591 897 737 982 τελεώτης
760 896 806 973 ὄν,
834 894 902 966 ἔθος
925 896 957 959 δὲ
976 893 1170 980 Ἀριστοτέλει
1193 895 1244 978 τἠν
1266 895 1432 980 τελειότητα
1453 899 1501 960 καὶ

254 1001 435 1086 ἐντελέχειαν
458 1000 565 1083 λέγειν,
593 1004 634 1070 ώς
655 1004 706 1064 τοῦ
734 1001 829 1085 ἐντῷ
853 999 927 1062 τέλει
954 998 1026 1062 εἶναι
1048 999 1081 1060 τό
1111 1001 1229 1082 πρᾶγμα
1257 996 1291 1060 οῦ
1314 997 1389 1061 ἐστιν
1412 996 1501 1061 οῦσαν

254 1104 361 1180 αἰτίαν,
388 1102 508 1173 είκάτως
530 1103 621 1187 αὐτῆς
643 1102 778 1166 ἀπέδωκε
800 1107 927 1166 τοιοῦτον
951 1101 998 1163 τδν
1021 1099 1118 1183 λόγον·
1155 1099 1320 1184 ἐντελέχεια
1347 1126 1365 1183 η
1389 1103 1501 1184 πρώτη.

253 1207 333 1290 διττῖη
356 1207 409 1291 γὰρ
433 1204 468 1289 ἧν
491 1207 511 1289 ἡ
533 1207 688 1287 τελειότης,
710 1207 729 1289 η
752 1206 803 1287 μὲν
827 1205 882 1275 ἕξις
905 1229 936 1267 τε
958 1205 1006 1267 καὶ
1021 1202 1150 1285 δύναμις,
1172 1227 1191 1284 η
1209 1203 1241 1265 δὲ
1263 1203 1320 1265 clud
1343 1208 1396 1286 τῆς
1418 1204 1501 1266 δυνά·
1515 1219 1543 1262 σο

257 1333 335 1392 μεως
358 1308 500 1394 ἐνέργεια,
528 1310 569 1372 ών
591 1309 611 1391 ἡ
635 1308 754 1391 δύναμις
776 1306 811 1390 ἦν
835 1310 936 1391 πρώτη
961 1307 1008 1370 καὶ
1030 1307 1063 1368 τό
1086 1305 1162 1374 εἶδος
1184 1304 1220 1389 ᾖν
1243 1330 1262 1388 η
1286 1306 1359 1367 κατὰ
1381 1306 1433 1388 τὴν
1457 1306 1502 1369 δῦ·

214 1427 241 1472 ιο
253 1435 336 1495 ναμιν
364 1411 518 1495 τελειότης.
568 1410 734 1495 ἐντελέχεια
759 1409 809 1474 οῦν
843 1412 861 1492 ἡ
889 1412 991 1494 πρώτη
1020 1412 1155 1491 σώματος
1189 1412 1313 1492 φυσικοῦ
1341 1409 1501 1492 ὀργανικοῦ.

254 1513 314 1578 ἔστι
336 1514 391 1600 γὰρ
415 1515 564 1598 ὀργανικὸν
587 1519 674 1596 σῶμα
696 1514 729 1576 τδ
745 1510 814 1597 ἔχον
837 1513 929 1575 πλείω
951 1536 984 1574 τε
1005 1513 1053 1576 καὶ
1070 1511 1242 1595 διαφέροντα
1266 1510 1340 1595 μέρη
1364 1517 1502 1596 ψυχικαῖς

255 1619 408 1699 δυνάμεσιν
424 1616 631 1700 ὑπηρετεῖσθαι
646 1617 799 1698 δυνάμενα.
834 1617 879 1679 διδ
896 1617 933 1678 τδ
950 1615 1100 1698 ὀργανικὸν
1116 1620 1203 1697 σῶμα
1219 1615 1266 1677 καὶ
1282 1616 1400 1697 δυνάμει
1424 1616 1502 1697 ζωὴν

254 1718 332 1805 ἔχειν
345 1719 431 1801 λέγει,
447 1723 489 1803 τῷ
503 1720 621 1801 δυνάμει
634 1720 712 1802 ζωὴν
728 1716 797 1802 ἔχον
810 1718 872 1780 ἀντὶ
885 1721 935 1780 τοῦ
947 1717 1104 1798 δυναμένου
1121 1716 1183 1780 κατ’
1202 1716 1344 1799 ἐνέργειαν
1363 1721 1413 1801 ζῆν
1426 1720 1503 1802 χρώ-

256 1846 349 1906 μενος.
383 1821 483 1906 τὸγὰρ
499 1821 556 1905 ἤδη
573 1823 624 1905 τὴν
644 1821 752 1883 τέλειον
768 1821 867 1905 ψυχὴν
889 1818 958 1905 ἔχον
975 1821 1069 1884 πολλὰ
1084 1818 1147 1882 κατ’
1170 1818 1260 1902 αὐτὴν
1276 1819 1392 1882 δύναται
1410 1825 1501 1883 ποιεῖν

214 1941 240 1985 rs
254 1949 284 1988 τε
299 1927 346 1989 καὶ
362 1927 497 2010 πάσχειν,
519 1923 685 2008 τρέφεσθαι,
705 1922 853 1992 αὔξεσθαι,
873 1927 983 2006 γεννᾶν,
1004 1922 1204 1999 αἰσθάνεσθαι,
1226 1921 1390 2005 ὀρέγεσθαι,
1411 1925 1501 1986 διανο·
1515 1940 1542 1982 ιιι

253 2029 359 2102 εῖσδαι,
379 2027 480 2111 λέγειν,
503 2029 646 2110 πράττειν,
662 2026 806 2109 ὑγιαίνειν,
828 2031 931 2089 νοσεῖν.
965 2023 1085 2111 ἔμψυχα
1099 2025 1153 2108 γὰρ
1170 2024 1253 2089 οῦδὲν
1269 2025 1365 2108 ἦττον,
1387 2023 1441 2088 κάν
1458 2026 1499 2108 μὴ

157 2138 160 2144 '
255 2131 358 2216 ἐνεργῇ
383 2131 446 2214 μέν,
470 2130 587 2214 δύνηται
603 2130 645 2200 δέ,
668 2130 716 2192 καί
739 2127 800 2193 ἔστι
822 2130 854 2192 τδ
871 2130 1000 2210 δυνάμει,
1024 2129 1056 2191 τὸ
1072 2128 1287 2212 προσκείμενον,
1311 2133 1363 2212 τῆς
1385 2131 1501 2212 πρώτης

255 2234 434 2319 ἐντελεχείας
462 2231 631 2316 δηλωτικόν.
676 2234 722 2294 καὶ
751 2232 824 2315 αῦτη
849 2232 900 2315 μὲν
929 2234 946 2316 ἡ
974 2237 1026 2316 τῆς
1049 2237 1148 2317 ψυχῆς
1169 2230 1268 2302 οόσία,
1296 2234 1337 2299 ὡς
1359 2232 1400 2294 ἑνὶ
1422 2230 1502 2314 λῦγιρ

254 2337 416 2422 περιλαβεῖν
443 2336 558 2404 πλείους
586 2334 682 2420 ψυχὰς
704 2333 770 2397 οὔτε
793 2335 935 2417 ὁμοειδεῖς
961 2335 1100 2418 ἀλλήλαις
1125 2334 1201 2403 τάξιν
1229 2356 1260 2396 τε
1281 2333 1407 2419 ἐχούσας
1429 2335 1501 2418 πρδς

212 2441 396 2523 υυοὶλληλας,
426 2442 473 2513 ιῖιςΙ
489 2437 559 2501 εἶναι
586 2438 638 2521 τὴν
666 2437 717 2521 μέν
744 2459 807 2500 τινα
834 2437 929 2501 αὐτῶν
952 2437 1140 2520 ἀτελεστέραν
1167 2438 1268 2500 τεκαὶ
1292 2440 1424 2521 πρώτην,
1447 2438 1499 2521 τὴν

254 2544 286 2606 δὲ
309 2542 380 2626 μετὰ
408 2542 512 2625 ταύτην
541 2540 718 2623 τελειοτέραν
746 2540 857 2624 ἐκείνης
884 2545 926 2625 τῷ
949 2540 1022 2625 πρὸς
1047 2541 1167 2609 ἐκείναις
1196 2541 1243 2603 καὶ
1270 2539 1360 2623 άλλην
1383 2541 1501 2623 δύναμίν
1515 2558 1544 2599 ιο

256 2669 316 2708 τινα
339 2644 573 2729 προσειληφέναι,
596 2645 650 2706 καὶΙ
668 2643 740 2727 μετὰ
761 2642 867 2726 ταῦτην
889 2643 985 2727 τρίτην
1009 2643 1070 2707 τινὰ
1098 2645 1182 2706 πάλιν
1205 2644 1276 2726 πρός
1298 2643 1418 2713 ἐκείναις
1440 2650 1502 2713 ταῖς

203 2903 214 2955 1
235 2901 267 2972 ἣν
284 2899 441 2970 καὶ-λέγειν
460 2915 508 2953 om.
617 2899 710 2971 ἳγὰρ]
728 2900 782 2952 und
887 2900 957 2954 4-5
979 2904 1008 2953 τὸ
1027 2900 1053 2953 δὲ
1071 2900 1304 2971 εἶδος-τελειότης
1322 2899 1361 2969 δν]
1381 2902 1444 2954 eber
1462 2903 1557 2954 bereits

200 2991 322 3044 erlisutert
340 2990 383 3049 ist,
403 2989 462 3040 dass
482 2988 523 3040 dic
536 2988 556 3040 F
558 3004 622 3053 orm,
639 2989 757 3042 welche
776 2988 816 3041 hir
835 2989 891 3054 das,
909 2989 1001 3042 dessen
1020 2989 1096 3042 Furni
1115 2991 1153 3042 sie
1171 2991 1215 3055 ist,
1233 2992 1299 3042 cuch
1319 2991 1377 3042 ciue
1390 2989 1558 3057 l'cllendung

201 3078 337 3131 desselben
356 3078 398 3129 ist.
503 3074 569 3126 6ν1
589 3074 625 3133 ώς
642 3075 749 3145 τοῦ-η
767 3075 926 3148 npetu-sporn.
1027 3078 1108 3146 δγαρ
1127 3093 1176 3130 cm.
1280 3076 1366 3129 9-10
1384 3075 1557 3129 ών-τελειό-

200 3164 257 3235 της]
281 3165 322 3217 die
340 3164 414 3216 Krnlt
438 3164 473 3215 ist
492 3179 543 3215 νου
558 3163 639 3232 jencn
663 3164 755 3224 beiden
775 3165 817 3217 die
839 3169 905 3217 erste
925 3165 1143 3234 l'olleudung,
1166 3164 1302 3217 dicF01rn
1328 3165 1370 3216 die
1390 3163 1557 3233 l'ollcndung

201 3252 230 3304 in
253 3253 298 3305 der
322 3251 409 3303 Weise
432 3250 477 3302 der
499 3250 574 3303 Krnft
714 3251 730 3301 n
756 3250 788 3321 ἦν
811 3251 864 3304 τ.8
883 3254 942 3305 ets
967 3255 1001 3305 ist
1146 3252 1177 3305 10
1203 3250 1258 3319 οῦν]
1283 3251 1337 3304 nisu
1357 3253 1391 3303 ist
1409 3253 1447 3303 sie

204 3338 304 3391 11-12
334 3335 634 3408 ψυχικαῖς-δυνάμενα]
661 3340 754 3393 welche
773 3340 815 3392 die
835 3341 925 3392 Arheit
944 3346 1062 3410 ertrcgen
1081 3340 1162 3393 durch
1181 3341 1223 3392 die
1242 3339 1331 3391 Krhite
1350 3339 1395 3391 der
1413 3338 1485 3391 Seelc
1504 3338 1556 3391 BP.

201 3443 232 3495 p:
257 3426 351 3479 welche
369 3425 419 3477 den
438 3424 545 3477 Kriften
571 3427 616 3479 dcr
634 3426 707 3479 Seele
731 3427 824 3479 dienen
948 3428 1048 3480 12--13
1076 3426 1113 3480 διὸ
1129 3426 1302 3498 -χρώμενος]
1327 3443 1354 3477 er
1373 3431 1432 3493 sunt
1449 3425 1510 3478 dass
1529 3427 1556 3478 in

200 3513 254 3565 ihm
269 3513 355 3565 lichen
375 3514 402 3564 iu
416 3515 533 3579 potentin
549 3516 595 3577 sei,
613 3520 713 3565 unstntt
731 3513 790 3566 duss
810 3531 836 3567 er
854 3531 923 3579 suge,
941 3533 968 3568 cr
986 3517 1104 3585 vcrmdge
1121 3517 1150 3568 in
1168 3519 1229 3568 actu
1248 3532 1279 3566 zu
1293 3516 1367 3566 lehen
1446 3513 1476 3566 15
1495 3520 1557 3566 ente

200 3597 333 3670 τρέφεσθαι
351 3599 438 3652 addit:
457 3600 526 3652 denu
545 3618 573 3653 es
591 3617 694 3669 vermug
800 3601 896 3672 γεννᾶν]
916 3602 962 3654 das
981 3604 1132 3656 thuliche
1151 3620 1183 3655 zu
1201 3619 1326 3670 erneugen
1436 3602 1466 3654 16
1485 3599 1557 3653 οόδέν

200 3686 288 3756 ἧττον]
311 3687 369 3739 sind
394 3687 505 3740 beseelte
529 3678 532 3682 ’
643 3687 752 3741 18-19
779 3691 822 3742 καὶ
845 3688 1021 3761 αῦτη-πρὸς
1038 3690 1159 3761 ἀλληλοις]
1185 3692 1244 3743 llies
1268 3692 1302 3742 ist
1326 3691 1370 3742 der
1392 3689 1557 3742 wesentliche

200 3774 288 3826 Iuhnlt
309 3775 354 3826 des
373 3775 483 3827 Wesens
507 3775 551 3827 der
569 3775 654 3840 Senis,
678 3793 751 3829 wcnn
770 3780 808 3831 sie
826 3780 855 3830 in
873 3780 933 3831 eine
952 3778 1093 3832 Dchuilicn
1118 3778 1216 3847 gelasst
1234 3777 1304 3830 wird.
1335 3778 1381 3829 Die
1400 3776 1490 3829 Theilc
1513 3775 1558 3828 der

200 3861 273 3914 Seele
291 3861 351 3912 siud
370 3861 555 3927 volllrornrneu,
578 3863 668 3916 leiner
686 3863 818 3918 derselbeu
837 3867 872 3918 ist
889 3867 1030 3933 passender
1048 3866 1092 3917 der
1112 3870 1159 3918 hrt
1178 3866 1243 3918 nach
1263 3864 1308 3934 [P:
1328 3863 1433 3934 Form]‚
1456 3864 1494 3915 uls
1512 3864 1557 3927 (ist

200 3947 433 4015 untergeordnetl)
453 3949 497 4002 der
515 3951 624 4011 nuderc;
650 3951 743 4019 jedcch
763 3954 799 4004 ist
817 3955 875 4006 eine
894 3954 1045 4022 Abstutung
1064 3954 1190 4006 zwischnu
1208 3954 1357 4017 einzelnen,
1376 3954 1416 4004 ich
1437 3953 1521 4004 mcinc

201 4034 236 4087 20
254 4036 297 4087 καὶ
315 4034 430 4105 πρώτην]
450 4037 503 4088 und
522 4040 642 4107 geringer
747 4041 793 4110 την
811 4040 849 4110 δὲ]
869 4058 894 4109 p.
913 4042 997 4094 addit:
1017 4042 1151 4095 derselben
1258 4040 1288 4091 21
1313 4038 1385 4111 πρὸς]
1405 4041 1451 4092 mit

201 4121 235 4175 22
253 4122 340 4194 τρίτην
358 4122 425 4191 τινὰ]
444 4123 529 4177 addit:
547 4126 589 4178 fuir
607 4127 720 4180 diesclbe

203 4365 215 4415 1
245 4362 276 4432 hs
299 4360 477 4432 καλ-λέγειν]
504 4364 568 4418 haec
590 4369 668 4423 verba
691 4386 748 4423 cum
773 4370 839 4426 male
857 4388 899 4443 ¹eu
922 4371 978 4424 ν.5
1001 4376 1138 4439 praecepta
1160 4373 1215 4425 sint
1241 4377 1267 4425 et
1290 4373 1318 4425 in
1341 4372 1557 4440 interpretatione

201 4451 322 4505 hebraica
340 4450 439 4515 desint,
460 4453 536 4505 uncis
555 4455 743 4527 circumscripsi
842 4459 858 4509 6
877 4463 978 4531 πρᾶγμα
997 4459 1049 4511 Ka:
1068 4464 1154 4530 πρᾶμιι
1174 4461 1195 4511 V
1292 4460 1306 4511 7
1326 4458 1443 4528 εἰκότως]
1463 4460 1558 4527 incipit

201 4539 323 4607 apodcsis
444 4538 474 4589 lll
501 4540 816 4618 ἐντελέχεια-ὀργανικοῦ
834 4547 890 4599 scil.
909 4547 959 4598 ἐστι
978 4546 1048 4616 ψυχή
1167 4547 1197 4599 12
1226 4546 1264 4600 διδ
1282 4547 1311 4600 τὸ
1333 4546 1464 4619 ὀργανικὸν
1482 4553 1557 4614 σῶμα

201 4642 251 4679 om.
270 4626 312 4677 Ka
435 4623 467 4677 13
495 4627 561 4699 ἔχειν
581 4633 614 4684 V:
633 4632 685 4703 ἔχει
703 4634 744 4686 Kc
870 4634 929 4708 ἔχον
948 4636 993 4699 m',
1011 4633 1078 4705 ἔχειν
1097 4633 1177 4686 munt:
1197 4634 1256 4703 ἔχον
1275 4635 1315 4687 Ka
1437 4636 1492 4688 ἀντι
1511 4636 1557 4699 nri,

201 4733 275 4769 παντι
297 4716 333 4771 m¹
348 4713 382 4763 V:
404 4714 478 4765 παντὶ
500 4717 548 4769 Κα.
585 4721 761 4773 Alexandrum
786 4727 848 4790 puto
872 4722 1006 4790 scripsisse
1028 4726 1065 4792 τῷ
1093 4721 1209 4790 ,δυνάμει
1232 4723 1300 4792 ζωην
1324 4722 1410 4791 ἔχειν’
1436 4723 1490 4774 ἀντὶ
1512 4727 1557 4774 τοῦ

204 4803 393 4874 ,δυνάμενον
412 4799 471 4852 κατ’
487 4802 607 4877 ἐνέργειαν
626 4809 685 4877 ζῆν“
701 4807 831 4881 χρώμενος
849 4815 878 4860 ut
896 4808 913 4860 l.
924 4809 947 4862 ll
966 4827 991 4878 p.
1004 4810 1090 4863 143r7
1109 4802 1151 4861 καὶ
1170 4810 1234 4862 ἔστιν
1253 4809 1305 4862 ἴσον
1322 4809 1351 4861 τὸ
1368 4809 1469 4880 δυνάμει
1488 4811 1556 4881 ζωὴν

202 4896 259 4965 ἔχον
278 4898 315 4967 τῷ
337 4893 540 4970 ,ὀργανικόν“
647 4896 677 4949 15
695 4895 791 4966 γεννᾶν]
811 4902 871 4964 post
889 4915 904 4948 α
923 4913 976 4949 una
994 4897 1033 4949 lit.
1052 4914 1086 4948 cr.
1108 4899 1128 4949 λ’
1239 4898 1269 4950 18
1288 4899 1409 4969 φηχῖγςιι
