3540 5610
272 1464 553 1537 ,ιιιιειιιινυι
571 1463 837 1532 ιονοιιιιοαε
862 1464 953 1533 ιιιωι
977 1463 1165 1533 κνιιποε
1189 1468 1257 1533 ιιιιι
1282 1461 1504 1534 mmm.
1542 1433 1612 1585 ρίξρ

228 1782 239 1834 1
329 1795 349 1836 ιν
372 1797 393 1837 ιι
414 1797 434 1835 ιι
458 1779 521 1844 πῶς
536 1770 561 1837 δ’
584 1773 619 1836 ἄν
635 1768 826 1858 παραδέξαιτίι
843 1797 884 1843 τις
899 1776 931 1837 τδ
948 1775 978 1837 ἐν
993 1781 1031 1858 τῇ
1049 1777 1167 1858 τοιαύτῃ
1184 1776 1284 1858 κράσει
1300 1777 1357 1836 τῶν
1373 1773 1518 1855 σωμάτων

266 1877 387 1941 ἕκαστον
420 1882 479 1940 τῶν
502 1876 680 1960 κιρναμένων
714 1879 868 1961 φυλάττειν
891 1878 1031 1942 δύνασθαι
1053 1879 1105 1959 τὴν
1129 1878 1235 1941 οἰκείαν
1264 1877 1444 1960 ἐπιφάνειαν,
1479 1877 1519 1941 ὡς

268 1981 343 2060 ὁμοῦ
366 1980 418 2061 μὲν
442 1980 518 2063 μηδὲ
539 1980 573 2042 τδ
595 1982 686 2065 τυχδν
702 1979 792 2043 αὐτοῦ
809 1978 908 2063 μόριον
930 1978 1006 2042 εἶναί
1026 1980 1084 2062 [τε]
1109 1978 1179 2043 καθ’
1207 1979 1278 2042 αὑτδ
1301 1976 1519 2063 κεχωρισμένον

229 2082 400 2164 εθατίρου,
435 2083 511 2165 ὁμοῦ
544 2082 577 2145 δὲ
609 2084 762 2167 φυλάττειν
794 2082 916 2145 ἕκαστον
939 2081 1035 2144 αὐτῶν
1058 2083 1111 2164 τὴν
1134 2082 1303 2165 ἐπιφάνειαν
1326 2080 1378 2162 τὴν
1402 2079 1518 2150 ἑαυτοῦ,
1544 2093 1559 2135 ε

263 2187 299 2265 ἣν
321 2184 385 2271 εἶχε
409 2185 458 2249 καὶ
480 2185 535 2268 πρδ
558 2190 610 2268 τῆς
632 2186 779 2269 κράσεως;
802 2189 888 2246 τοῦτο
910 2183 963 2266 γὰρ
987 2185 1132 2268 ὑπεραίρει
1156 2187 1202 2247 καὶ
1225 2182 1276 2251 τὰς
1291 2182 1321 2244 ἐν
1337 2187 1397 2250 τοῖς
1414 2181 1517 2264 μάθοις

265 2288 518 2372 παραδοξολογίας,
553 2286 569 2349 δ
603 2286 700 2371 τίθησι
725 2285 896 2371 Χρύσιππος
920 2288 988 2350 ὅσον
1022 2287 1051 2348 ἐν
1079 2287 1173 2369 τούτῳ
1197 2288 1229 2348 τὸ
1253 2285 1393 2348 δύνασθαι
1415 2283 1451 2345 τὰ
1474 2305 1517 2345 κε·

262 2390 391 2474 κραμένα
413 2390 596 2474 χωρίζεσθαι
618 2391 713 2453 πάλιν.
759 2393 810 2452 τοῦ
832 2413 864 2452 τε
897 2389 952 2473 γὰρ
981 2389 1072 2472 λέγειν
1101 2389 1241 2452 δύνασθαι
1268 2387 1449 2472 χωρίζεσθαι
1481 2385 1518 2446 τὰ

264 2492 437 2577 κεκραμένα,
470 2491 546 2554 ἀλλὰ
568 2495 617 2555 καὶ
639 2495 690 2554 τοῦ
713 2490 783 2574 μηδ’
812 2493 888 2560 ὅλως
911 2491 1068 2574 κιρνᾰσθαί
1088 2515 1149 2554 τινα
1177 2490 1317 2553 δύνασθαι
1344 2488 1436 2570 λέγειν
1465 2510 1517 2568 μα·
1531 2503 1559 2545 ια

214 2615 245 2661 ιο
262 2600 324 2680 κρῷ
358 2592 587 2677 παραδοξότερον
621 2596 669 2656 καὶ
695 2594 773 2675 παρὰ
796 2594 847 2662 τὰς
876 2593 1012 2656 ἁπάντων
1035 2593 1145 2661 ἐννοίας
1179 2594 1211 2654 τὸ
1238 2591 1330 2672 λέγειν
1365 2591 1440 2671 ὁμοῦ
1465 2589 1516 2671 μὲν

263 2696 300 2760 δι’
328 2696 405 2760 ὅλων
428 2697 565 2778 ἀλλήλων
588 2701 697 2780 χωρεῖν
720 2719 781 2759 τινα
805 2699 938 2779 σώματα,
961 2699 1001 2764 ὡς
1017 2696 1107 2779 μηδὲν
1124 2695 1220 2759 αὐτῶν
1237 2693 1336 2777 μόριον
1352 2690 1424 2755 είναι
1440 2689 1510 2754 καθ’

261 2797 341 2878 αὑτό,
377 2800 452 2880 ὁμοῦ
486 2796 515 2860 δ’
548 2798 671 2861 ἕκαστον
704 2799 802 2862 αὐτῶν
826 2799 882 2860 ὑπὸ
906 2802 959 2881 τῆς
992 2797 1099 2865 οἰκείας
1125 2797 1292 2881 ἐπιφανείας
1315 2794 1516 2879 περιέχεσθαι,

261 2901 311 2984 ὑφ’
342 2901 377 2984 ἧς
400 2902 562 2984 περιείχετο
586 2904 634 2963 καὶ
656 2901 712 2984 πρδ
740 2905 792 2982 τῆς
820 2900 932 2983 μίξεως.
977 2900 1009 2963 τό
1032 2923 1064 2962 τε
1087 2899 1137 2963 οὖν
1161 2906 1248 2982 σῶμα
1270 2899 1317 2960 διὰ
1341 2894 1514 2977 σώματοεῒ

261 3003 534 3087 οὐδεμιᾶςέλάττω
557 3003 696 3087 διαφορὰν
719 2999 794 3082 ἔχειν
830 3002 997 3087 συμβέβηκε
1025 3007 1083 3065 τῶν
1106 3002 1180 3066 καταλ
1213 3000 1385 3085 φιλοσοφίαν
1408 3000 1514 3081 δοχμά·
1528 3013 1555 3055 ιε

211 3125 241 3173 15
260 3129 316 3169 των
338 3109 388 3169 καλ
411 3109 469 3167 τῶν
491 3106 557 3188 περὶ
581 3104 686 3185 μίξεώς
708 3128 739 3167 τε
767 3109 814 3168 καὶ
842 3107 973 3190 κράσεως
1006 3104 1109 3186 λόγων.
1154 3105 1187 3167 οὐ
1220 3104 1276 3187 γὰρ
1304 3101 1390 3185 μόνον
1424 3101 1515 3183 διηνέ-

262 3209 378 3293 χθησαν
401 3208 475 3292 πρὸς
497 3207 642 3289 ἀλλήλους
664 3211 728 3290 περὶ
753 3209 836 3270 τοῦδε
868 3210 919 3269 τοῦ
942 3207 1083 3289 δόγματος
1106 3209 1132 3270 οί
1157 3208 1224 3287 μίαν
1246 3207 1316 3287 ὕλην
1339 3204 1513 3267 ὑποκεῖσθαι

262 3313 332 3373 πᾶσι
354 3313 414 3378 τοῖς
437 3309 467 3372 ἐν
490 3307 600 3391 γενέσει
623 3311 756 3390 σώμασιν
790 3309 922 3390 λέγοντες
944 3309 1015 3391 πρὸς
1048 3309 1115 3377 τοὺς
1138 3309 1171 3371 ἐκ
1193 3306 1391 3391 διωρισμένων
1414 3329 1445 3367 τε
1468 3307 1516 3367 καὶ

264 3411 488 3497 κεχωρισμένων
510 3412 657 3493 σωμάτων
685 3415 838 3479 ποιοῦντας
852 3409 943 3495 αὐτήν
971 3412 1027 3491 (ὧν
1043 3414 1070 3473 οἱ
1087 3413 1138 3493 μὲν
1159 3410 1253 3493 ἄτομα
1270 3413 1395 3492 σώματα
1410 3406 1515 3491 άπειρα
1528 3423 1556 3464 ευ

258 3520 300 3599 τῷ
322 3515 442 3598 πλήθει,
477 3512 551 3576 κατὰ
584 3519 689 3598 σχῆμα
712 3517 760 3577 καλ
783 3513 907 3596 μέγεθος
941 3515 1027 3596 μόνον
1051 3516 1104 3596 τὴν
1138 3514 1209 3596 πρδς
1232 3511 1348 3595 ἄλληλα
1371 3510 1511 3595 διαφορὰν

205 3638 240 3684 νο
260 3616 375 3702 ἔχοντα,
397 3616 450 3686 τὰς
473 3616 567 3701 ἀρχὰς
584 3615 587 3700 Ι
605 3619 653 3679 καὶ
676 3617 712 3679 τὰ
735 3618 868 3701 στοιχεῖά
890 3636 976 3699 φασιν
999 3615 1083 3689 εἶναι,
1107 3619 1155 3679 καὶ
1171 3619 1209 3695 τῇ
1226 3615 1335 3677 τούτων
1351 3612 1487 3677 συνθέσει
1510 3620 1564 3676 590

259 3743 290 3782 τε
313 3722 360 3784 καὶ
383 3724 454 3804 ποιᾷ
477 3724 639 3803 περιπλοκῇ
663 3717 705 3781 ἔτι
729 3742 760 3781 τε
782 3718 858 3787 τάξει
882 3720 930 3781 καὶ
952 3717 1034 3781 θέσει
1056 3717 1148 3780 τᾶλλα
1172 3717 1315 3799 γίνεσθαι·
1341 3715 1387 3799 ἐφ’
1416 3715 1451 3798 ἧς
1467 3715 1511 3778 δό-

257 3823 306 3906 ξης
329 3827 438 3905 πρῶτοι
461 3823 513 3904 μὲν
537 3822 704 3890 Λεύκιππός
725 3843 757 3883 τε
779 3823 828 3884 καλ
852 3818 1032 3902 Δημόκριτος
1064 3819 1199 3903 γενέσθαι
1221 3821 1363 3893 δοκοῦσιν,
1398 3817 1510 3901 ὕστεροι

256 3925 289 3988 δὲ
320 3920 493 4007 Ἐπίκουρός
525 3947 557 3988 τε
591 3926 639 3987 καὶ
671 3924 698 3986 οἱ
738 3924 790 4006 τὴν
824 3922 914 4005 αὐτὴν
948 3923 1042 4006 τούτῳ
1076 3921 1243 4005 τραπέντες·
1278 3921 1305 3983 οἱ
1339 3920 1371 3983 δὲ
1404 3920 1511 3996 αὐτῶν,
1538 3938 1552 3978 ι

204 4156 215 4206 l
241 4157 296 4226 περὶ
326 4156 441 4225 κράσεως
463 4153 507 4205 καλ
529 4151 621 4220 μίξεως
639 4152 672 4206 B:
701 4152 755 4223 περὶ
778 4152 868 4219 μίξεως
887 4155 926 4205 Ra
1052 4152 1068 4203 4
1094 4151 1157 4220 μηδὲ
1181 4151 1285 4217 scripsi:
1313 4150 1377 4218 μήτε
1399 4150 1459 4203 libri

201 4260 229 4294 τε
250 4242 441 4310 circumscripsi
566 4243 582 4293 ’1
607 4238 677 4308 ὅσον]
703 4240 812 4308 fortasse
835 4238 877 4295 ὼς
895 4238 927 4291 ὃν
950 4238 998 4305 (ὡς
1016 4236 1088 4295 ὄντος
1106 4238 1131 4289 ίν
1155 4238 1239 4306 το·ἰτῳ
1262 4240 1306 4289 τοῦ
1327 4237 1415 4304 Apelt)
1521 4237 1563 4306 τὸ]

201 4332 239 4399 τῷ
262 4349 279 4381 ε
413 4329 429 4381 9
453 4327 528 4396 ἀλλὰ]
556 4323 614 4379 ἀλλ’
638 4328 711 4395 ἢλλα
847 4324 968 4378 δδνασθαι
991 4329 1041 4378 Ra:
1075 4324 1176 4377 δύναται
1201 4325 1273 4389 (υνατ
1296 4340 1329 4376 ox
1353 4327 1428 4385 corr.)
1447 4325 1491 4377 τοΙ.

205 4417 237 4470 10
252 4417 335 4475 ίνοίας
352 4419 390 4469 Ra
500 4422 561 4467 ειιῑε
579 4415 609 4467 τὸ
628 4414 686 4466 add.
706 4415 722 4482 ἢ
746 4430 814 4465 man.
835 4430 884 4465 rec.
903 4417 942 4466 Ra
1053 4414 1079 4464 11
1105 4413 1180 4476 εἶναι]
1198 4408 1215 4486 3}
1236 4416 1275 4464 Ra
1384 4413 1415 4462 14
1434 4411 1562 4481 οὐδεμιᾶς]

202 4503 324 4573 μηδεμιᾶς
342 4506 382 4556 Ra
486 4503 515 4555 15
538 4502 610 4569 λόγον
629 4503 664 4553 Α1
684 4501 760 4566 (ποτε.
781 4502 828 4565 Αἵ)
938 4501 968 4552 16
997 4502 1031 4565 οἱ]
1055 4500 1142 4552 οδ11ιι
1260 4500 1288 4552 17
1318 4501 1409 4568 χενίσει
1428 4518 1455 4550 ει
1483 4499 1563 4567 γενίσι

201 4591 273 4642 codd.
373 4607 400 4641 τε
426 4603 476 4641 om.
500 4608 515 4641 ιι
619 4590 650 4640 18
677 4592 806 4644 ποιοῦντες
827 4591 867 4638 Ra
966 4588 996 4638 19
1022 4591 1081 4655 post
1099 4584 1204 4656 μέγεθος
1221 4587 1237 4639 2
1256 4588 1305 4638 litt.
1325 4602 1411 4639 ετεεσε
1430 4591 1455 4636 Α

201 4675 231 4728 21
260 4677 320 4729 ποιά
342 4693 357 4727 ε
525 4674 635 4744 γίνεσθαι
659 4678 710 4728 Ra:
744 4677 811 4726 inter
834 4672 914 4726 τᾶλλα
939 4679 964 4725 et
987 4670 1030 4744 ἐφ’
1057 4675 1135 4726 7-8
1157 4675 1258 4726 litterae
1287 4676 1448 4725 evanuerunt
1472 4674 1499 4724 in
1523 4678 1561 4723 A:

201 4763 312 4830 ίειιεελτε
330 4765 358 4816 in
377 4765 412 4815 B:
440 4778 490 4815 om.
509 4766 574 4817 CPS
700 4761 732 4814 23
751 4760 834 4829 τοθτιρ
848 4761 1002 4830 τραπέντες]
1021 4761 1119 4812 τούτων
1139 4760 1237 4818 ἐπίντες
1256 4763 1308 4813 Ra:
1335 4758 1433 4811 τούτων
1451 4759 1563 4817 ἐπιόντες

201 4849 273 4911 δόξαν
293 4850 377 4903 Ιάελει·
