3540 5610
572 314 653 373 ΠΕΡΙ
671 314 832 375 ΚΡΑΣΕίλΣ
851 316 911 376 ΚΑΙ
931 317 1107 375 ΑΥΞΗΣΕΩΣ
1129 320 1197 373 6-8
1502 324 1560 387 ἳθ]

255 485 293 551 τὰ
314 486 478 570 κεκραμένα
501 487 636 571 μέμικται
658 493 706 555 καί
729 492 770 575 μὴ
794 491 892 575 ἕτερον
927 491 1022 554 αὐτῶν
1050 493 1080 555 έν
1103 498 1146 576 τῷ
1171 494 1288 575 μίγματι
1311 491 1433 574 ἄμικτον
1456 492 1509 554 θα·

256 587 341 671 τέρου
365 589 466 672 μόριον
488 587 564 675 ἔχει,
597 592 736 656 ἀδύνατον
770 592 867 657 αὐτῶν
901 595 1037 678 ἑκάτερον
1072 596 1127 656 ύπδ
1151 595 1223 663 ίδίας
1246 594 1412 678 ἐπιφανείας
1433 616 1509 676 περι-

257 688 395 774 έχεσθαι·
418 696 475 755 πάν
496 692 551 777 γάρ
574 693 672 778 μόριον
695 693 802 768 αὐτῶν,
837 696 868 757 τδ
892 695 948 757 δπδ
971 696 1078 762 οἰκείας
1100 695 1267 780 ἐπιφανείας
1290 695 1551 781 περιεχύμενον,τυ

256 790 377 874 ἄμικτον
400 789 481 857 ἔσται
503 795 640 879 θατέρου.
659 794 663 879 ί
681 794 716 858 ού
738 797 792 880 γὰρ
815 797 877 860 οίόν
900 821 931 860 τε
954 800 1007 880 τὴν
1030 802 1080 860 τοῦ
1104 796 1182 860 οἴνου
1204 798 1372 880 ἐπιφάνειαν
1388 799 1490 864 ὕδατος
1513 802 1561 858 601

221 891 338 967 τεῖναι,
373 894 467 978 ἠτὴν
489 900 540 959 τού
564 897 666 966 ύόατος
687 895 779 977 οἴνου,
802 900 878 962 ὥστε
900 900 992 968 ούτως
1023 899 1077 961 οὐκ
1110 898 1190 962 ἔσται
1218 898 1254 960 δι’
1281 898 1359 961 όλων
1394 899 1508 982 μῖξιςὴ

257 999 367 1087 κρᾶσις,
400 996 461 1059 ἀλλ’
488 997 546 1061 εἶεν
570 997 604 1062 ἂν
638 1001 798 1083 παράθεσιν
820 1003 873 1085 την
906 1005 1006 1084 κρᾶσιν
1040 1002 1149 1082 μορίων
1177 1002 1286 1084 μυρίοις
1312 1001 1457 1082 λέγοντες·
1492 1001 1508 1063 δ

257 1097 473 1181 φυλασσόμενοι
495 1098 568 1162 ἄλλο
589 1103 660 1185 φασὶ
684 1101 758 1184 μῖξιν
780 1104 828 1165 καὶ
851 1102 923 1165 ἄλλο
946 1107 1047 1186 κρᾶσιν
1070 1102 1152 1165 εἶναι.
1190 1103 1216 1164 εί
1239 1104 1271 1166 δὲ
1294 1105 1384 1185 μηδὲν
1409 1103 1507 1185 μόριον
1535 1119 1549 1160 ε

256 1196 319 1261 κατ’
346 1201 453 1263 οἰκείαν
474 1206 654 1287 περιγραφήν
676 1227 707 1266 τε
730 1205 778 1267 καὶ
800 1203 968 1287 ἐπιφάνειαν
990 1203 1035 1286 εἴη
1058 1209 1117 1266 τῶν
1141 1204 1334 1287 μεμιγμένων,
1365 1204 1429 1268 ἀλλ’
1458 1204 1504 1289 εἴη

257 1303 314 1363 πᾶν
336 1302 507 1388 ὁμοιομερές
528 1306 645 1388 γεγονός
666 1307 699 1368 τδ
722 1312 819 1389 σῶμα,
842 1306 937 1369 οὐκέτι
962 1308 1013 1388 μὲν
1037 1305 1071 1368 ἂν
1094 1305 1140 1388 εἴη
1163 1308 1334 1389 παράθεσις,
1367 1307 1442 1369 ἀλλὰ
1466 1307 1504 1369 δι’

206 1423 239 1469 10
256 1401 334 1464 ὅλων
356 1408 469 1488 κρᾶσις’
494 1406 529 1470 ού
554 1409 611 1491 μὴν
634 1406 676 1471 ἔτι
700 1412 824 1481 σώζοιτο
846 1409 880 1471 ἂν
903 1409 939 1471 τὰ
961 1408 991 1476 ἐξ
1014 1411 1109 1491 ἀρχῆς
1144 1412 1266 1491 σώματα
1289 1415 1346 1472 τῶν
1371 1410 1508 1490 μεμιγμέ·

258 1530 325 1586 νων,
357 1507 417 1570 ἀλλ’
444 1508 491 1591 εἴη
514 1508 550 1573 ἂν
572 1511 773 1595 συγκεχυμένα
796 1534 826 1574 τε
849 1513 897 1574 καὶ
921 1509 1152 1593 συνεφθαρμένα.
1196 1513 1223 1572 εί
1245 1513 1282 1593 δὴ
1310 1509 1368 1574 ἔδει
1390 1511 1425 1574 τά
1447 1533 1508 1595 χω-

257 1609 455 1693 ρισθησόμενα
476 1612 626 1682 σώζεσθαι
649 1614 696 1676 καί
720 1615 760 1697 μὴ
778 1614 973 1697 συγκεχύσθαι
995 1611 1104 1695 (τούτῳ
1127 1613 1181 1694 γὰρ
1203 1613 1223 1694 ἡ
1245 1617 1344 1695 κρᾶσις
1367 1612 1428 1677 κατ’
1456 1613 1506 1676 αὖ·
1521 1630 1549 1671 ιο

260 1709 328 1777 τούς
360 1716 412 1795 τῆς
444 1712 617 1797 συγχύσεως
643 1714 799 1799 διαφέρει),
833 1717 987 1796 ἀναγκαῖον
1015 1714 1048 1776 δὲ
1071 1719 1130 1781 τοῖς
1157 1712 1194 1775 δι’
1223 1713 1300 1776 όλων
1324 1717 1509 1798 μεμιγμένοις

258 1812 464 1898 συγκεχύσθαι,
499 1815 638 1879 ἀδύνατον
672 1817 708 1879 τό
741 1815 776 1879 δι’
806 1816 882 1878 όλων
917 1818 1079 1899 μεμιγμένα
1110 1815 1173 1878 κατ’
1201 1815 1306 1882 αύτούς
1329 1819 1509 1901 χωρίζεσθαι

206 1935 237 1983 15
256 1915 406 1981 δύνασθαι.
443 1914 485 1979 ἔτι
508 1915 550 1996 δέ,
573 1918 599 1980 εἰ
621 1918 732 1999 ἀνάγκη
756 1919 808 2000 μὲν
830 1918 866 1980 τὰ
890 1918 1052 2001 κεκραμένα
1076 1917 1112 1980 δι’
1140 1918 1216 1980 όλων
1240 1919 1395 2003 μεμῖχθαι,
1418 1921 1454 1983 τὰ
1475 1921 1507 1983 δὲ

257 2016 294 2081 δι’
322 2017 398 2081 όλων
421 2019 584 2102 μεμιγμένα
606 2021 744 2082 ἀδύνατον
769 2020 1040 2103 μὴ’συγκεχύσθαι,
1068 2020 1103 2080 τὰ
1127 2020 1158 2082 δέ
1182 2023 1386 2106 συγκεχυμένα
1407 2045 1439 2085 τε
1461 2025 1509 2085 καὶ
1523 2041 1550 2082 ιε

257 2119 479 2205 συνεφθαρμένα
500 2122 559 2205 ούχ
581 2119 641 2184 οίόν
664 2143 695 2183 τε
718 2119 791 2183 αὐτὰ
815 2121 975 2195 σώζεσθαι,
998 2119 1059 2183 οὐδ’
1089 2121 1123 2183 ἂν
1147 2121 1219 2190 ἕξεις
1241 2125 1380 2193 σιύζοιντο
1402 2125 1508 2197 αὐτῶν,

256 2222 338 2305 εἴγε
358 2221 389 2285 ἓν
412 2222 464 2303 μέν
487 2246 514 2286 τι
536 2225 569 2286 τδ
590 2225 706 2306 γεγονός
739 2224 852 2287 ἐκτῶν
875 2223 1100 2307 συγκεχυμένων
1123 2226 1223 2286 τεκαὶ
1250 2227 1506 2311 συνεφθαρμένων.

258 2325 368 2410 ἀνάγκη
391 2326 424 2389 δὲ
444 2328 477 2389 τδ
499 2325 531 2388 ἓν
555 2330 642 2409 σῶμα
664 2327 720 2389 ὑπδ
744 2330 821 2407 μιᾶς,
843 2327 884 2394 ὥς
906 2348 1002 2408 φασιν,
1026 2326 1113 2396 ἕξεως
1137 2326 1322 2411 συνέχεσθαι,
1358 2329 1505 2393 ὥστεκαὶ

204 2446 240 2493 ευ
258 2427 331 2492 κατὰ
353 2432 438 2492 τούτο
460 2426 495 2491 ἂν
519 2428 670 2513 ἀχάριστα
692 2429 829 2511 ἀλλήλων
862 2425 908 2509 εἴη
930 2427 967 2490 τὰ
988 2427 1152 2511 κεκραμένα
1180 2426 1242 2492 κατ’
1270 2429 1383 2498 αὐτούς.
1427 2432 1454 2494 εἰ
1475 2432 1549 2497 δέου

258 2530 332 2593 κατὰ
354 2531 406 2612 μέν
427 2529 464 2593 τό
486 2530 629 2612 λεγόμενα
662 2528 710 2593 ὁπ’
739 2529 835 2592 αὐτῶν
858 2531 1011 2613 άχώριστα
1038 2532 1175 2614 ἀλλήλων
1202 2532 1356 2612 ἀναγκαῖον
1378 2532 1449 2595 εἶναι
1472 2534 1508 2596 τὰ

260 2633 421 2716 κεκραμένα
448 2633 498 2715 (ού
520 2632 575 2715 γὰρ
598 2635 634 2716 δὴ
658 2634 719 2696 οίόν
741 2655 774 2696 τε
796 2634 848 2715 τὴν
871 2630 909 2694 δι’
937 2631 1013 2695 όλων
1036 2637 1136 2715 κρᾶσιν
1170 2633 1305 2714 γενέσθαι
1326 2635 1417 2717 χωρὶς
1440 2656 1509 2718 συμ·

259 2735 425 2819 φθάρσεως,
448 2737 600 2820 ἀχάριστα
615 2735 647 2799 δέ
661 2757 747 2818 φασιν
764 2735 836 2798 εἶναι
851 2734 886 2797 τό
903 2736 1153 2819 συνεφθαρμένα),
1176 2736 1291 2819 ὁρῶμεν
1308 2737 1340 2799 δὲ
1355 2735 1402 2799 ἐπ’
1423 2738 1506 2801 ἐνίων

258 2836 453 2921 χωριζόμενα,
486 2840 574 2921 δῆλον
603 2841 643 2907 ὡς
665 2837 718 2900 οόκ
740 2837 775 2900 ἂν
803 2841 823 2920 ἡ
846 2843 945 2921 κρᾶσις
968 2837 1076 2919 γένοιτο
1098 2838 1173 2900 κατὰ
1201 2839 1250 2899 τόν
1273 2836 1322 2899 ὑπ’
1349 2839 1446 2901 αὐτῶν
1469 2840 1508 2902 εἰ·

118 2948 185 3002 VIII
208 2959 242 3008 νο
261 2938 385 3025 ρημένον
407 2938 521 3024 τρόπον.
562 2938 639 3024 Πρός
661 2941 693 3002 δὲ
715 2941 836 3015 τούτοις,
859 2941 886 3003 εί
906 2939 1091 3021 διαιρούντων
1115 2939 1229 3022 άλληλα
1250 2944 1308 3002 τῶν
1331 2940 1509 3024 κιρναμένων
1523 2957 1550 2998 νο

255 3043 274 3125 ἡ
297 3045 399 3125 κρᾶσις
419 3042 524 3124 γίνοιτο
547 3041 610 3123 (διὰ
631 3046 716 3105 τοῦτο
740 3042 794 3125 γὰρ
817 3042 921 3110 ἐντοῖς
938 3042 1070 3123 ύγροῑςη
1087 3047 1187 3125 κρᾶσις
1205 3043 1340 3123 μάλιστα,
1364 3041 1407 3104 ότι
1430 3042 1507 3105 ἐστὶν

255 3143 417 3227 εύδιαίρετα
439 3148 530 3207 ταῦτα
552 3145 599 3207 καὶ
622 3145 729 3227 ῥηιδίως
752 3144 874 3227 θάτερον
897 3143 944 3207 διά
967 3143 1092 3226 θατέρου
1108 3145 1190 3207 δίεισι
1211 3146 1338 3224 διαιροῦν
1360 3143 1443 3217 αύτύ,
1467 3148 1507 3213 ύς

256 3247 358 3329 δρᾶται
380 3248 427 3309 καὶ
449 3247 465 3308 ό
489 3244 565 3314 οἶνος
587 3246 604 3308 ό
625 3247 668 3315 εἰς
688 3248 721 3309 τδ
744 3246 821 3329 ύδωρ
844 3245 1044 3330 έπιχεόμενος,
1067 3248 1236 3330 κιρνάμενος
1258 3245 1365 3328 αύτῷ),
1399 3246 1425 3307 εἰ
1457 3248 1509 3328 μὲν

256 3345 306 3410 ούν
328 3350 492 3433 διαιροῦντα
514 3347 627 3430 ἄλληλα
650 3348 798 3432 ἀδιαίρετα
820 3349 956 3430 ἀλλήλων
981 3348 1145 3410 καταλείπει
1167 3346 1230 3409 τινὰ
1246 3346 1331 3429 μέρη,
1353 3345 1449 3410 οὐκέτ’
1471 3348 1505 3410 ἂν
1519 3366 1548 3407 τυ

168 3514 175 3523 ,
202 3469 238 3517 30
255 3449 302 3535 εἴη
325 3451 421 3526 ἐκεῖνα
442 3450 479 3514 τά
501 3450 575 3533 μέρη
598 3449 761 3534 κεκραμένα
793 3449 899 3532 (ἀμιγῆ
922 3449 977 3532 γὰρ
1000 3451 1048 3512 καὶ
1070 3449 1178 3530 άμικτα
1199 3450 1354 3530 ἀναγκαῖον
1376 3449 1450 3512 εἶναι
1472 3451 1508 3513 τὰ

256 3553 299 3636 μὴ
321 3552 484 3637 διῃρημένα
507 3551 592 3636 μέρη,
615 3550 646 3615 εί
664 3575 697 3634 γε
720 3576 739 3634 η
762 3556 862 3634 κρᾶσις
889 3552 938 3614 καί
961 3553 980 3634 ἡ
1003 3550 1066 3614 κατ’
1094 3550 1184 3634 αὐτὴν
1208 3550 1281 3630 μῖξις
1306 3552 1309 3633 γ
1334 3551 1407 3613 κατὰ
1429 3553 1482 3635 τὴν
1506 3560 1561 3615 602

256 3655 390 3738 διαίρεσιν
412 3656 518 3737 γίνεται
542 3655 590 3717 καλ
610 3654 718 3736 ταύτην
740 3652 807 3737 όρον
830 3652 908 3738 ἔχει·
942 3654 1019 3716 οὕτω
1035 3677 1065 3715 τε
1086 3655 1170 3715 πάλιν
1192 3653 1316 3734 γίγνοιτο
1340 3653 1374 3717 ἂν
1396 3679 1415 3736 η
1439 3659 1507 3738 κρᾶ-

258 3768 301 3826 σις
322 3744 466 3840 γινομένη
481 3757 654 3841 παραθέσει,
676 3755 737 3818 ἀλλ’
766 3756 823 3840 ούχ
845 3755 921 3818 όλων
944 3757 1080 3839 ἀλλήλων
1103 3754 1140 3817 δι’
1160 3753 1229 3817 ύλου
1245 3761 1302 3818 τῶν
1319 3756 1504 3839 κεκραμένων

255 3858 439 3942 διηκόντων),
466 3858 493 3930 εί
514 3859 548 3921 δὲ
570 3858 661 3940 μηδὲν
683 3857 842 3941 ἀδιαίρετον
865 3853 1001 3939 ἀλλήλων
1025 3857 1055 3919 έν
1076 3861 1115 3939 τη
1139 3858 1240 3938 κράσει
1256 3858 1504 3933 καταλελοίπασιν,

203 3979 238 4029 35
255 3958 302 4045 εἴη
325 3958 360 4024 ἂν
382 3961 478 4044 πάντ-η
500 3959 661 4044 διηρημένα
684 3961 732 4022 καὶ
754 3958 808 4022 οὐκ
830 3958 871 4027 εἰς
894 3959 979 4043 μέρη,
1002 3957 1062 4021 ἀλλ’
1088 3958 1129 4026 είς
1152 3959 1304 4042 διαιρέσεις
1326 3960 1438 4044 ητομὴ
1460 3984 1504 4043 γε·
1532 3979 1546 4019 ο

254 4068 365 4146 γονυῖα,
388 4062 469 4146 εἴγε
491 4062 581 4147 μηδὲν
604 4061 700 4126 αὐτῶν
724 4063 823 4145 μόριον
846 4062 924 4146 παρὰ
946 4062 999 4145 τὴν
1023 4062 1159 4145 διαίρεσιν
1182 4061 1413 4126 καταλέλειπται.
1458 4064 1505 4125 καὶ

203 4283 319 4352 θμύριον
332 4283 395 4356 έχτι]
408 4283 461 4356 έχιι
473 4283 560 4354 μόριον
573 4287 607 4338 Rz
621 4285 689 4357 ἔχειν
702 4285 817 4354 μόριονε
888 4283 1062 4352 ύὴίὶμυευ.
1076 4283 1137 4348 τεο.)
1152 4300 1178 4334 ει
1192 4301 1216 4334 τι
1229 4282 1273 4334 τοί.
1344 4282 1410 4335 ὥστε
1420 4284 1561 4352 Αρείίιὼς

201 4370 289 4424 &libri
360 4369 613 4439 όθΔμεΙίιοὶλίδτί
679 4371 921 4441 θπιριγραφὴνίίεε
936 4371 1110 4440 περιγραμμὴν
1123 4371 1168 4422 rel.
1232 4387 1259 4420 τε
1273 4384 1352 4421 σακε
1421 4371 1559 4441 Ιθτούτφ]

201 4461 306 4511 τούτου
380 4457 848 4528 14ααίοτδούθ.δλθειδη1ύο1ετ
927 4456 957 4508 17
972 4455 997 4516 έξ
1010 4457 1114 4514 ιίςΑΒ1
1190 4456 1220 4508 18
1233 4473 1260 4507 τε
1273 4460 1373 4509 ουκθε
1447 4458 1477 4509 19
1492 4461 1560 4511 συνί-

201 4542 290 4618 χτσθαι
301 4545 390 4612 Δμελιτ
403 4544 548 4599 συναλίσθαι
559 4543 715 4617 (συνελέχθαι
724 4548 758 4609 Β)
770 4545 829 4598 libri
886 4545 927 4596 καὶ
939 4559 989 4596 om.
1001 4544 1082 4596 {dolor
1136 4543 1170 4595 20
1182 4545 1213 4596 τὰ
1225 4559 1274 4595 om.
1287 4545 1367 4597 ΙάεΙοτ
1420 4544 1453 4596 θῖ
1471 4545 1560 4616 ούγδρ

201 4631 233 4702 δὴ
252 4633 360 4699 scripsi:
379 4631 401 4685 εί
418 4633 465 4703 γάρ
483 4633 519 4702 μὴ
537 4633 597 4687 libri
663 4632 696 4686 23
719 4633 807 4685 ένίνων
826 4651 842 4684 a
904 4631 937 4685 ‘25
956 4632 977 4683 εί
996 4630 1120 4700 Ιάείοιιη
1141 4631 1199 4683 libri
1260 4630 1292 4682 27
1312 4631 1352 4683 διὰ
1371 4648 1421 4684 om.
1440 4633 1522 4684 ldeler

201 4718 355 4777 αότὸςὶδε,
393 4719 428 4772 28
445 4720 608 4793 έπικιόμενος
621 4724 660 4774 Ra
725 4720 759 4773 29
772 4719 1020 4791 διαιρούνταΟΡΒδι
1040 4718 1147 4789 διαιροῦν
1160 4719 1266 4770 τάΑΒε
1331 4718 1456 4789 ἀδιαίρετα
1466 4719 1558 4770 {dolen

200 4804 314 4878 διαιρετὰ,
328 4805 389 4860 libri
454 4806 488 4859 32
506 4806 623 4877 γίγνοιτο]
637 4809 749 4877 φαίνοιτο
762 4808 891 4861 Schwartz
957 4804 991 4858 33
1009 4805 1228 4875 γενομένηΒΟΡὸ
1295 4805 1337 4858 35.
1350 4805 1384 4858 36
1403 4805 1498 4875 ητομη
1519 4825 1560 4876 γι·

201 4901 288 4962 γσνυία
298 4895 381 4946 ABG:
400 4895 417 4965 ἡ
429 4893 459 4948 τό
478 4895 514 4965 μὴ
532 4902 645 4965 γεγονυῖα
658 4897 713 4949 PS:
732 4895 748 4964 η
767 4896 803 4964 μη
821 4901 935 4965 γεγονυῖα
949 4896 998 4946 Ra:
1019 4906 1069 4943 om·
1083 4889 1163 4942 [deler
1226 4893 1258 4946 36
1278 4893 1344 4962 παρέ
1356 4898 1392 4944 A:
1411 4893 1466 4962 περὶ
1485 4894 1529 4946 rel.
