3540 5610
653 332 710 402 [υιι
732 333 843 387 Αυιιιλ
866 333 968 386 υιυειι
989 332 1116 402 ALTER]
1501 331 1562 397 185

260 506 447 591 ραβασθῆναι
470 508 511 590 μὴ
534 508 701 589 δυνάμενον.
745 507 819 570 ἀλλά
842 508 898 590 μὴν
927 507 1109 589 ὁμολογεῖται
1138 508 1231 570 πάντα
1257 505 1293 568 τὸ
1315 503 1383 569 καθ’
1412 505 1508 588 εἱμαρ-

260 608 350 692 μένην
371 609 526 692 γιγνόμενα
548 610 622 672 κατὰ
644 610 720 678 τάξιν
743 611 791 672 καὶ
820 611 995 672 ἀκολουθίαν
1017 610 1167 693 γίγνεσθαί
1187 631 1248 672 τινα
1275 608 1323 671 καί
1350 632 1375 670 τι
1404 607 1509 691 ἐφεξῆς

258 708 340 795 ἔχειν
363 711 394 774 ἐν
417 712 526 781 αὐτοῖς.
569 713 603 775 οὐ
629 712 683 797 γάρ
711 713 747 796 δὴ
774 717 834 782 τοῖς
861 714 918 776 ἀπὸ
946 715 1038 799 τύχης
1065 712 1152 795 ύμοια
1176 712 1213 775 τά
1239 718 1290 796 τῆς
1317 710 1506 795 εἱμαρμένης·

258 813 358 876 ἐκεῖνα
381 816 433 897 μὲν
455 815 510 900 γάρ
533 815 645 878 ἀστατά
664 839 696 877 τε
724 817 772 878 καὶ
795 816 921 884 σπανίως
947 816 1099 899 γιγνόμενα
1126 816 1174 878 καὶ
1198 816 1304 900 σχεδὸν
1327 814 1448 887 ἀναίτια,
1475 813 1508 874 τὸ

227 916 292 978 σδὲ
316 915 384 979 καθ’
405 917 582 1002 εἱμαρμένην
605 922 662 980 πᾶν
677 917 853 981 τούναντίον·
887 920 986 1002 εἱρμὸν
1008 924 1075 1001 γοῦν
1099 920 1196 981 αἰτίων
1216 917 1306 1000 αὐτήν
1322 937 1409 1001 φασιν
1426 915 1508 978 εἶναι.

258 1018 326 1082 ἀλλ’
354 1020 422 1083 οὐδὲ
443 1024 486 1106 τῷ
509 1020 768 1104 κατὰπροαίρεσιν
791 1022 894 1084 ταῦτὸν
917 1024 935 1105 ἡ
956 1021 1116 1106 εἱμαρμένη
1140 1023 1221 1085 δοκεῖ
1241 1020 1326 1084 εἶναι·
1361 1018 1549 1082 διακύπτε-ῠθ

257 1122 330 1186 σθαι
351 1123 406 1207 γὰρ
428 1126 461 1216 τὸ
484 1125 604 1209 συνεχὲς
625 1124 715 1207 αὐτῆς
737 1123 787 1207 ὑφ’
808 1126 893 1207 ημῶν
916 1127 963 1188 καὶ
985 1131 1037 1208 τῆς
1059 1124 1202 1208 ἡμετέρας
1224 1122 1420 1207 προαιρέσεως
1442 1125 1508 1184 πολ-

256 1226 350 1293 λάκις.
395 1225 471 1288 ἀλλά
493 1228 550 1309 μὴν
577 1226 608 1289 ἐν
634 1230 694 1294 τοῖς
714 1231 845 1310 γενητοῖς
870 1252 902 1290 τε
928 1229 976 1291 καὶ
1002 1229 1142 1312 φθαρτοῖς
1167 1231 1258 1289 ταῦτα
1288 1228 1403 1310 δρῶμεν
1431 1224 1507 1288 αἴτια

256 1328 340 1412 παρὰ
361 1329 414 1412 τὴν
436 1334 605 1393 συνιστάσαν
628 1329 712 1412 φύσιν
735 1328 809 1392 αὐτὰ
830 1331 879 1393 καὶ
901 1332 1140 1414 δημιουργοῦσαν,
1163 1329 1328 1413 προαίρεσίν
1352 1352 1382 1390 τε
1404 1330 1452 1390 καὶ
1474 1328 1506 1389 τὸ

211 1447 242 1491 10
257 1431 424 1515 αὐτόματον
447 1433 495 1495 καὶ
517 1432 569 1516 τὴν
593 1432 685 1516 τύχην
706 1431 756 1513 (ού
777 1432 832 1516 γάρ
855 1433 885 1495 έν
908 1434 1018 1502 τούτοις
1039 1434 1072 1495 τὸ
1095 1433 1169 1496 κατὰ
1191 1431 1321 1516 τέχνην),
1350 1433 1390 1493 ὧν
1413 1431 1508 1493 οῦδενὶ

255 1535 362 1598 ταῦτὸν
385 1535 418 1597 τὸ
440 1540 492 1618 τῆς
513 1535 691 1618 εἱμαρμένης
709 1522 790 1597 εἶναι
813 1537 901 1598 δοκεῖ.
945 1536 1073 1599 λείπεται
1095 1535 1152 1620 ἀρα
1181 1537 1233 1617 τὴν
1256 1534 1433 1618 εἱμαρμένην
1456 1557 1507 1616 μη·

256 1639 309 1700 δέν
331 1637 403 1701 ἀλλο
426 1637 445 1720 ἢ
468 1638 520 1720 τὴν
543 1638 649 1700 οἰκείαν
672 1637 744 1700 εἶναι
766 1639 851 1720 φύσιν
874 1639 1008 1702 ἑκάστου.
1046 1639 1079 1701 ού
1101 1639 1156 1722 γάρ
1179 1639 1215 1720 δὴ
1239 1638 1268 1699 έν
1291 1642 1334 1722 τῷ
1358 1637 1486 1700 καθόλου
1507 1651 1559 1696 ιυνι

256 1742 308 1803 καὶ
329 1747 419 1825 κοινῷ
443 1741 476 1802 τὸ
498 1745 550 1824 τῆς
572 1741 758 1824 εἱμαρμένης,
781 1741 841 1803 οἱον
865 1742 965 1809 ἁπλῶς
988 1740 1083 1825 ζῴων,
1110 1742 1285 1825 ἀνθρώπων,
1308 1738 1367 1801 ἀλλ’
1396 1739 1508 1808 ἐντοῖς

256 1842 328 1905 καθ’
357 1843 475 1917 έκαστα,
502 1842 647 1926 Σωκράτη
670 1867 701 1905 τε
723 1843 771 1906 καὶ
793 1840 914 1926 Καλλίᾳ.
960 1843 990 1904 ἐν
1013 1845 1045 1906 δὲ
1067 1844 1178 1911 τούτοις
1200 1845 1218 1926 ἡ
1243 1844 1301 1905 ἱδία
1321 1843 1405 1926 φύσις
1428 1843 1507 1926 ἀρχὴ

211 1962 241 2005 15
255 1947 306 2007 καὶ
329 1947 415 2020 αἰτία,
438 1947 536 2008 τοιάδε
558 1942 641 2018 ούσα,
664 1950 716 2026 τῆς
737 1945 811 2007 κατά
833 1950 923 2008 ταῦτα
943 1945 1112 2030 γιγνομένης
1133 1946 1251 2015 τάξεως.
1296 1947 1354 2008 ἀπὸ
1376 1946 1429 2028 γάρ
1444 1946 1508 2007 ταύ-

256 2073 312 2132 της
327 2051 368 2116 ὡς
387 2048 435 2110 ἐπὶ
457 2049 490 2111 τὸ
513 2053 569 2110 πᾶν
592 2048 639 2109 καὶ
662 2049 689 2109 οἱ
713 2047 768 2132 βίοι
791 2049 838 2110 καὶ
860 2050 889 2111 αἱ
912 2055 969 2111 τῶν
986 2049 1055 2134 βίων
1078 2050 1218 2132 γίγνονται
1240 2049 1444 2132 καταστροφαί,
1468 2049 1509 2132 μὴ

256 2152 489 2235 ἐμποδισθείσης
516 2149 572 2213 ύπό
594 2173 689 2213 τινων.
735 2152 849 2233 δρῶμεν
876 2153 941 2236 γάρ,
968 2150 1012 2213 ότι
1039 2152 1086 2214 καὶ
1111 2152 1144 2213 τὸ
1175 2155 1261 2233 σῶμα
1276 2157 1328 2236 ’τῷ
1351 2151 1462 2214 τοιόνδε
1488 2152 1507 2233 ἢ

256 2253 371 2316 τοιόνδε
394 2255 566 2338 ἐκφύσεως
588 2253 661 2316 εἶναι
684 2253 731 2315 καὶ
753 2253 784 2315 ἐν
806 2253 902 2321 νόσοις
923 2254 1046 2335 γίγνεται
1068 2255 1115 2317 καὶ
1138 2253 1168 2315 ἐν
1184 2255 1316 2337 φθοραῖς,
1339 2253 1510 2322 ἀκολούθως
1536 2270 1550 2312 ι

256 2362 297 2439 τῇ
326 2361 437 2441 φυσικηῖΙ
471 2359 616 2420 συστάσει.
661 2356 695 2420 ού
723 2357 779 2440 μὴν
809 2356 840 2425 ἐξ
867 2356 1008 2440 ἀνάγκης·
1042 2357 1135 2419 ἱκαναὶ
1161 2358 1215 2442 γάρ
1243 2357 1396 2441 ἐκκροῦσαι
1422 2358 1509 2440 τήνδε

213 2477 243 2521 ’.ιι
257 2463 312 2544 τὴν
335 2460 413 2530 τάξιν
437 2459 602 2542 ἐπιμέλειαί
620 2484 652 2522 τε
675 2461 722 2522 καὶ
751 2459 845 2543 ἀέρων
873 2459 1032 2541 ὑπαλλαγαὶ
1058 2461 1106 2522 καὶ
1133 2460 1286 2544 πρόσταξις
1314 2461 1433 2544 ἰατρῶν,
1461 2462 1509 2524 καὶ

258 2565 434 2649 συμβουλὶαγ
460 2564 548 2626 θεῶν.
593 2563 667 2625 κατά
693 2563 726 2625 δὲ
752 2563 801 2624 τὸν
827 2561 913 2624 αὐτὸν
940 2561 1046 2646 τρόπον
1074 2564 1121 2625 καὶ
1149 2563 1196 2625 ἐπὶ
1227 2568 1279 2645 τῆς
1306 2568 1403 2647 ψυχῆς
1429 2564 1508 2648 εύροι

256 2691 301 2736 τις
323 2666 358 2729 ἀν
381 2666 459 2751 παρά
481 2666 533 2748 τὴν
556 2666 681 2749 φυσικὴν
696 2665 875 2746 κατασκευὴν
898 2665 1055 2750 διαφόρους
1076 2665 1243 2748 γιγνομένας
1258 2665 1304 2727 καὶ
1322 2664 1374 2733 τάς
1392 2667 1508 2750 πράξεις

257 2771 306 2832 καὶ
329 2769 381 2838 τάς
403 2768 585 2853 προαιρέσεις
607 2769 654 2830 καὶ
677 2768 743 2836 τούς
766 2769 852 2854 βίους.
897 2766 971 2850 ἦθος
992 2769 1048 2852 γάρ
1070 2769 1235 2852 ἀνθρώπων
1257 2768 1331 2831 κατὰ
1352 2769 1401 2831 τὸν
1420 2766 1508 2852 Ἡρά·

258 2876 380 2943 κλειτον,
408 2873 530 2953 δαιμών,
558 2870 689 2933 τουτέστι
716 2871 810 2954 φύσις.
856 2876 896 2940 ὡς
919 2872 966 2933 ἐπὶ
992 2873 1025 2935 τὸ
1052 2875 1184 2934 πλεῖστον
1206 2871 1261 2956 γάρ
1288 2875 1350 2940 ταῖς
1376 2877 1510 2955 φυσικαῖς

215 2992 244 3037 25
259 2979 454 3042 κατασκευαῖς
475 2998 507 3036 τε
530 2975 578 3036 καὶ
594 2973 757 3037 διαθέσεσιν
780 2977 827 3038 καὶ
847 2975 898 3044 τάς
919 2975 1036 3059 πράξεις
1058 2975 1105 3037 καὶ
1124 2974 1191 3042 τοὺς
1210 2974 1288 3058 βίους
1310 2975 1357 3037 καὶ
1380 2973 1431 3043 τάς
1449 2980 1507 3037 τῶν
1523 2991 1549 3034 ιο

259 3081 329 3165 βίων
358 3075 558 3160 καταστροφάς
589 3078 761 3140 ἀκολουθεῖν
788 3077 979 3162 συμβέβηκεν.
1028 3083 1087 3139 τῶν
1116 3077 1166 3159 μὲν
1193 3076 1247 3161 γάρ
1275 3077 1434 3162 ἀψιμάχων
1461 3080 1508 3141 καὶ

259 3181 468 3266 φιλοκινδύνων
490 3179 576 3262 φύσει
599 3178 691 3263 βίαιός
713 3203 755 3248 τις
777 3181 824 3242 καὶ
847 3180 1004 3249 όθάνατος
1027 3183 1067 3250 ὡς
1089 3180 1136 3243 ἐπὶ
1151 3181 1184 3242 τὸ
1200 3183 1344 3255 πλεῖστόν,
1366 3181 1439 3264 αῦτη
1455 3182 1508 3266 γάρ

259 3283 422 3367 εἱμαρμένη
444 3305 476 3344 τε
499 3283 546 3344 καὶ
572 3281 656 3364 φύσις
678 3282 784 3357 αὐτῶν,
811 3287 853 3368 tq]
877 3285 909 3346 δὲ
936 3284 1091 3368 ἀκυλάστιρ
1115 3284 1161 3345 καὶ
1184 3282 1215 3344 ἐν
1242 3283 1360 3363 ἡδοναῖς
1383 3286 1469 3354 ζῶντι
1491 3285 1506 3346 ό

258 3387 289 3449 ἐν
311 3391 374 3454 ταῖς
399 3385 566 3469 ἀκρασίαις·
601 3385 648 3447 καὶ
674 3390 717 3469 τῷ
741 3391 904 3472 καρτερικῷ
927 3389 942 3450 ό
970 3385 1007 3449 δι’
1036 3387 1199 3471 ὑπερβολῆς
1226 3383 1322 3446 πόνων
1350 3385 1397 3446 καλ
1424 3409 1507 3449 κακο-

213 3506 243 3550 30
257 3490 401 3561 παθειῶν,
423 3491 466 3571 τῷ
491 3486 523 3549 δὲ
545 3486 729 3571 ἀνελευθέριμ
752 3488 768 3551 ὸ
791 3488 825 3552 ἐκ
846 3494 899 3573 τῆς
920 3491 985 3574 περὶ
1007 3490 1040 3552 τὸ
1064 3489 1221 3571 ἀδιάφορον
1245 3488 1380 3570 σπουδῆς,
1408 3489 1445 3551 δι’
1473 3490 1508 3572 ἣν

257 3595 306 3656 καὶ
328 3592 475 3655 ἀδικοῦσιν
498 3589 545 3652 καὶ
567 3588 663 3651 αθτῶν
686 3590 874 3675 ὀλιγωροῦσιν
893 3593 943 3655 ’καὶ
966 3596 1100 3655 πονοῦσιν
1124 3591 1197 3673 ὑπὲρ
1218 3591 1271 3673 την
1294 3590 1428 3672 δύναμιν·
1460 3592 1507 3653 διὸ

255 3701 343 3759 τοῦτο
365 3698 433 3776 γοῦν
456 3692 595 3765 εἰώθασιν
621 3692 668 3754 καὶ
692 3691 833 3775 ἐπιλέγειν
855 3697 916 3762 τοῖς
937 3695 1085 3771 τοιούτοις,
1113 3696 1154 3761 ὡς
1176 3693 1262 3760 αὐτὸς
1288 3693 1370 3776 αύτῷ
1392 3694 1506 3776 γέγονεν
1521 3711 1548 3753 ισ

255 3798 348 3866 αῖτιος
379 3800 430 3858 τοῦ
458 3795 595 3858 θανάτυυ.
642 3795 772 3857 τοιούτου
800 3796 832 3858 δὲ
861 3793 942 3864 ὄντος
971 3801 1022 3859 τοῦ
1053 3793 1120 3858 καθ’
1152 3795 1329 3879 εἱμαρμένην
1361 3793 1427 3858 οὔτε
1454 3799 1506 3880 τὴν

257 3900 399 3983 μαντικὴν
426 3897 549 3981 ἐροῦμεν
578 3895 727 3981 ἄχρηστον
754 3895 807 3968 ἔτι,
834 3898 1041 3983 προορωμένην
1067 3922 1099 3961 τε
1125 3898 1158 3960 τὸ
1185 3897 1259 3959 κατά
1285 3899 1369 3982 φύσιν
1397 3899 1506 3983 ἀποβη-

213 4003 381 4084 αισόμενον
414 4001 463 4063 καὶ
490 4000 656 4084 βοηθοῦσαν
684 3999 732 4062 διά
753 4004 805 4062 τοῦ
829 4001 1035 4084 συμβουλεύειν
1057 4024 1089 4063 τε
1114 4002 1161 4063 καὶ
1189 4001 1317 4063 κελεύειν
1340 4001 1507 4064 ἐνίστασθαι

255 4111 294 4190 τῇ
317 4109 371 4188 τῆς
392 4103 510 4187 φύσεως
532 4102 663 4187 χείρονος
685 4103 855 4186 ἀκολουθίᾳ.
900 4101 962 4165 ἀλλ’
991 4101 1053 4167 οὐδ’
1081 4105 1101 4186 ἡ
1124 4109 1176 4188 τῆς
1198 4103 1291 4188 τύχης
1318 4103 1507 4189 ἀναιρεθήσε-

200 4330 322 4387 3αύτοῖς
341 4328 447 4395 scripsi:
466 4324 549 4384 αὐτοῖς
568 4324 678 4377 θΗΟΚε
783 4323 897 4393 5αύτὴν
916 4323 978 4377 εἶναι
995 4324 1108 4395 φασινθ
1213 4325 1285 4394 θεῷ
1304 4327 1386 4380 VHG:
1404 4333 1457 4379 τῶν
1474 4327 1515 4379 Ka

200 4417 217 4470 8
235 4422 363 4486 γεννητοῖς
382 4415 444 4468 clia
540 4415 555 4465 9
574 4418 719 4465 συνιστᾶσαν
738 4413 790 4464 Ka:
809 4417 931 4464 συστᾶσαν
951 4413 1011 4464 VH:
1030 4427 1182 4466 συνιστωσαν
1201 4414 1221 4467 C
1317 4414 1348 4466 12
1367 4413 1439 4483 φύσιν
1458 4414 1519 4466 εἶναι
1537 4415 1559 4466 11

204 4504 235 4557 13
254 4504 366 4556 fortasse
385 4500 452 4571 ζῴῳ,
471 4496 598 4570 ἀνθρώπῳ
703 4501 733 4551 14
752 4496 882 4571 Σωκράτει
902 4501 966 4552 ΗΚυ
1066 4496 1165 4553 Καλλία
1184 4518 1199 4553 a
1302 4502 1333 4555 15
1352 4502 1414 4555 ούσα
1432 4503 1466 4555 V:
1486 4500 1561 4571 ούσης

202 4593 292 4646 HKCa
398 4588 464 4639 κατὰ
481 4590 561 4638 ταῦτα
579 4586 615 4638 H:
633 4587 712 4638 ταυτά
732 4588 782 4640 Va:
800 4585 858 4639 κατ’
880 4586 945 4640 αὸτά
963 4588 987 4639 Κ
1096 4587 1127 4641 19
1146 4588 1242 4646 ἱκανῶς
1259 4590 1300 4641 Ka
1403 4589 1438 4642 20
1455 4588 1561 4660 πρόστα-

202 4678 238 4739 ξις
256 4679 317 4730 vll:
336 4672 467 4748 προστάξις
485 4690 514 4726 a:
532 4671 676 4744 προστάξεις
694 4673 726 4737 K,
747 4673 856 4728 fortasse
875 4679 943 4728 recte
961 4674 993 4727 cf.
1013 4675 1054 4728 Al.
1074 4676 1106 4728 de
1123 4676 1177 4729 fato
1198 4676 1304 4729 164138
1410 4677 1443 4728 ‘24
1462 4675 1491 4727 τὸ
1510 4691 1560 4728 om.

203 4765 282 4818 Orelli
377 4764 410 4815 2ss
429 4761 600 4831 ἀψιμάχωνε
688 4761 722 4812 28
740 4759 824 4812 αύτῶν
843 4762 872 4828 (ἱ.
886 4778 937 4830 mg.
956 4761 1044 4828 αὑτοῦ)
1063 4764 1099 4815 11:
1119 4763 1196 4815 αὐτοῦ
1216 4765 1299 4817 VKCa
1388 4762 1421 4815 29
1439 4763 1483 4814 καὶ
1501 4767 1561 4830 post

203 4852 289 4903 πόνων
308 4866 359 4903 om.
378 4849 419 4902 Ka
511 4849 542 4901 31
564 4848 607 4899 καὶ
624 4855 684 4916 post
701 4848 733 4918 ἣν
752 4864 802 4901 om.
819 4848 898 4902 otoni
991 4847 1075 4903 αύτιῦν
1093 4851 1160 4904 ΚΗυ
1253 4851 1356 4904 31-33
1375 4847 1560 4903 διὸ-θανάτου

203 4939 230 4992 in
249 4954 302 5009 mg.
321 4937 449 5007 supp111
556 4935 590 4988 32
608 4934 679 5007 αύτῷ
696 4937 738 4988 Ka
842 4934 875 4989 35
894 4954 921 4989 τε
940 4937 1029 4991 οιαῦ
