3540 5610
199 276 230 316 vt
780 271 976 326 PRAEFATIO

201 453 274 527 sunt
297 466 426 528 genera.
471 445 585 530 prioris
608 466 648 512 ea
669 453 759 529 sunt,
792 465 876 528 quae
902 445 944 511 ad
971 465 1114 512 normam
1143 443 1404 528 interrogationis
1432 443 1557 527 redegit

201 572 322 644 auctor,
350 564 482 631 alterius
504 584 555 648 ea,
581 565 613 630 in
640 564 754 648 quibus
776 565 934 631 dubitatio
962 565 1047 631 inst-a
1068 564 1345 648 argumentatione
1368 563 1555 649 explicatur.

202 685 349 750 omnibus
371 692 479 750 autem
502 684 564 750 boc
586 685 751 769 proprium
773 692 835 770 est,
862 684 947 766 quod
970 684 1161 751 dubitationi
1187 684 1319 751 additae
1341 692 1415 750 sunt
1437 703 1557 750 causae

201 803 419 875 dubitationis.
465 804 552 886 quod
573 804 656 871 inter
679 802 791 887 prioris
814 804 941 888 generis
964 805 1113 889 exempla
1135 804 1296 871 interdum
1310 803 1357 869 ita
1376 803 1556 869 institutum

202 930 261 1006 est,
294 928 329 988 ut
358 923 571 989 condicionali
599 922 764 989 enuntiato
791 923 871 987 iliud
898 931 1086 1007 exponatur,
1120 944 1256 1008 quocum
1287 921 1401 988 luctari
1429 921 1557 989 videtur

202 1041 378 1127 sententia,
400 1043 442 1108 de
464 1062 528 1125 qua
550 1042 722 1126 quaeritur.
767 1040 861 1107 huius
883 1041 1011 1124 generis
1033 1049 1082 1107 cst
1104 1044 1128 1126 I,
1142 1044 1184 1108 20
1204 1042 1347 1126 (33,24):
1379 1041 1406 1105 ei
1429 1042 1445 1105 ὁ
1469 1041 1556 1112 ὕπνος

202 1162 251 1226 διὰ
273 1163 325 1246 τὴν
347 1166 397 1226 τοῦ
421 1162 574 1247 συμφύτου
597 1164 666 1247 ἡμῖν
689 1162 800 1247 θερμοῦ
823 1161 865 1230 εἰς
890 1161 922 1224 τὸ
945 1161 1024 1230 ἐντός
1046 1162 1285 1246 ἀντιπερίστασιν,
1318 1165 1369 1224 τοῦ
1396 1162 1430 1224 δὲ
1452 1161 1558 1245 ὐέρους

203 1281 438 1366 ἀντιπεριέστηκε
462 1285 571 1365 μᾶλλον
594 1283 627 1346 τὸ
650 1282 759 1366 θερμὸν
782 1280 823 1348 εἰς
844 1282 877 1344 τὸ
900 1278 992 1356 ἐκτός,
1015 1281 1070 1343 διὰ
1091 1281 1124 1344 τί
1145 1286 1196 1346 τοῦ
1219 1282 1323 1367 θέρους
1349 1280 1438 1365 ἐσμὲν
1464 1281 1558 1343 ὕπνον·

202 1404 366 1485 τικώτεροι;
390 1400 436 1486 <ip
458 1401 538 1485 εἴγε
562 1403 578 1466 ὁ
602 1403 688 1472 ὐπνος
709 1402 814 1484 γίνεται
828 1404 872 1486 τῷ
888 1403 948 1463 κτλ
972 1407 1141 1484 praeterea
1159 1401 1202 1485 II,
1214 1404 1244 1467 6.
1257 1402 1286 1467 7.
1299 1402 1330 1468 8.
1343 1402 1374 1466 9.
1419 1399 1559 1485 Saepius

202 1521 485 1604 interrogationem
516 1522 619 1607 ipsam
653 1521 795 1603 sequitur
827 1520 935 1587 brevis
968 1519 1125 1605 expositio
1153 1520 1300 1605 pendens
1328 1520 1515 1604 plerumque
1537 1539 1560 1584 a

202 1640 360 1724 particula
382 1643 437 1726 γάρ
458 1642 507 1726 (δέ
528 1640 600 1724 o1,7
625 1641 674 1704 καί
693 1641 788 1724 63,33
810 1639 841 1705 εἴ
858 1664 891 1724 γε
913 1638 1010 1724 tito),
1037 1660 1101 1723 qua
1128 1639 1308 1706 sententiae
1335 1645 1560 1723 proponuntur

203 1780 244 1825 ex
278 1780 411 1842 quarum
444 1760 627 1826 discrimine
659 1758 794 1825 haereat
826 1757 993 1825 dubitatio.
1043 1759 1124 1825 haec
1151 1757 1253 1824 habes
1280 1760 1339 1842 1,o
1366 1759 1480 1842 (13,9:
1524 1759 1560 1822 εἰ

203 1877 346 1949 αὐξεται
373 1881 406 1944 τὸ
434 1881 617 1962 ὑποκείμενον
644 1885 686 1964 τῷ
719 1878 858 1948 αὔξεσθαι
888 1879 1036 1964 λεγομένῳ
1063 1878 1215 1964 (ὑπομένει
1242 1880 1274 1942 δὲ
1302 1883 1350 1944 καὶ
1375 1881 1395 1963 ἡ
1425 1879 1490 1962 ὕλη,
1523 1877 1559 1941 οὐ

204 1997 291 2082 μόνον
313 1999 346 2061 τὸ
369 1998 459 2069 εἶδος·
484 1998 517 2062 οὐ
539 1998 593 2082 γὰρ
616 2001 653 2082 δὴ
676 2002 755 2062 πᾶσα
777 1999 976 2083 ἀλλάσσεται),
999 1998 1109 2062 διὰτί
1129 1997 1204 2062 κατὰ
1224 1999 1258 2062 τὸ
1280 1997 1357 2068 εἶδος
1372 1999 1470 2083 μόνον,
1493 1997 1553 2062 ἀλλ’

203 2116 271 2202 οὐχὶ
298 2118 345 2181 καὶ
368 2118 441 2183 κατὰ
463 2120 514 2203 τὴν
538 2120 608 2202 ὐλην
631 2121 649 2202 ἡ
673 2116 804 2202 αὐξησις;
831 2116 869 2181 οὐ
891 2119 955 2203 γὰρ
977 2122 1072 2182 πᾶσα
1094 2119 1114 2202 ἡ
1138 2118 1192 2202 ὕλη
1214 2119 1234 2201 ἡ
1257 2117 1287 2181 ἐν
1310 2122 1370 2189 τοῖς
1391 2117 1560 2202 αὐξομένοις

203 2237 389 2316 ἀλλάσσεται,
418 2239 493 2303 ἀλλὰ
521 2239 656 2322 μένοντος
677 2261 751 2307 τινος
773 2237 803 2308 ἐξ
824 2237 915 2322 αὐτῆς
937 2237 1011 2323 ἄλλη
1034 2237 1228 2321 προσγίνεται·
1257 2235 1326 2301 οὐδὲ
1351 2238 1405 2324 γὰρ
1428 2237 1463 2302 ἂν
1486 2237 1562 2302 tce·

204 2359 268 2427 ζετο
291 2358 343 2438 τἠν
366 2359 472 2443 ἀρχήν,
495 2357 556 2422 οὐδ’
586 2357 620 2422 ἂν
642 2360 675 2422 τὸ
696 2358 773 2427 εἶδος
794 2354 893 2440 ἔμενεν
916 2363 968 2441 τῆς
990 2356 1237 2441 προϋπαρχούσης
1261 2358 1339 2442 ὐλης.
1388 2357 1423 2422 οὐ
1450 2358 1505 2442 γὰρ
1530 2357 1560 2422 ἐν

204 2480 248 2559 τῷ
271 2477 380 2559 τοσῇδέ
402 2501 456 2542 τινι
477 2478 550 2542 εἶναι
573 2503 607 2562 τη
627 2478 682 2561 bip
697 2479 730 2541 τὸ
746 2477 818 2541 εἶναι
833 2477 899 2560 ὕλη,
922 2478 1021 2560 ὥσπερ
1044 2475 1164 2558 αὐδὲτῇ
1182 2477 1275 2559 σαρκί.
1319 2476 1339 2561 ἢ
1363 2477 1423 2541 δύο
1447 2475 1561 2540 ὄντων

125 2587 128 2593 ’
203 2596 270 2678 περὶ
291 2597 325 2659 τὸ
347 2596 503 2681 αὐξόμενον
527 2601 612 2660 ποιοῦ
633 2621 665 2660 τε
691 2597 738 2660 καὶ
767 2600 859 2660 ποσοῦ
882 2598 943 2659 κτλ
966 2595 1109 2661 eiusdem
1136 2595 1265 2677 generis
1293 2604 1368 2662 suut
1395 2598 1560 2682 1,6.9.12.

203 2715 297 2799 11,11.
313 2718 362 2781 16.
376 2718 426 2782 20.
450 2716 538 2799 111,4.

288 2834 430 2900 Alterius
445 2835 558 2901 classis
573 2834 757 2919 aporiatum
772 2833 895 2898 initium
912 2840 970 2918 est,
993 2840 1027 2897 ut
1042 2833 1118 2918 dixi,
1142 2833 1258 2922 brevis,
1273 2837 1332 2902 sed
1345 2836 1491 2921 perfecta
1507 2836 1561 2902 ab

207 2955 378 3037 solutaque
399 2954 645 3037 argumentatio,
668 2954 757 3020 cuius
779 2973 903 3019 summa
925 2954 958 3018 id
981 2953 1134 3037 placitum
1156 2961 1215 3039 est,
1237 2956 1279 3022 de
1301 2976 1364 3040 quc
1387 2955 1562 3022 dubitatur.

204 3073 394 3158 Exemplum
422 3074 464 3140 sit
491 3076 542 3158 1,t
574 3074 806 3158 (15,26-31):
849 3076 875 3138 εἰ
901 3081 961 3144 τοῖς
988 3073 1165 3156 κινουμένοις
1195 3079 1281 3139 πᾶσιν
1308 3075 1337 3145 ἐξ
1364 3076 1494 3140 ἐναντίον
1520 3077 1562 3146 εἰς

206 3194 332 3257 ἐναντίον
355 3197 374 3278 ἡ
399 3195 557 3279 μεταβολή,
584 3194 620 3257 τὰ
643 3192 668 3256 δ’
689 3193 833 3277 αὐξόμενα
855 3197 902 3258 καὶ
925 3195 1082 3277 μειοόμενα
1105 3198 1232 3270 κινεῖται,
1255 3193 1302 3279 εἴη
1325 3194 1359 3258 ἂν
1382 3197 1430 3260 καὶ
1452 3196 1562 3266 τούτοις

206 3313 236 3384 ἐξ
258 3314 394 3378 ἐναντίων
417 3317 457 3384 εἰς
479 3314 593 3377 ἐναντία
618 3315 636 3396 ἡ
661 3314 817 3398 μεταβολή.
862 3315 986 3397 γίγνεται
1012 3313 1038 3378 δ’
1065 3313 1164 3383 αὐτοῖς
1190 3316 1210 3398 ἡ
1237 3315 1384 3400 μεταβολὴ
1412 3315 1454 3385 εἰς
1478 3315 1561 3400 μέγε-

206 3434 259 3502 bo<
282 3437 331 3497 καὶ
353 3433 524 3519 μικρότητα·
559 3438 601 3519 τῷ
625 3434 752 3518 μὲνγὰρ
775 3433 925 3519 αὐξομένῳ
948 3435 991 3504 είς
1013 3435 1136 3518 με’γεύος
1163 3436 1183 3517 ἡ
1210 3434 1347 3512 ἐπίδοσις,
1381 3440 1425 3521 τῷ
1449 3437 1482 3499 δὲ
1504 3459 1562 3521 μει-

207 3552 321 3637 ουμένη)
344 3553 386 3622 εἰς
410 3553 568 3638 μικρότητα
591 3556 609 3637 ἡ
633 3555 769 3636 σοστολή.
814 3555 939 3618 ἐναντίον
962 3553 1044 3639 (ἄρα)
1063 3556 1096 3618 τὸ
1120 3554 1193 3638 μέγα
1215 3555 1262 3617 καὶ
1284 3555 1317 3617 τὸ
1341 3554 1453 3640 μικρόν.
1497 3555 1557 3619 ἀλλ’

206 3673 240 3736 οὐ
264 3676 353 3750 δοκεῖ,
377 3676 418 3740 ὡς
441 3673 487 3736 διὰ
510 3675 650 3737 πλειόνων
670 3673 873 3758 Ἀριστοτέλης
895 3675 925 3737 ἐν
947 3676 1129 3759 κατηγορίαις
1151 3672 1265 3743 ἔδειξεν.
1310 3697 1330 3757 η
1353 3674 1421 3761 οὐχ
1442 3677 1563 3746 ἁπλῶς

206 3793 247 3861 εἰς
270 3793 392 3876 μέγεύος
415 3797 462 3857 καὶ
490 3793 647 3878 μικρότητα
679 3794 725 3879 (p)
759 3795 904 3880 μεταβολὴ
939 3799 998 3863 τοῖς
1032 3794 1200 3877 αὐξομένοις
1233 3817 1265 3856 τε
1295 3795 1344 3858 καὶ
1372 3797 1562 3880 μειουμένοις.

206 3912 379 3978 Praeterea
401 3933 441 3978 ex
465 3913 525 3978 hoo
547 3933 665 3996 genere
692 3920 765 3979 sunt
786 3904 934 3996 wl,i3.10.
955 3915 1004 3979 15.
1026 3915 1077 3978 22.
1098 3913 1148 3977 23.
1171 3912 1222 3977 26.
1254 3911 1307 3997 (cf.
1331 3934 1361 3997 p.
1379 3915 1450 4000 VII,
1472 3915 1564 4002 adn.)

207 4033 248 4117 11,
260 4034 290 4097 4.
307 4034 337 4097 5.
351 4033 400 4097 19.
423 4032 481 4115 111,
494 4034 524 4099 5.

292 4151 485 4217 Dubitanter
505 4151 555 4217 bis
576 4151 717 4233 adiungo
733 4152 774 4234 II,
783 4152 834 4235 28,
857 4153 917 4217 etsi
934 4161 1068 4219 externa
1087 4152 1195 4237 specie
1215 4153 1466 4219 commendatur.
1512 4154 1565 4220 de

209 4272 368 4337 sideratur
394 4278 501 4336 autem
524 4278 600 4337 ante
622 4273 641 4355 ἢ
664 4270 710 4355 εἴη
733 4271 838 4354 (tao)
865 4272 936 4355 ipsa
962 4272 1171 4338 dubitationis
1200 4272 1366 4357 expositio.
1411 4291 1454 4337 an
1481 4273 1564 4339 exci-

209 4391 325 4456 derunt
347 4397 420 4473 ptest
443 4391 635 4475 explicatam
661 4392 744 4457 inter
774 4392 912 4476 speciem
940 4401 972 4458 et
999 4394 1166 4460 materiam
1197 4390 1437 4458 similitudinem
1460 4412 1565 4476 pauca

208 4510 324 4586 verba,
357 4509 470 4593 quibus
497 4510 538 4576 de
561 4511 741 4576 differentia
769 4532 878 4577 earum
901 4512 1130 4578 dubitabatur?
1164 4513 1238 4578 talis
1258 4512 1343 4578 enim
1367 4511 1564 4596 quaestionis

210 4649 398 4712 responsum
420 4629 496 4695 inde
515 4649 535 4694 a
551 4632 621 4714 tat
646 4631 769 4713 legitur.
804 4632 942 4715 deniquo
965 4634 1006 4716 ΙΙ,
1017 4635 1056 4697 14
1080 4633 1140 4697 huc
1163 4631 1311 4716 pertinet,
1338 4631 1398 4697 etsi
1415 4652 1500 4698 nunc
1514 4653 1566 4698 so-

209 4748 301 4831 lutio,
324 4769 388 4813 non
411 4748 619 4814 dubitationis
642 4750 823 4814 constitutio
847 4758 942 4834 caput
964 4751 1074 4835 incipit
1096 4751 1212 4837 (eat).
1256 4750 1393 4816 fortasse
1416 4752 1501 4819 enim
1524 4772 1566 4819 ea

208 4867 318 4952 verba,
342 4888 425 4956 quae
447 4889 531 4937 nunc
554 4869 668 4955 capitis
690 4869 817 4936 rubrum
844 4890 916 4936 csso
938 4870 1096 4954 videntur,
1120 4871 1195 4936 olim
1219 4869 1288 4936 eius
1302 4869 1427 4937 initium
1449 4871 1566 4938 sorma-
