3540 5610
657 316 714 386 [DE
738 319 847 372 Αυιιικ
870 318 973 372 τιούκ
997 319 1122 389 ALTER]
1507 321 1563 385 121

265 490 345 575 μένῳ
371 491 448 572 λέγει
473 491 546 555 εἶναι
571 492 602 555 ἐν
629 495 672 576 τῷ
700 491 825 575 δευτέρῳ
852 497 905 575 τῆς
931 491 1064 573 Φυσικῆς
1087 489 1282 575 Ἀκροάσεως.
1328 492 1515 573 ὑποκείμενον

262 595 318 677 γάρ
341 595 435 657 τεκαὶ
457 595 487 658 ἐν
510 594 692 679 ὑποκειμένῳ
715 595 791 657 ἐστὶν
814 596 833 678 ἡ
857 594 941 678 φύσις
965 594 1020 655 ἀεί.
1054 593 1130 676 λέγει
1153 595 1186 656 δὲ
1208 596 1256 657 καὶ
1279 595 1442 680 ἀρχόμενος
1464 598 1515 657 τοῦ

264 696 401 780 δευτέρου
426 697 497 780 Περὶ
511 704 622 782 ψυχῆς·
641 694 690 760 ιοὐ
706 698 759 780 γάρ
783 697 843 760 ἐστι
862 701 920 758 τῶν
942 695 1010 759 καθ’
1034 696 1223 780 ὑποκειμένου
1246 699 1278 760 τὸ
1301 697 1419 780 σῶμα’,
1441 693 1508 760 καθ’

265 800 457 882 ὑποκειμένου
488 800 539 882 μὲν
566 800 658 882 λέγων
684 801 717 863 τὸ
745 800 774 862 ἐν
802 797 993 883 ὑποκειμένῳ.
1041 799 1132 880 λέγων
1160 800 1192 862 δὲ
1218 801 1251 863 τό
1280 802 1330 883 μὲν
1358 806 1445 882 σῶμα
1473 799 1514 883 μὴ
1541 815 1555 857 ὐ

235 900 339 965 σεῖναι
361 906 503 977 τοιοῦτον,
525 902 576 986 τὴν
599 903 632 965 δὲ
653 904 770 987 ψυχήν,
793 902 812 985 ἢ
835 901 951 964 δόναται
973 899 1041 964 καθ’
1070 902 1258 984 ὑποκειμένου
1281 903 1315 966 οὐ
1338 905 1370 967 τὸ
1394 904 1424 967 ἐν
1447 904 1514 966 ὐπο-

263 1006 391 1090 κειμένῳ
413 1006 505 1088 λέγειν
523 1009 587 1081 νῦν,
611 1002 670 1068 ἀλλ’
699 1004 715 1067 δ
738 1007 829 1068 δεῖται
850 1005 921 1089 πρὸς
943 1004 976 1066 τὸ
992 1003 1073 1081 εἶναιΙ
1087 1005 1278 1089 ὑποκειμένου
1301 1005 1385 1075 τινός.
1423 1005 1515 1074 οὕτως

265 1107 299 1170 δὲ
321 1106 384 1194 ἔχει
407 1109 456 1171 καὶ
477 1109 510 1171 τὸ
532 1107 609 1177 εἶδος
636 1108 669 1170 τὸ
691 1109 721 1171 ἐν
743 1112 782 1191 τη
806 1108 872 1190 ὕλη.
917 1105 961 1169 ότι
983 1107 1069 1170 δὲτὸ
1092 1107 1168 1177 εἶδος
1190 1109 1296 1185 οότως,
1324 1109 1457 1172 ἐντεῦθεν
1480 1106 1514 1170 ἀν

265 1234 306 1279 τις
328 1210 474 1280 ἐπιδείξαι.
518 1211 543 1272 εἰ
564 1211 598 1272 τὸ
624 1209 701 1280 εἶδος
723 1216 824 1299 σῶμα,
855 1209 919 1294 ἤτοι
940 1211 1032 1295 χωρὶς
1058 1209 1152 1279 είδους
1180 1208 1259 1276 ἔσται
1281 1211 1366 1286 αὐτό,
1393 1212 1412 1295 ἢ
1439 1210 1515 1279 εἶδος

265 1312 323 1382 ἕξει
346 1315 379 1378 τὸ
402 1317 489 1394 σῶμα
511 1317 604 1376 τοῦτο.
642 1312 668 1375 εἰ
691 1313 742 1397 μὲν
765 1311 814 1376 οὐν
837 1313 928 1398 χωρίς
951 1312 1055 1389 εἴδους,
1079 1315 1133 1397 όλη
1156 1311 1236 1377 ἔσται
1259 1315 1291 1376 τὸ
1314 1313 1399 1383 εἶδος.
1433 1315 1459 1376 εί
1481 1315 1514 1377 δὲ

223 1431 251 1475 ιο
264 1415 341 1486 εἶδος
363 1416 420 1486 ἕξει
443 1418 476 1480 τὸ
498 1415 589 1492 εἶδος,
614 1416 708 1478 ἐκεῖνο
731 1414 795 1499 ἤτοι
818 1416 865 1478 καὶ
887 1415 958 1478 αὐτὸ
981 1421 1068 1500 σῶμα
1090 1414 1185 1491 ἔσται,
1208 1417 1256 1479 καὶ
1279 1417 1295 1480 ό
1317 1417 1405 1485 αὐτὸς
1427 1418 1511 1479 πάλιν

263 1516 310 1580 ἐπ’
338 1519 449 1583 ἐκείνου
471 1517 564 1601 λόγος,
589 1518 619 1602 ἤ,
642 1518 668 1582 εί
688 1518 854 1601 ἀσώματον,
877 1515 957 1582 ἔσται
980 1520 1027 1582 καὶ
1050 1520 1082 1582 τὸ
1105 1525 1218 1602 πρῶτον
1240 1519 1413 1602 εἰλημμένον
1436 1519 1511 1590 εἶδος
1528 1538 1554 1578 ιο

267 1621 433 1701 ἀσώματον.
471 1620 523 1698 ἔτι,
545 1622 571 1685 εἰ
593 1623 626 1685 τὸ
640 1621 716 1690 εἶδος
738 1622 840 1697 ἐκεῖνο,
864 1620 931 1706 δῆν
954 1626 1052 1705 σῶμα,
1075 1621 1150 1690 είδος
1165 1621 1232 1697 έξει,
1255 1623 1287 1684 τὸ
1310 1621 1386 1692 εἶδος
1409 1623 1512 1698 ἐκεῖνο,

265 1723 334 1787 καθ’
361 1724 378 1788 ὃ
402 1725 434 1788 τὸ
457 1725 621 1809 σωματικὸν
649 1723 725 1793 εἶδος
746 1726 842 1809 ψυχή,
873 1725 891 1807 ἢ
919 1725 1074 1808 ἀσώματον
1102 1726 1120 1810 ἢ
1144 1729 1230 1807 σῶμα
1256 1723 1345 1789 ἔσται.
1390 1726 1415 1788 εἰ
1437 1726 1514 1789 ἀσώ·

265 1850 371 1909 ματον,
399 1829 432 1890 τὸ
455 1829 487 1890 δὲ
509 1832 591 1912 ψυχῇ
616 1827 688 1890 εἶναι
710 1827 784 1890 κατὰ
809 1828 842 1890 τὸ
865 1826 942 1895 εἶδος
970 1828 1048 1913 εἶχεν
1070 1829 1103 1890 τὸ
1127 1832 1229 1912 σῶμα,
1256 1826 1337 1892 ἔσται
1359 1829 1514 1912 ἀσώματος

226 1930 287 2012 τοίη
311 1932 405 2015 ψυχή.
450 1933 476 1993 εἰ
498 1932 530 1994 δὲ
552 1931 599 1993 καὶ
622 1934 706 1993 τοῦτο
729 1935 829 2013 σῶμα,
853 1928 898 1992 ἐπ’
926 1930 1042 2014 ἄπειρον
1065 1932 1081 1994 ό
1104 1929 1187 2014 λόγος
1209 1920 1423 2016 προελεύσεται.
1468 1933 1515 1996 διὰ

261 2036 290 2097 τί
317 2035 349 2097 δὲ
375 2037 394 2118 ἡ
423 2024 505 2119 ψυχδγ
537 2033 702 2118 ἐντελέχεια
733 2030 806 2096 οὐσα
833 2033 932 2114 οὐσία;
967 2034 985 2117 ἦ
1019 2035 1133 2096 πάντων
1160 2039 1217 2098 τῶν
1249 2038 1379 2119 φυσικῶν
1407 2035 1513 2099 οὐσιῶν

262 2139 346 2201 ἅτινα
368 2139 474 2221 κυρίως
497 2136 600 2200 οὐσίαι.
645 2137 692 2200 καὶ
713 2136 768 2220 γὰρ
790 2135 825 2198 τὰ
848 2137 974 2221 τεχνητὰ
1000 2136 1094 2200 οὐσίαι
1116 2137 1150 2200 οὐ
1173 2138 1248 2201 καθὸ
1271 2140 1411 2223 τεχνητοί,
1438 2138 1513 2201 ἀλλὰ

261 2241 338 2305 καθὸ
362 2240 510 2304 ὑπόκειται
533 2239 630 2308 αὐτοῖς
655 2238 763 2323 φυσικὰ
786 2241 922 2321 σώματα·
957 2245 1014 2302 τῶν
1037 2241 1073 2323 δὴ
1096 2240 1180 2325 φύσει
1205 2239 1294 2305 όντων
1321 2241 1356 2303 τά
1378 2239 1441 2326 είδη
1465 2242 1512 2305 καὶ

260 2346 292 2406 αἱ
320 2344 496 2430 ἐντελέχειαι
523 2342 631 2418 οὐσίαι,
658 2342 736 2406 καθά
762 2342 837 2406 ἐστιν
866 2342 985 2406 ἕκαστον
1008 2342 1104 2406 αὐτῶν
1127 2342 1193 2407 τόδε
1215 2368 1255 2418 τι,
1282 2344 1342 2407 οἷον
1364 2350 1417 2429 γῆ,
1445 2349 1527 2428 πῶμ’

213 2463 246 2507 ευ
260 2447 311 2509 καὶ
333 2447 365 2509 τὸ
389 2451 465 2535 ζῷον
489 2447 521 2509 δὲ
542 2445 650 2529 φυσικὴ
675 2443 758 2507 οὐσία
780 2446 828 2507 κοιλ
851 2443 926 2508 ἔστιν
948 2445 1024 2514 εἶδος
1045 2445 1135 2509 αὐτοῦ
1159 2448 1207 2510 καὶ
1229 2447 1409 2532 ἐντελέχεια,
1435 2448 1511 2512 καθὸ
1527 2464 1553 2506 1ο

261 2554 351 2635 ζῷον,
374 2550 503 2634 ηψυχη.
537 2547 622 2610 οὐσία
644 2547 701 2632 ἀρα
724 2547 770 2609 καὶ
787 2548 870 2632 αὕτη.
908 2547 938 2617 ἐξ
961 2548 1067 2611 οὐσιῶν
1090 2549 1143 2634 γὰρ
1166 2551 1196 2613 αἱ
1213 2548 1316 2614 οὐσίαι.
1350 2551 1384 2613 ἐκ
1398 2552 1452 2635 γὰρ
1470 2553 1510 2636 μὴ

257 2652 367 2716 οὐσιῶν
392 2651 444 2715 οὐκ
468 2650 502 2714 ἀν
525 2649 609 2714 οὐσία
625 2649 745 2732 γένοιτο.
780 2652 856 2714 ὥστε
878 2651 942 2714 ἐπεὶ
957 2652 987 2721 ἐξ
1010 2652 1080 2734 ὕλης
1103 2652 1150 2714 καὶ
1167 2651 1261 2723 εἴδους
1283 2654 1312 2716 αἱ
1333 2656 1450 2738 φυσικαὶ
1466 2655 1511 2718 οὐ·

260 2756 332 2827 σίαι,
353 2757 372 2838 ἡ
390 2755 444 2837 όλη
467 2755 515 2817 καὶ
537 2754 570 2816 τὸ
589 2752 666 2823 εἶδος
688 2753 792 2817 οὐσίαι.
826 2751 867 2815 ἔτι
890 2753 919 2823 ἐξ
942 2755 1013 2839 ὕλης
1035 2755 1083 2817 καὶ
1098 2754 1194 2824 εἴδους
1216 2760 1345 2841 φυσικῶν
1367 2757 1510 2841 ηφυσικίη

259 2848 355 2922 οὐσίαζ
391 2856 420 2926 ἐξ
435 2858 476 2920 ῶν
492 2856 525 2919 δὲ
546 2857 691 2940 ἡφυσικὴ
714 2855 798 2919 οὐσία
818 2857 973 2939 σύγκειται,
996 2856 1091 2922 οὐσίαι
1099 2861 1205 2938 ταῦτα.
1239 2860 1272 2922 τὸ
1294 2859 1371 2928 εἶδος
1393 2858 1449 2942 ἀρα
1464 2860 1512 2923 καὶ

214 2964 279 3045 εοίγ
297 2961 351 3044 όλη
374 2959 493 3045 φυσικαί
510 2957 613 3023 οὐσίαι.
648 2956 690 3022 ἔτι
711 2960 737 3023 εί
752 2959 850 3030 οὐσίας
866 2959 936 3024 ίὸιον
957 2963 989 3025 τὸ
1004 2967 1062 3023 τῶν
1085 2961 1220 3024 ἐναντίων
1235 2962 1314 3046 παρὰ
1338 2962 1423 3046 μέρος
1439 2962 1511 3026 εἶναι

259 3060 402 3138 δεκτικόν,
425 3062 541 3143 δεκτικὴ
565 3062 660 3126 δὲκαὶ
681 3047 801 3148 ἡψυχὴ
823 3068 882 3126 τῶν
899 3065 1033 3127 ἐναντίων
1055 3064 1133 3148 παρὰ
1150 3063 1236 3148 μέρος
1256 3064 1372 3147 (κακίας
1393 3065 1446 3148 γὰρ
1462 3066 1510 3128 καὶ

258 3166 390 3250 ἀρετῆς),
413 3163 459 3248 εἴη
475 3162 510 3226 ἀν
525 3163 619 3228 οὐσία.
653 3171 716 3234 πῶς
732 3164 781 3229 οὐν
797 3166 830 3229 ἐκ
847 3167 898 3249 μὲν
920 3167 960 3250 μὴ
976 3166 1082 3230 οὐσιῶν
1099 3166 1237 3230 ἀδύνατον
1252 3165 1351 3230 οὐσίαν
1365 3168 1510 3250 γενέσθαι,
1524 3185 1552 3228 νυ

258 3270 340 3332 ἐκδὲ
356 3269 520 3351 ἀσωμάτων
544 3272 631 3351 σῶμα
645 3269 764 3350 γίνεται;
787 3266 853 3331 οὐτε
869 3270 921 3353 γὰρ
943 3270 961 3352 ἡ
979 3271 1033 3354 όλη
1050 3275 1145 3354 σῶμα,
1162 3269 1229 3334 οὔτε
1244 3272 1276 3333 τὸ
1292 3271 1378 3346 εἶδος,
1400 3271 1434 3335 ἐκ
1449 3273 1511 3336 τοό·

258 3394 317 3434 των
340 3372 373 3434 τὸ
397 3377 493 3453 σῶμα.
526 3371 545 3454 ἦ
568 3372 594 3433 εί
611 3371 663 3454 μὲν
687 3372 793 3454 ἐγίνετο
809 3378 905 3453 σῶμα,
929 3370 987 3435 ἔδει
1009 3372 1080 3436 αὐτὸ
1100 3374 1133 3437 ἐκ
1151 3374 1191 3457 μὴ
1215 3376 1350 3456 σώματος
1364 3375 1509 3457 γενέσθαι,

215 3492 244 3534 αι
258 3479 316 3539 ιτάν
343 3473 398 3557 γὰρ
420 3474 453 3537 τὸ
475 3473 622 3556 γινόμενον
651 3474 685 3537 ἐκ
706 3478 757 3537 τοῦ
780 3474 975 3557 ἀντικειμένου
1003 3476 1085 3562 αὐτῷ
1108 3476 1222 3558 γίνεται.
1267 3477 1376 3561 ὁμοίως
1398 3478 1461 3552 καί,
1484 3480 1510 3541 εί

257 3578 359 3646 οὐσίας
381 3576 417 3661 ἦν
436 3575 544 3659 γένεσις
566 3577 678 3650 ἁπλῶς,
701 3576 734 3640 ἐκ
758 3577 798 3660 μὴ
822 3576 921 3646 οὐσίας
943 3577 978 3641 ἀν
1001 3579 1117 3661 ἐγίνετο.
1156 3579 1218 3642 ἐπεὶ
1241 3580 1274 3643 δὲ
1295 3579 1378 3643 οὐδὲν
1401 3582 1509 3644 τούτων

258 3682 361 3748 ἁπλῶς
380 3680 501 3760 γίνεται,
518 3678 586 3743 οὐδὲ
608 3703 628 3762 η
655 3679 709 3762 όλη
733 3680 803 3741 ποτὲ
825 3677 899 3763 αὐτὴ
923 3679 990 3744 καθ’
1012 3682 1101 3766 αὐτὴν
1124 3681 1244 3746 οὐδὲτὸ
1267 3681 1343 3752 εἶδος
1363 3681 1431 3746 ὄντα
1448 3685 1510 3768 ίὸίρ

258 3782 439 3847 συνελθόντα
461 3787 548 3865 σῶμα
570 3784 661 3855 ποιεῖ,
693 3781 768 3844 ἀλλὰ
790 3783 902 3866 ἐπινοίη
925 3784 976 3867 μὲν
998 3789 1089 3848 ταῦτα
1111 3785 1281 3870 χωρίζεται,
1311 3787 1356 3849 ἀεὶ
1379 3787 1411 3850 δέ
1433 3787 1509 3850 ἐστιν

256 3888 276 3970 ἡ
305 3887 360 3969 όλη
389 3885 420 3948 ἐν
448 3881 519 3947 εἴδει
546 3884 614 3959 τινί,
642 3885 690 3947 καλ
716 3884 855 3949 οὐδέποτέ
882 3885 974 3959 ἐστιν,
1005 3887 1053 3948 ότε
1079 3888 1171 3971 χωρὶς
1197 3887 1293 3958 εἴδους
1316 3890 1406 3966 ἐστίν,
1435 3892 1454 3974 ψ
1477 3892 1550 3954 δέκα

213 4007 243 4050 ευ
257 3992 369 4073 γένεσις
391 3992 459 4056 τοῖς·
472 3986 629 4070 γινομένοις
652 3985 705 4050 οὐκ
726 3987 756 4056 ἐξ
779 3987 849 4071 όλης
872 3989 974 4057 ἁπλῶς
995 3990 1042 4051 καὶ
1065 3987 1175 4065 είδους,
1201 3991 1276 4053 ἀλλὰ
1298 3990 1331 4054 ἐκ
1353 3995 1437 4056 τοῦδε
1458 4000 1509 4058 τοῦ

203 4231 214 4282 l
236 4229 265 4280 ἐν
281 4231 321 4296 τῷ
340 4226 512 4299 δευτέρῳτῆς
531 4224 643 4297 Φυσικῆς
661 4225 825 4299 Ἀκροάσεως]
845 4231 889 4280 Ατ.
908 4243 979 4281 ausc.
995 4229 1070 4296 phys.
1085 4230 1124 4294 2,1
1150 4231 1256 4284 192b34
1327 4232 1501 4302 θάρχόμενος
1518 4240 1563 4287 τοῦ

200 4316 318 4387 δευτέρου
331 4316 387 4384 περὶ
400 4313 503 4385 Ψυχῆς]
522 4315 554 4368 de
572 4331 615 4367 an.
634 4314 674 4378 21
694 4315 803 4368 412218
873 4319 918 4369 τοῦ
937 4317 991 4386 περὶ
1008 4316 1092 4390 ψυχῆς
1110 4317 1225 4391 δευτέρου
1244 4320 1285 4372 Ka
1354 4321 1371 4372 4
1390 4321 1435 4387 μὲν
1454 4336 1503 4373 om.
1523 4323 1563 4375 Ka

201 4406 288 4472 br'qv
306 4402 333 4455 δὲ
351 4402 437 4472 ψυχήν
456 4404 490 4454 V:
510 4401 585 4472 δῆλον
604 4399 643 4454 ότι
659 4402 707 4473 την
726 4402 811 4476 ψυχὴν
830 4403 892 4456 είναί
909 4420 984 4473 φησιν
1002 4405 1043 4456 Κα
1148 4406 1249 4476 6λέγει
1266 4408 1307 4460 Ka
1412 4408 1521 4478 δείδος]
1541 4409 1563 4462 εί

200 4495 230 4545 in
249 4493 288 4544 lit.
300 4492 321 4541 λ’
423 4489 453 4542 τὸ
472 4494 532 4543 ante
550 4490 577 4542 ἐν
595 4506 644 4543 om.
665 4491 705 4543 Ka
807 4493 837 4544 14
856 4490 928 4565 ψυχῇ
947 4493 1055 4560 scripsi:
1073 4492 1143 4564 ψυχὴ
1162 4495 1198 4547 V:
1218 4493 1302 4565 ψυγὴς
1320 4496 1360 4548 Ka
1463 4496 1492 4549 16
1511 4497 1563 4561 for:

200 4586 271 4632 mse
298 4581 402 4630 πάντων
414 4583 466 4629 τῶν
479 4583 593 4646 φυσικῶν
611 4579 713 4649 (γένεσις
726 4577 762 4643 ἐξ)
781 4578 880 4631 οὐσιῶν.
917 4582 954 4632 ita
966 4579 1113 4632 concludit:
1130 4593 1223 4647 μανιω,
1239 4585 1323 4651 quibus
1335 4586 1478 4649 formantur
1490 4603 1563 4635 verae

199 4667 349 4717 substantiae
364 4665 494 4732 μὸμιίσαε,
517 4666 667 4718 substantiae
688 4664 750 4718 ενοι.
787 4667 882 4716 animal
899 4679 976 4718 autem
999 4670 1139 4718 υυύειυιιιία
1161 4670 1263 4737 physica
1287 4683 1309 4721 ει
1327 4674 1409 4721 anima
1428 4690 1490 4736 ρανε
1509 4673 1562 4722 ani-

201 4754 282 4804 malis.
319 4753 401 4803 ανιὺνια
423 4752 498 4819 ι’μίιυν
520 4754 657 4804 substantia
673 4753 778 4822 physica
903 4753 1013 4807 17—19
1041 4755 1084 4807 καὶ
1103 4755 1148 4828 γὰρ
1166 4758 1198 4808 τὸ
1216 4758 1394 4830 τεχνητὰ-αἱ
1414 4757 1562 4831 ἐντελέχειαν

200 4838 283 4893 οὐσίαι
301 4855 351 4892 om.
370 4840 411 4892 Ka
487 4838 518 4891 21
540 4838 565 4891 αί
582 4854 633 4892 om.
651 4840 693 4892 Ka
763 4838 796 4891 2⁴2
814 4839 920 4912 οὐσίφε
1013 4842 1046 4894 27
1066 4841 1113 4913 μὴ]
1133 4841 1177 4895 οὐν
1195 4844 1236 4895 Ka
1312 4843 1345 4896 28
1363 4844 1507 4912 ἀσωμάτων
1527 4845 1560 4897 V:

200 4928 329 4995 σωμάτων
347 4925 388 4978 Ka
495 4927 525 4981 ἐκ
542 4924 640 4979 τούτιυν
659 4927 694 4979 V:
712 4925 738 4987 ίξ
757 4926 793 4979 ὧν
812 4928 853 4980 Ka
871 4927 903 4980 ef.
925 4927 1089 4995 122‚14adn.
1207 4943 1209 4947 '
