3540 5610
215 300 257 365 66
417 342 423 356 ·
692 300 896 358 ALEXANDRI
914 301 959 356 DE
978 302 1086 357 ANIMA

264 473 331 557 περὶ
352 474 393 535 ῶν
409 477 632 561 προειρήκαμεν,
654 479 702 540 καί
718 477 860 562 μηδεμίαν
883 477 961 561 παρὰ
976 475 1081 544 ταύτας
1103 475 1203 561 άλλην,
1226 476 1384 540 δεικνύοιτο
1408 475 1461 557 μὲν
1477 472 1512 538 ἂν

265 575 314 638 καί
336 575 435 662 ἐκιτοδ
459 578 549 660 μηδὲν
571 579 761 665 αἰσθητήριον
784 578 896 643 οἷόντε
918 577 990 642 εἶναι
1013 578 1092 662 παρὰ
1113 578 1149 641 τὰ
1163 577 1237 642 ’όντα
1260 579 1290 642 ἐν
1312 584 1372 648 τοῖς
1395 577 1513 647 τελείοις
1526 594 1556 637 ευ
1606 590 1611 601 ’

265 676 361 762 ζῴοις.
406 677 464 743 ἔδει
486 680 532 754 δέ,
561 682 586 744 εἰ
608 680 744 767 αἴσθησίς
773 706 813 751 τις
836 679 963 755 ἔλειπεν,
990 683 1038 744 καί
1061 680 1251 766 αἰσθητηριόν
1273 704 1300 743 τι
1322 682 1443 755 λείπειν,
1472 684 1514 750 ῶς
1567 712 1571 722 ·

175 800 187 849 ·,
264 777 368 850 ἔδειξεν
388 779 591 867 Ἀριστοτέλης
613 784 643 847 ἐν
669 789 714 869 τῷ
737 785 822 869 τρίτῳ
846 783 917 869 Περί
944 789 1052 869 ψυχῆς.
1097 783 1252 847 δεικνύοιτο
1279 782 1305 848 δ’
1335 782 1368 847 ἂν
1390 785 1440 847 καί
1465 783 1513 846 διὰ

234 888 313 946 οτοδ
336 889 431 948 πᾶσαν
455 886 507 967 μὲν
529 885 665 970 αἴσθησιν
693 887 723 950 ἐν
747 885 819 972 ζῴιμ
842 885 930 957 εἰναι,
959 887 1048 970 μηδὲν
1072 886 1104 949 δὲ
1127 889 1203 976 ζῷον
1235 884 1314 972 ἔχειν
1337 885 1427 970 άλλην
1449 885 1513 948 τινὰ

199 1042 202 1049 A
262 987 341 1071 παρὰ
362 986 414 1055 τδς
435 988 653 1073 προειρημένας.
698 988 772 1052 ἀλλὰ
796 989 844 1052 καί
871 989 918 1052 διὰ
933 993 993 1052 ’τού
1016 990 1197 1072 τελειοτάτην
1225 990 1277 1071 μὲν
1299 994 1357 1052 τῶν
1380 993 1512 1074 ψυχικῶν

262 1091 413 1172 δυνάμεων
436 1089 509 1154 εἰναι
531 1093 583 1176 τὴν
605 1092 738 1175 λογικήν,
761 1092 809 1154 ἐπὶ
831 1092 863 1154 δὲ
885 1096 947 1162 ταῖς
969 1095 1097 1175 πρώταις
1119 1090 1335 1175 τετελεσμένοις
1356 1093 1385 1154 αί
1399 1084 1512 1155 ’τελειύ

262 1216 352 1279 τεραι,
375 1192 504 1259 ῶστεέν
527 1193 570 1264 οἷς
592 1196 610 1278 ἡ
634 1195 746 1278 λογικη,
769 1195 799 1258 ἐν
823 1193 1069 1285 τούτοιςιπρῶτον
1092 1198 1173 1258 πᾶσα
1196 1197 1214 1278 ἡ
1238 1194 1406 1278 αἰσθητική.

342 1294 377 1360 Ἡ
399 1296 432 1359 δὲ
454 1297 631 1381 φανταστικὴ
655 1297 773 1379 δύναμις
799 1302 852 1381 τῆς
880 1302 978 1382 ψυχῆς
1005 1297 1065 1360 ἐστι
1092 1299 1144 1380 μὲν
1167 1282 1279 1382 κριτικὴ
1305 1297 1354 1360 καὶ
1376 1295 1465 1379 αὐτή,
1492 1296 1554 1378 ησύ

223 1413 249 1456 10
262 1398 370 1462 τούτων
399 1398 449 1480 μία
476 1399 519 1467 οἷς
545 1399 699 1483 ἀληθεύειν
725 1399 746 1483 ἢ
772 1399 932 1482 ψεύδεσθαι
960 1398 1114 1482 λεγόμεθα.
1159 1397 1220 1463 ἔστι
1245 1399 1298 1483 γὰρ
1326 1399 1374 1462 καί
1396 1399 1512 1482 ἀληθὴς

262 1503 310 1564 καὶ
332 1502 443 1586 ψευδὴς
465 1502 618 1586 φαντασία,
641 1502 741 1586 ὥσπερ
763 1504 811 1566 καί
832 1501 979 1586 αἴσθησις,
1000 1503 1048 1565 καὶ
1070 1501 1164 1564 πολλὰ
1187 1502 1260 1565 κατὰ
1282 1496 1441 1586 φαντασίαν
1463 1501 1511 1564 καί

261 1608 339 1666 ποιεῖ
365 1606 412 1668 καὶ
435 1605 543 1689 πάσχει
569 1603 606 1666 τὰ
633 1608 705 1688 ζῷα.
751 1603 898 1688 λεγύμεθα
923 1605 955 1667 δὲ
982 1600 1136 1688 Ιοἰληθεύειν
1158 1605 1311 1688 αἰσθήσει,
1338 1603 1424 1687 δόξη,
1453 1603 1512 1666 ἐπι·

263 1707 377 1790 στήμη,
406 1712 459 1790 νῷ.
504 1708 545 1770 ὦν
567 1705 703 1791 αἴσθησις
716 1707 778 1790 ,μέν
800 1708 886 1782 ἐστιν,
915 1710 956 1776 ῶς
978 1707 1098 1791 εἴρηται,
1126 1707 1245 1791 δύναμις
1266 1708 1382 1791 δεκτική
1410 1730 1441 1769 τε
1464 1706 1513 1769 καὶ
1526 1723 1555 1765 σο

261 1810 373 1893 κριτικὴ
397 1815 454 1873 τῶν
477 1811 507 1873 ἐν
530 1814 590 1879 τοῖς
610 1809 763 1892 αἰσθητοῖς
791 1809 876 1872 εἰδῶν
903 1808 994 1894 χωρὶς
1016 1815 1068 1893 τῆς
1090 1809 1283 1894 ὑποκειμένης
1311 1809 1409 1878 αὐτοῖς
1432 1810 1512 1892 ύλης,

224 1927 250 1970 ισ
264 1911 294 1973 ἐν
316 1915 376 1981 τοῖς
399 1913 480 1981 ἰδίοις
501 1913 688 1996 ἀληθεύουσα
709 1912 751 1981 ’ῶς
773 1911 822 1974 ἐπὶ
844 1913 876 1975 τὸ
899 1915 1048 1985 πλεῖστον,
1078 1912 1147 1981 δόξα
1169 1913 1201 1975 δὲ
1224 1911 1368 1996 ὑπόληψις
1389 1913 1454 1996 περί
1477 1912 1513 1976 τὰ

261 2002 438 2099 ένδεχόμενα
471 2016 519 2078 καί
546 2014 643 2084 άλλως
669 2013 765 2099 ἔχειν,
799 2015 946 2098 ἐπιστήμη
979 2015 1012 2079 δὲ
1034 2014 1225 2098 συλλογισμὸς
1259 2015 1458 2083 ἀποδεικτικδς
1491 2016 1510 2098 ἢ

260 2123 365 2200 γνῶσις
386 2123 440 2201 τῆς
461 2122 512 2180 τοῦ
527 2117 682 2202 ἐπιστητοῦ
703 2117 804 2191 αἰτίας,
826 2115 871 2180 ότι
888 2117 997 2180 ἐκείνου
1019 2117 1080 2181 ἐστὶ
1102 2119 1151 2181 καὶ
1166 2117 1305 2201 ἀδύνατον
1327 2116 1398 2180 αύτδ
1414 2117 1513 2187 άλλως
1568 2114 1573 2121 ’

261 2219 350 2305 ἔχειν,
373 2225 440 2289 νοῦς
462 2221 494 2283 δὲ
508 2220 627 2304 δύναμις
647 2225 705 2284 τῶν
727 2219 830 2284 άύλων.
847 2221 933 2284 εἰδῶν
953 2222 1089 2305 ληττική,
1112 2221 1130 2303 ἢ
1147 2210 1265 2302 δύναμις
1286 2216 1308 2304 η]
1327 2221 1511 2304 ἀληθεύομεν
1528 2228 1531 2234 ’

260 2324 325 2407 περὶ
350 2324 401 2393 τὰς
427 2323 649 2392 ἀναποδείκτους
675 2312 778 2409 ἀρχάς.
822 2323 856 2386 ού
885 2324 942 2406 μὴν
969 2323 1077 2386 τούτων
1105 2323 1168 2387 ἐστί
1193 2347 1247 2385 τινι
1273 2324 1293 2406 ἡ
1320 2325 1463 2407 φαντασία
1490 2326 1510 2408 η

219 2425 349 2510 νοαίντή,
376 2427 402 2490 εἰ
429 2427 481 2511 τίην
505 2418 584 2495 ἰδίως
610 2449 652 2495 τις
677 2426 725 2489 καί
747 2425 854 2509 κυρίως
879 2426 1036 2510 λεγομένην
1064 2425 1220 2510 φαντασίαν
1248 2422 1334 2507 λέγοι.
1380 2426 1454 2507 αὕτη
1477 2424 1510 2488 δέ
1524 2442 1552 2485 σσ

260 2530 321 2594 ἐστι
342 2530 451 2615 κίνησίς
472 2552 525 2604 τις,
547 2526 615 2592 καθ’
636 2529 671 2611 ἣν
693 2527 814 2610 λέγομεν
837 2531 993 2613 φάντασμά
1014 2553 1040 2591 τι
1056 2531 1126 2612 ἡμῖν
1149 2528 1179 2590 ἐν
1201 2532 1238 2609 τῇ
1262 2532 1347 2612 ψυχῇ
1369 2528 1510 2610 γίνεσθαι,
1554 2596 1558 2603 ,

262 2632 324 2696 ἐπεὶ
340 2633 414 2697 κατὰ
437 2633 602 2716 μεταφοράν
624 2654 656 2713 γε
671 2630 746 2694 κατὰ
767 2633 881 2693 πάντων
905 2637 962 2695 τῶν
978 2631 1195 2716 προειρημένων
1217 2636 1256 2714 τῇ
1273 2631 1417 2715 φαντασίᾳ
1432 2635 1510 2716 χριό-

262 2736 340 2818 μεθα
363 2735 510 2802 πολλάκις.
554 2733 678 2817 καὶγὰρ
703 2733 776 2797 κατὰ
797 2735 967 2819 αἰσθήσεως
993 2735 1041 2797 καί
1069 2733 1143 2797 κατὰ
1172 2732 1257 2816 δόξης
1284 2735 1332 2796 καί
1354 2733 1428 2797 κατὰ
1450 2736 1510 2798 ἐπι·
1579 2786 1590 2805 .

262 2839 377 2922 στήμης
398 2837 447 2901 καί
469 2841 519 2899 νοῦ
542 2837 594 2921 τὴν
609 2837 767 2920 φαντασίαν
790 2841 1016 2922 κατηγοροῦμεν.
1051 2842 1103 2921 τῆς
1119 2837 1171 2919 μὲν
1194 2834 1244 2898 οὖν
1260 2836 1429 2921 αἰσθήσεως
1451 2860 1510 2922 χω·

209 2956 245 3000 νο
259 2942 365 3026 ρίζεται
398 2941 417 3023 ἡ
444 2938 562 3023 τοιαύτη
590 2939 731 3024 φαντασία
764 2945 808 3025 τῷ
836 2941 887 3024 τὴν
924 2941 975 3023 μὲν
1004 2937 1139 3022 αἴσθησιν
1175 2937 1323 3022 παρόντων
1351 2937 1423 3002 είναι
1451 2946 1509 3003 τῶν

154 3038 162 3055 ’
258 3044 422 3127 αἰσθητῶν,
455 3042 612 3125 φαντασίαν
645 3042 678 3104 δὲ
703 3042 836 3124 γίνεσθαι
869 3043 917 3105 καί
946 3045 986 3127 μὴ
1015 3040 1181 3125 παρόντων,
1215 3042 1262 3105 καί
1290 3041 1425 3125 αἴσθησιν
1457 3044 1509 3127 μὲν
1560 3048 1580 3089 ’-

258 3145 457 3231 ἐγρηγορότων
484 3145 627 3227 γίνεσθαι,
657 3145 815 3229 φαντασίαν
844 3145 877 3208 δὲ
904 3146 951 3207 καί
979 3143 1180 3226 κοιμωμένων.
1225 3143 1267 3207 ἔτι
1297 3144 1434 3227 αἴσθησις
1457 3146 1509 3229 μὲν
1522 3164 1552 3205 ιο

258 3248 311 3312 οόκ
333 3245 380 3334 ἐφ’
401 3249 471 3331 ἡμῖν
494 3247 542 3331 (ού
564 3247 619 3331 γὰρ
641 3245 688 3331 ἐφ’
708 3249 779 3331 ἡμῖν
803 3248 843 3331 μὴ
866 3238 1015 3332 παρόντων
1037 3251 1095 3310 τῶν
1117 3247 1267 3332 αἰσθητῶν
1289 3247 1508 3334 αἰσθάνεσθαι),

209 3372 284 3380 ...—

205 3422 222 3473 2
250 3419 327 3491 μηδὲν
346 3417 519 3490 αίσθητηριον]
542 3418 610 3470 Kein
633 3419 773 3472 anderes
792 3418 880 3487 Organ
903 3419 949 3485 (B:
969 3419 1058 3488 Organ
1075 3417 1117 3470 ίίιτ
1134 3419 1212 3472 einen
1230 3419 1344 3472 anderen
1363 3420 1441 3486 Sinn)

204 3508 221 3561 3
249 3506 309 3576 ἔδει]
329 3523 356 3560 es
374 3506 410 3558 ist
428 3503 482 3574 [so]
501 3506 570 3571 (λοσε,
587 3522 664 3560 νιοιιυ
774 3505 879 3574 ἔλειπεν]
899 3506 984 3559 addit:
1004 3507 1120 3559 diesen
1138 3506 1213 3572 (dat.)
1320 3507 1335 3558 7
1364 3507 1405 3560 ἐπὶ
1422 3506 1448 3560 δὲ
1466 3515 1562 3568 ταῖς-
1609 3564 1614 3573 ,

204 3592 363 3665 τελειότεραι]
383 3609 410 3645 ετ
428 3590 485 3660 [der
504 3592 634 3661 Intellect]
654 3594 690 3646 ist
708 3596 770 3647 aber
788 3593 832 3647 der
849 3594 1063 3646 νοίίίιοιοωουσίο
1081 3593 1208 3657 ιίοιίυτοίι,
1226 3591 1286 3645 dass
1305 3593 1346 3646 die
1365 3590 1451 3646 ersten
1469 3596 1563 3649 Krdfte

204 3683 233 3734 in
251 3683 303 3734 ihm
322 3680 454 3733 vollendet
471 3680 531 3732 sind
655 3682 741 3733 9-10
768 3679 1009 3752 ἡδὲ-λεγόμεθα]
1035 3682 1083 3734 Die
1101 3680 1175 3733 Kraft
1197 3679 1242 3731 der
1259 3680 1399 3734 Phantasie
1417 3684 1508 3751 gehdrt
1527 3700 1561 3736 zu

204 3770 255 3823 den
273 3768 381 3821 Κιῑιίίου
400 3768 445 3820 der
463 3766 548 3832 Seele,
566 3770 633 3821 auch
652 3769 689 3821 sie
707 3769 743 3822 ist
761 3770 820 3822 eine
838 3769 1012 3834 erkennende‚
1030 3770 1088 3821 eine
1107 3769 1152 3820 der
1169 3767 1274 3831 Κιῑιίίο,
1293 3767 1373 3820 durch
1393 3770 1489 3823 welche
1508 3786 1561 3824 von

203 3873 253 3909 uns
273 3854 364 3925 g'esagt
382 3855 453 3919 vird,
471 3855 505 3907 ob
524 3855 570 3907 wir
589 3856 631 3909 ιίίο
648 3856 785 3909 Wahrheit
803 3857 888 3909 τοιίειι·
902 3856 963 3910 oder
981 3856 1060 3925 higen
1169 3856 1196 3907 ll
1219 3856 1262 3907 καί
1280 3859 1341 3909 ante
1360 3855 1441 3909 πολλὰ
1459 3872 1510 3910 om.

205 3944 237 3996 12
255 3941 328 4013 δόξῃ]
348 3942 457 4007 Glaube,
475 3942 600 4012 Meinung
673 3944 704 3997 15
723 3943 802 4013 ἰδίοις]
822 3944 864 3996 die
882 3943 1088 4013 Sinuesobjekte‚
1107 3944 1149 3996 die
1167 3944 1206 3995 sie
1224 3945 1386 3996 wahrnimmt
1464 3946 1493 3998 1]
1513 3952 1560 3999 τοῦ

203 4030 347 4102 ἐπιστητοῦ]
367 4031 412 4083 des
430 4030 509 4082 durch
529 4030 575 4083 (ίαν
593 4030 695 4083 Lernen
714 4031 864 4084 Erkannteu
972 4030 1074 4082 17-18
1102 4027 1141 4082 ύτι
1159 4030 1376 4101 ἐκείνου-ἔχειν]
1395 4031 1459 4084 und
1478 4049 1506 4085 es
1524 4035 1560 4087 ist

202 4118 277 4171 nieht
295 4117 414 4186 mdglich,
433 4117 492 4169 dass
511 4133 538 4169 es
557 4115 592 4184 (P)
612 4118 705 4171 anders
723 4119 763 4171 als
782 4119 828 4171 das
846 4119 927 4171 durch
946 4117 1050 4170 Lernen·
1065 4118 1198 4171 Erkannte
1216 4121 1253 4172 sei
1364 4119 1395 4171 ‘21
1425 4120 1560 4190 φάντασμά

201 4224 226 4258 τι
243 4202 365 4274 γίνεσθαι]
384 4205 444 4256 dass
463 4205 536 4257 eines
554 4205 599 4257 der
616 4205 702 4273 Dinge
720 4207 869 4275 vorgestellt
887 4206 971 4258 werde
1085 4205 1119 4257 23
1146 4205 1267 4265 πολλάκις
1285 4222 1335 4259 om.
1451 4207 1485 4260 24
1511 4211 1559 4279 τῆς

202 4290 343 4361 αἰσθήσεως
355 4291 500 4365 χωρίζεται]
519 4308 572 4345 was
590 4292 641 4345 den
653 4292 719 4346 Sinn
739 4293 844 4358 betrifft7
862 4308 890 4345 so
904 4293 966 4345 wird
986 4291 1040 4360 [die
1053 4293 1205 4362 Phantasie]
1224 4309 1275 4346 von
1289 4309 1338 4346 uns
1358 4294 1451 4361 (ihmd)
1470 4300 1558 4348 unter-

201 4380 329 4433 schieden
438 4380 472 4432 26
501 4381 544 4432 καὶ
562 4395 612 4432 om.
727 4380 831 4433 27-‘28
859 4380 896 4433 ἔτι
913 4377 1240 4450 αἴσθησις-αἰσθάνεσθαι]
1260 4381 1312 4433 Das
1331 4381 1493 4434 Verhdltniss
1511 4383 1558 4436 des

201 4466 296 4519 Sinnes
315 4484 347 4520 zu
365 4484 415 4521 uns
433 4469 468 4522 ist
486 4469 560 4521 nicht
577 4467 675 4530 dieses;
702 4483 730 4520 er
747 4468 784 4521 ist
801 4486 851 4521 uns
869 4469 982 4521 ndmlich
1001 4469 1087 4533 nicht,
1110 4470 1170 4521 dass
1189 4469 1235 4520 wir
1253 4468 1452 4535 Sinnesobjekte
1475 4469 1557 4522 wahr-

201 4554 321 4619 nehmen,
339 4571 413 4608 wenn
433 4556 471 4608 sie
488 4555 598 4608 sardus
615 4556 690 4609 nicht
707 4555 857 4608 vorhanden
876 4556 936 4608 sind

119 4721 121 4725 ’
200 4711 272 4769 θῶς
289 4710 378 4772 ἔδειξεν
397 4712 465 4781 κτλ]
488 4716 532 4766 Ατ.
552 4715 584 4766 de
601 4730 645 4766 an.
663 4712 715 4779 3‚l.
732 4712 858 4766 4241222.
948 4713 1189 4787 4ἀριστοτίλουςυ
1294 4715 1402 4784 9,,περί
1420 4713 1557 4783 φαντασίας

200 4800 244 4851 καί
262 4805 431 4871 φανταστικῆς
449 4800 601 4869 δ·νννίμτως,“
639 4799 701 4872 ἠδὲ
721 4802 760 4856 Va
860 4803 892 4854 10
910 4801 1018 4855 fortusse
1036 4801 1074 4858 αίς
1180 4801 1212 4852 17
1231 4800 1341 4853 fortasse
1359 4800 1439 4852 ἐκεῖνο
1458 4800 1491 4852 τί.
1510 4802 1555 4853 Ar.

200 4903 242 4940 οτι.
261 4893 327 4955 post.
346 4889 439 4942 ίίὺίῦ
