3540 5610
109 314 112 319 ,
202 302 243 365 ‘26
678 303 878 358 νιοιιιυοιυ
902 304 946 357 er:
970 303 1078 359 οινιιιι

167 549 172 561 Ι
255 474 323 537 σθαι
345 475 398 558 τὴν
420 476 542 559 κιθάραν
565 481 608 560 τῳ
633 480 760 538 τοιοῦτον
782 478 877 561 ἠχεῖν.
919 479 1063 561 ἥρμοσται
1086 478 1138 559 μὲν
1161 479 1214 562 γὰρ
1238 479 1322 543 οὐδὲν
1345 479 1429 562 ἦττον
1453 479 1501 541 καὶ

255 577 344 660 μηδὲν
368 578 498 661 ἠχοῦσα·
523 579 588 641 όδὲ
610 579 643 643 ἐκ
659 583 711 662 τῆς
732 579 866 661 τοιαύτης
888 581 936 643 καὶ
951 580 999 642 ἐπὶ
1021 581 1192 664 τῇτοιαότρ
1217 582 1339 666 ἁρμονίᾳ
1353 579 1500 663 γινόμενος

255 677 351 763 ψόφος
371 679 459 748 ἄλλος
486 685 538 764 τῇς
564 681 702 769 ἁρμονίρις
724 678 770 765 ἐφ’
799 678 819 763 ῇ
842 683 956 764 γίνεται.
976 682 1079 765 ’λέγοι
1107 681 1133 745 δ’
1160 682 1194 746 ἁν
1221 707 1262 752 τις
1289 684 1363 767 μηδὲ
1385 684 1500 746 πάντων

254 786 311 843 τῶν
335 782 409 845 κατὰ
424 780 508 864 λόγον
530 783 592 846 τινὰ
608 783 787 867 μιγνυμένων
810 785 946 873 ἁρμονίαν
967 783 1040 847 εἶναι
1060 785 1109 847 τόν
1124 784 1218 868 λόγον.
1252 785 1355 870 οὐγὰρ
1379 786 1501 869 ἁρμονία
1514 803 1542 845 ιο

226 884 271 946 σό
299 886 447 953 διπλάσιος
475 883 574 967 λόγος,
608 884 675 948 όταν
704 887 734 948 ἐν
762 885 832 972 οίνῳ
859 889 907 951 καὶ
935 886 1026 969 μέλιτι
1052 885 1083 970 ῇ.
1133 889 1163 950 ἐν
1191 888 1245 972 γὰρ
1268 892 1337 971 ποιᾷ
1367 889 1501 952 συνθέσει

256 989 353 1069 μελῶν
376 1010 407 1050 τε
434 988 481 1050 καὶ
504 988 625 1082 ῥυθμῶν
654 990 680 1072 ῇ
697 989 832 1072 ἁρμονία,
861 987 922 1051 ἀλλ’
950 989 983 1051 οὐ
1007 994 1063 1051 τῶν
1089 990 1238 1075 τυχόντων
1266 989 1335 1053 οὐδὲ
1356 992 1430 1054 κατὰ
1452 993 1501 1054 τόν

258 1088 385 1174 τυχόντα
406 1090 540 1173 γινομένη
564 1090 658 1173 λόγον.
700 1095 779 1154 πᾶσα
803 1091 854 1172 μὲν
876 1091 929 1174 γὰρ
952 1092 1073 1175 ἁρμονία
1095 1091 1124 1154 ἐν
1148 1092 1300 1177 ὡρισμένῳ
1323 1094 1410 1179 λόγῳ.
1449 1094 1502 1157 οὐκ

253 1192 286 1254 έν
311 1192 464 1277 ὡρισμένῳ
487 1193 519 1254 δὲ
539 1180 623 1278 λόγῳ
640 1195 659 1277 ἡ
679 1199 736 1256 τῶν
759 1194 877 1278 θερμῶν
900 1195 998 1256 τεκαὶ
1020 1200 1142 1278 ψυχρῶν
1165 1197 1212 1259 καὶ
1228 1195 1322 1280 ξηρῶν
1345 1199 1392 1259 καὶ
1408 1197 1501 1280 ὑγρῶν

256 1294 344 1378 μῖξις,
366 1296 509 1358 τουτέστιν
531 1297 551 1378 ῇ
575 1301 632 1358 τῶν
656 1297 822 1381 στοιχείων,
850 1297 886 1381 ἧς
909 1295 1011 1380 μίξεως
1033 1296 1108 1366 εἶδος
1130 1300 1149 1381 ί,
1172 1300 1264 1383 ψυχή.
1309 1300 1328 1380 ἡ
1351 1299 1404 1381 γὰρ
1427 1299 1500 1381 αὐτὴ
1554 1310 1559 1321 ”

216 1378 243 1457 τό
254 1399 335 1483 ψυχὴ
369 1398 445 1481 μένει
472 1399 521 1460 καὶ
547 1398 766 1482 ἐπιτεινομένων
793 1401 841 1463 καί
868 1398 1105 1482 ἀνιεμένωνέως
1129 1401 1204 1469 τινὸς
1230 1406 1287 1463 τῶν
1314 1401 1345 1462 ἐν
1368 1405 1405 1483 τῇ
1430 1401 1501 1484 μίξει

255 1503 416 1584 δυνάμεων.
461 1502 537 1571 όλως
558 1501 611 1586 γὰρ
634 1503 661 1564 εἰ
683 1502 761 1583 λέγοι
783 1527 823 1572 τις
846 1502 982 1586 ἁρμονίαν
1008 1503 1060 1585 τὴν
1082 1507 1139 1565 τῶν
1162 1502 1309 1588 τυχόντων
1333 1504 1406 1587 μῖξιν
1429 1505 1502 1566 κατὰ
1515 1520 1543 1562 ιο

257 1602 341 1684 λόγον
364 1606 435 1681 τινά,
459 1605 639 1690 συμβήσεται
661 1604 754 1688 τοότιρ
776 1606 869 1668 πάντα
890 1605 927 1668 τὰ
949 1605 1117 1687 συγκείμενα
1139 1605 1287 1689 ἡρμόσθαι
1309 1607 1411 1688 λέγειν.
1456 1607 1500 1668 εὑ-

259 1706 415 1790 ρεθήσεται
437 1708 490 1792 γάρ
513 1730 554 1777 τις
572 1707 657 1789 λόγος
679 1707 709 1769 ἐν
732 1712 817 1771 πᾶσιν
839 1712 899 1778 τοῖς
919 1707 1122 1790 συγκειμένοις.
1160 1710 1270 1791 μᾶλλον
1292 1709 1325 1773 δὲ
1340 1707 1413 1771 κατὰ
1436 1708 1502 1778 τοὺς

256 1809 308 1891 τὴν
331 1809 430 1893 ψυχὴν
453 1814 611 1890 γεννῶντας
638 1810 671 1873 ἐκ
694 1814 777 1878 ποιᾶς
801 1809 904 1892 μίίεῶς
934 1833 964 1872 τε
991 1812 1039 1873 καὶ
1062 1809 1227 1878 συνθέσεῶς
1248 1834 1331 1874 τινων
1353 1811 1400 1894 εἴη
1423 1809 1458 1873 ἁν
1481 1813 1500 1895 ἡ

217 1927 242 1971 15
256 1912 338 1996 ψυχὴ
362 1910 427 1995 ἤτοι
450 1912 570 1995 ἁρμονία
600 1913 618 1996 ἢ
642 1908 774 1981 σόνθεσις
797 1909 865 1975 καθ’
893 1913 1028 1995 ἁρμονίαν
1057 1917 1140 1975 τινῶν
1168 1914 1321 1995 σωμάτων.
1366 1915 1407 1977 ῶν
1430 1913 1501 1976 εἰσιν

255 2015 289 2077 οἵ
305 2036 337 2076 τε
359 2013 417 2076 ἁπὺ
440 2019 492 2099 τῇς
507 2014 610 2091 Στοᾶς,
634 2004 746 2099 πνεῦμα
768 2014 857 2098 αὐτὴν
879 2014 1009 2097 λέγοντες
1031 2013 1102 2077 εἶναι
1126 2013 1307 2097 συγκείμενόν
1329 2039 1392 2084 πως
1414 2012 1448 2077 ἔκ
1469 2037 1500 2077 τε

255 2118 344 2200 πυρὸς
365 2117 413 2179 καὶ
429 2116 524 2201 ἀέρος,
546 2119 594 2189 καὶ
618 2121 644 2181 οί
665 2119 729 2202 περὶ
749 2114 932 2200 Ἐπίκουρονι
953 2117 1069 2200 καὶγὰρ
1092 2115 1154 2179 κατ’
1176 2117 1301 2187 ἐκείνους
1323 2117 1460 2187 σύνθετος
1481 2119 1500 2201 ἡ

254 2221 335 2304 ψυχῇ
363 2220 396 2283 ἐκ
424 2218 564 2283 πλειόνων
591 2227 676 2283 τινῶν
699 2221 746 2282 καὶ
769 2219 962 2304 διαφερόντων
989 2221 1143 2303 σωμοίτων.
1188 2222 1237 2284 καί
1262 2221 1335 2284 κατὰ
1359 2220 1501 2300 Πλάτωνα
1514 2237 1543 2279 ου
1625 2281 1631 2293 ,

254 2323 287 2384 δὲ
309 2324 342 2385 ἐκ
364 2322 530 2391 συνθέσεῶς
550 2346 634 2385 τινων
662 2325 680 2406 η
705 2328 757 2406 τῇς
778 2328 878 2406 ψυχῆς
903 2322 987 2385 οὐσία
1013 2322 1086 2385 κατὰ
1108 2322 1192 2405 λόγον
1214 2323 1276 2386 τινὰ
1298 2324 1501 2408 συγκειμένων,

214 2441 242 2485 νυ
256 2430 296 2494 ῶς
318 2426 348 2489 ἐν
371 2431 413 2509 τιῇ
441 2423 555 2510 Τιμαίῳ
578 2423 663 2506 λέγει.
709 2427 832 2505 μᾶλλον,
856 2428 897 2493 ῶς
917 2424 1012 2501 εἶπον,
1035 2406 1110 2491 κατὰ
1131 2427 1198 2496 τοὺς
1222 2426 1226 2509 Ι
1251 2427 1327 2490 οὕτω
1350 2427 1484 2509 λέγοντας
1502 2429 1555 2489 ’ταν

254 2527 301 2612 εἴη
325 2528 358 2591 ἁν
382 2529 503 2612 ἁρμονία
525 2530 544 2611 ῇ
568 2529 663 2612 ψυχή,
691 2552 711 2611 η
734 2529 807 2593 κατὰ
833 2530 882 2591 τόν
908 2528 1029 2610 λέγοντα
1055 2527 1144 2612 αὐτὴν
1172 2528 1228 2598 έξιν
1255 2553 1287 2592 τε
1313 2530 1360 2593 καί
1375 2530 1500 2615 ,δύναμιν

255 2632 303 2694 καὶ
320 2629 397 2700 είόος
411 2628 606 2714 ἐπιγινόμενον
629 2634 698 2715 ποιῇ
714 2633 814 2715 κροίσει
835 2633 931 2694 τεκαὶ
954 2630 1027 2714 μίξει
1050 2636 1107 2694 τῶν
1123 2633 1223 2694 ἁπλῶν
1240 2633 1393 2714 σωμὰτων.
1429 2631 1496 2698 καθ’
1549 2674 1553 2678 ·

256 2734 306 2802 οὓς
329 2733 381 2815 μὲν
403 2734 456 2817 γὰρ
479 2732 553 2796 αιἰτὰ
575 2734 610 2796 τὰ
632 2734 803 2816 συγκείμενα
826 2737 889 2802 πῶς
911 2734 987 2796 ἐστιν
1010 2736 1028 2817 ῇ
1053 2736 1153 2818 ψυχή,
1181 2733 1255 2797 κατὰ
1283 2735 1402 2804 τούτους
1425 2738 1503 2821 παρὰ

253 2841 305 2920 τῇς
332 2840 416 2906 ποιᾶς
446 2836 612 2913 συνθέσεως
645 2838 677 2899 τὸ
706 2839 790 2921 ψυχῇ
808 2835 889 2898 ἐἶναι
920 2840 962 2920 τῷ
991 2837 1178 2922 συγκειμένῳ.
1228 2839 1290 2921 ῇτις
1318 2838 1450 2908 σύνθεσις
1476 2841 1502 2902 εί

214 2954 241 2998 νο
255 2937 330 3003 ἔστιν
354 2939 489 3023 ἁρμονία,
517 2939 595 3022 παρὰ
618 2945 669 3022 τῇς
692 2938 827 3022 ἁρμονίας
851 2937 885 3000 ἁν
907 2939 939 3000 τό
962 2942 1047 3023 ψυχῇ
1070 2938 1143 3001 εἶναι
1165 2938 1229 3024 ἔχοι
1253 2940 1285 3003 τό
1308 2940 1501 3024 συγκείμενον.
1593 3015 1599 3027 ·

254 3039 321 3106 καθ’
350 3041 381 3105 ὃν
408 3041 441 3104 δέ
468 3041 543 3105 ἐστιν
572 3044 590 3123 ἡ
618 3042 700 3127 ψυχῇ
728 3041 786 3126 οὐχ
812 3042 912 3110 ἁπλῶς
939 3040 974 3104 τὰ
996 3042 1180 3124 συγκείμενα,
1208 3042 1268 3105 ἀλλ’
1300 3043 1347 3106 ἐπὶ
1370 3049 1408 3125 τῇ
1432 3050 1501 3129 ποιῇ
1529 3062 1543 3104 5

255 3151 313 3208 τῶν
329 3147 452 3229 πρῶτων
469 3146 613 3226 σωμάτων
635 3134 734 3227 κροίσεί
755 3145 849 3207 τεκαὶ
873 3141 945 3227 μίξει
960 3143 1078 3226 δύναμις
1100 3144 1275 3229 γεννωμένη,
1298 3146 1317 3228 ί,
1335 3145 1387 3227 μὲν
1402 3150 1503 3229 κρᾶσις

256 3243 326 3332 ὕλης
348 3247 404 3317 ἕξει
419 3246 513 3330 λόγον.
536 3248 569 3310 τό
592 3244 616 3309 δ’
637 3246 708 3309 εἶναι
731 3251 769 3329 τῇ
792 3249 878 3330 ψυχῇ
902 3245 936 3308 οὐ
952 3245 1026 3308 κατὰ
1048 3246 1101 3329 τὴν
1118 3247 1255 3329 ἁρμονίαν
1278 3250 1379 3310 τεκαὶ
1402 3253 1501 3332 κρᾶσιν

255 3348 349 3426 ἔσται,
379 3354 419 3420 ῶς
446 3350 564 3418 ἐκείνοις
590 3349 690 3412 ἕπεται
713 3349 819 3435 λέγειν.
848 3348 922 3411 ἀλλὰ
950 3348 1023 3411 κατὰ
1049 3349 1101 3431 ’τὴν
1127 3347 1174 3411 ἐπ’
1201 3348 1275 3432 αὐτῇ
1305 3349 1422 3432 δύναμιν
1445 3375 1502 3434 γεν-

213 3470 241 3513 υο
254 3453 394 3539 νωμένην.

420 3594 432 3621 Ι

204 3701 215 3751 l
237 3700 282 3768 τὴν
301 3695 418 3767 κιθάραν]
438 3696 523 3747 addit:
541 3711 617 3748 wenn
635 3697 673 3747 sie
692 3693 847 3762 gesehlagen
867 3694 929 3745 wirrl
1021 3694 1087 3745 1-2
1106 3695 1149 3746 καὶ
1168 3692 1245 3762 μηδὲν
1263 3692 1373 3764 ψχοῦσα]
1392 3696 1460 3747 auch
1482 3711 1555 3749 wenn

201 3787 240 3840 sie
258 3785 330 3838 nicht
349 3783 502 3852 geschlagerr
526 3783 581 3834 und
599 3785 643 3835 ein
662 3782 719 3834 Ten
738 3797 785 3833 aus
804 3781 844 3833 ihr
862 3780 953 3849 gehert
970 3781 1032 3832 wird
1148 3780 1163 3831 ‘2
1192 3780 1217 3832 δὲ
1236 3796 1285 3832 om.
1402 3782 1446 3833 καὶ
1464 3782 1504 3834 ἐπὶ
1522 3786 1556 3856 τῇ

201 3872 305 3942 τοιαότη
325 3887 374 3924 om.
482 3869 497 3921 3
525 3868 611 3938 ἄλλος]
634 3874 711 3922 etwas
730 3869 838 3921 anderes
950 3867 1018 3918 ’1-11
1046 3865 1205 3936 οὒκ-μῖξις]
1230 3869 1291 3920 Dies
1310 3867 1362 3935 (se)
1382 3869 1416 3919 ist
1434 3871 1496 3922 aber
1514 3871 1556 3923 die

177 3972 182 3981 ’
201 3961 333 4028 Mengung
352 3959 397 4011 des
415 3959 537 4010 Warmen
556 3963 604 4010 etc.
699 3957 714 4007 9
733 3957 779 4028 γὰρ
799 3971 849 4007 orn.
867 3956 944 4008 Hebr.
1038 3955 1121 4007 9-11
1142 3956 1158 4025 ἡ
1177 3954 1401 4026 γὰρ-δυνάμεων]
1421 3958 1455 4009 Es
1474 3958 1554 4011 bleibr

202 4048 243 4100 die
262 4046 336 4100 Seele
353 4048 382 4098 in
399 4046 479 4098 ihrem
500 4045 646 4108 Zustende‚
670 4045 707 4096 sei
726 4045 763 4096 sie
782 4044 854 4095 stark
877 4042 937 4095 oder
956 4043 1087 4107 οιίινιυείι,
1111 4044 1152 4096 bis
1170 4060 1203 4095 zu
1221 4044 1305 4095 einem
1323 4045 1451 4111 gewissen
1471 4045 1555 4098 Grade

202 4135 246 4187 der
264 4133 400 4187 Schweehe
418 4133 473 4184 und
491 4132 536 4183 der
553 4131 651 4197 δίῐιιίιε,
671 4131 765 4184 welche
783 4131 812 4184 in
826 4131 901 4200 jener
917 4131 1051 4198 Mengung
1159 4129 1189 4182 15
1207 4128 1400 4200 ῇ-σωμάτων]
1423 4133 1485 4185 oder
1504 4133 1555 4184 Ζιι-
1617 4158 1620 4163 ·

201 4225 428 4288 semmensetzung
445 4219 486 4271 ίιῑι
504 4221 563 4271 eine
581 4221 630 4271 Art
648 4220 693 4273 der
711 4218 882 4286 Verbindung
900 4218 945 4270 der
962 4217 1062 4285 Kerper
1170 4218 1200 4268 16
1219 4214 1310 4283 Στοᾶς]
1330 4218 1361 4271 ef.
1380 4235 1405 4286 p.
1418 4220 1447 4271 17

202 4307 312 4377 πνεῦμα]
330 4308 452 4376 Paarung
547 4307 576 4357 17
597 4304 656 4364 κατ’
678 4304 798 4373 ἐκείνους]
816 4305 916 4373 Epikur
1008 4304 1042 4357 23
1060 4304 1187 4381 πσρὰ]ίιι
1279 4303 1369 4383 θόιτιῇ
1388 4307 1554 4385 συγκειμένῳ]

201 4398 258 4449 dem
278 4396 469 4449 Verbundenen
546 4391 552 4403 '
576 4392 609 4446 25
635 4393 664 4446 τὸ
684 4392 855 4462 συγκείμενον]
875 4391 907 4445 cf.
927 4392 961 4444 24
1068 4392 1101 4442 28
1128 4391 1248 4460 ἁρμονίαν
1267 4410 1292 4443 τε
1311 4394 1355 4444 καὶ
1373 4392 1472 4464 κρᾶσιν]
1492 4395 1555 4447 Ver·

201 4484 322 4552 bindung
340 4483 385 4535 der
403 4482 539 4550 Mischung

203 4711 307 4780 Ῑψχιῑν
325 4710 348 4761 V
366 4725 407 4761 ex.
428 4708 509 4759 viee:
528 4706 628 4780 έχτινο
716 4706 843 4757 brutia
935 4706 1014 4758 δοιαὶ
1032 4704 1128 4774 ξηρῶν]
1147 4705 1190 4756 καὶ
1209 4702 1221 4763 ξ
1241 4705 1267 4755 in
1288 4705 1359 4756 lit.v
1451 4706 1481 4758 12
1499 4705 1556 4759 τοίν-

200 4814 273 4850 τωυ
378 4796 413 4848 20
430 4791 541 4864 Τιμαίῳ]
559 4796 685 4862 μθίννιγ.
792 4791 821 4843 21
844 4792 1114 4862 ῆυκ.1”ίο1.ιῇ1ὀ
1221 4792 1254 4844 24
1272 4792 1366 4863 τηςέοι
1385 4798 1491 4851 ποιᾶςυ

201 4884 272 4954 eurr
291 4899 318 4936 ετ
338 4882 450 4954 ψυχὴ]
557 4878 591 4933 ‘25
610 4879 680 4951 ίνκῆ
700 4896 728 4932 a:
747 4879 859 4949 ναί]
