3548 5604
203 313 246 379 36
686 302 842 362 ιιιονιοιι
862 302 924 360 sir
943 302 1077 360 ιιιεοιι

256 482 327 566 γάρ,
356 482 400 546 ότι
427 479 481 544 οῦκ
507 476 583 542 ἔστιν
610 481 629 562 ἡ
657 481 708 542 τοῦ
734 477 810 541 οότω
838 477 958 561 δυνάμει
983 475 1025 545 εἰς
1052 475 1084 538 τδ
1112 475 1241 560 ἐνεργείᾳ
1271 476 1418 560 μεταβολὴ
1441 472 1510 539 οὔτε

257 582 352 652 πάθος
373 579 441 645 οὔτε
463 580 618 649 ἀλλοίωσις
639 578 706 643 οῦτε
728 578 863 662 κίνησις),
890 579 938 641 ἐπί
959 578 993 640 τδ
1016 578 1081 660 περὶ
1104 578 1229 661 ἑκάστης
1251 577 1420 660 αἰσθήσεως
1441 573 1505 640 κατ’

261 682 334 746 ἰδίαν
355 683 447 766 λέγειν
470 681 625 766 μετῆλθεν.
1526 694 1556 736 ¹⁸

231 809 240 827 ·
343 781 389 848 Τά
411 784 444 849 δέ
469 785 613 868 κεφάλαια
634 787 694 845 τῶν
716 782 892 867 εἰρημένων·
928 786 1042 865 πρῶτον
1065 778 1183 866 ἔλαβεν,
1210 778 1255 844 ότι
1281 782 1300 864 ἡ
1323 779 1461 864 αἴσθησις
1482 779 1513 843 ἐν

226 907 241 954 5
260 889 302 969 τῷ
319 885 465 950 κινεῖσθαί
483 907 515 948 τε
537 885 585 948 καί
607 885 742 970 πάσχειν,
765 882 834 968 μεθ’
852 882 868 946 δ
890 883 1042 967 ἐζήτησεν,
1066 887 1128 953 πῶς
1149 883 1183 945 τδ
1205 883 1340 967 πάσχειν,
1362 883 1396 948 τδ
1417 881 1445 961 εἰ
1466 881 1514 946 δῦ·

260 987 346 1052 ναταί
364 1010 391 1049 τι
418 987 466 1050 καὶ
489 985 545 1048 όπδ
572 989 624 1049 τοῦ
647 985 749 1066 ὁμοίου
776 987 914 1071 πάσχειν·
942 983 990 1068 ἐφ’
1020 982 1024 1069 l
1048 985 1092 1053 οἷς
1118 986 1283 1068 ἀπορήσας,
1310 984 1358 1048 διὰ
1379 985 1408 1049 τί
1427 982 1496 1069 οῦχί
1519 989 1569 1048 162
1603 1064 1607 1072 ¹

259 1090 309 1154 καί
335 1093 394 1155 τῶν
422 1087 621 1172 αἰσθητηρίων
652 1085 749 1151 αὐτῶν
779 1086 917 1172 αἴσθησις
943 1088 1049 1170 γίνεται
1078 1084 1169 1149 ὄντων
1197 1085 1363 1170 αἰσθητῶν,
1392 1085 1435 1156 εἰς
1459 1086 1513 1169 τὴν

258 1191 338 1256 λόσιν
360 1194 413 1274 τῆς
434 1189 556 1273 ἀπορίας
582 1185 699 1276 ἔλαβεν,
713 1190 747 1252 τδ
774 1187 847 1252 εἶναι
874 1189 907 1251 τδ
935 1190 967 1251 δέ
993 1190 1111 1270 δυνάμει
1138 1189 1190 1270 τὴν
1217 1186 1368 1271 αἴσθησιν,
1395 1189 1443 1254 καὶ
1465 1186 1514 1252 διὰ

258 1297 344 1357 τοῦτο
370 1294 429 1356 δεῖν
451 1289 527 1374 αὐτῇ
551 1290 623 1375 πρδς
644 1290 697 1373 τὴν
722 1291 867 1375 ἐνέργειαν
889 1290 1041 1374 παρόντων
1063 1294 1122 1352 τῶν
1141 1289 1292 1373 αἰσθητῶν
1314 1293 1407 1366 ποιεῖν
1429 1291 1512 1353 δυνα·
1537 1306 1553 1348 ε

208 1416 240 1464 ιο
260 1394 363 1479 μένων.
401 1391 447 1479 ἐφ’
475 1391 518 1461 οἰς
539 1389 642 1476 ἐλαβεν
659 1392 769 1478 (διχῶς
789 1394 809 1476 ἡ
832 1390 978 1474 αἴσθησις,
1001 1393 1020 1475 ἡ
1045 1392 1097 1472 μὲν
1119 1392 1239 1475 δυνάμει
1261 1393 1280 1475 η
1303 1393 1337 1455 δὲ
1359 1390 1515 1476 ἐνεργείᾳ,

258 1496 327 1582 μεθ’
354 1495 374 1558 ἀ
396 1493 476 1558 εἶπεν
498 1495 558 1557 δεῖν
580 1494 672 1576 λέγειν
695 1492 746 1570 ἔτι,
769 1495 796 1558 εἰ
819 1493 943 1579 μηδέπω
966 1495 1125 1579 διώρισται,
1147 1493 1200 1556 τίνι
1222 1494 1352 1578 διαφέρει
1373 1494 1407 1557 τδ
1429 1496 1513 1558 κινεῖ·

246 1598 331 1663 ,σθαί
351 1620 383 1661 τε
409 1597 457 1660 καί
483 1597 607 1681 πάσχειν
629 1599 681 1658 τοῦ
703 1597 838 1681 ἐνεργεῖν,
865 1597 892 1658 εἰ
919 1597 952 1659 τδ
975 1596 1100 1681 πάσχειν
1127 1619 1158 1658 τε
1186 1597 1235 1659 καὶ
1260 1596 1402 1660 κινεῖσθαι
1424 1618 1514 1659 κενου·
1528 1611 1557 1654 rc

259 1700 358 1785 μένου,
381 1699 445 1762 ἐπεὶ
466 1698 515 1762 καί
536 1696 649 1779 λέγεται
672 1699 691 1781 ἡ
714 1699 825 1782 κίνησις
846 1697 976 1781 ἐνέργειά
997 1720 1040 1766 τις
1061 1697 1143 1760 εἰναι.
1189 1696 1239 1781 ἐφ’
1266 1699 1309 1769 οἰς
1331 1696 1446 1784 ἔλαβεν,
1468 1697 1513 1762 ότι

257 1804 350 1866 πάντα
372 1805 415 1884 τῷ
432 1801 555 1884 πάσχειν
578 1801 625 1863 καὶ
641 1803 758 1863 κινεῖται
779 1822 811 1863 τε
834 1800 891 1863 ὑπὸ
912 1803 963 1862 τοῦ
980 1804 1130 1882 ποιητικοῦ
1153 1799 1281 1885 ἐνεργείᾳ
1304 1799 1386 1870 ὄντος
1401 1799 1513 1872 τοῦτου,

207 1925 238 1976 15
258 1903 274 1967 θ
297 1903 414 1968 δόναται
435 1904 469 1966 τδ
491 1903 607 1987 πάσχον
623 1901 771 1982 γενέσθαι·
795 1903 840 1965 διδ
862 1904 977 1988 πάσχον
994 1901 1046 1983 μέν
1069 1901 1146 1966 ἐστιν
1162 1903 1309 1986 ἀνόμοιον,
1331 1903 1395 1967 ἐπεὶ
1409 1906 1466 1965 πᾶν
1481 1900 1515 1965 τδ
1529 1916 1557 1959 ιι

258 2010 375 2092 πάσχον
397 2003 549 2088 ἀνόμοιον,
576 2003 722 2072 πεπονθὸς
749 2004 782 2068 δὲ
805 2003 920 2086 όμοιον,
954 2005 1018 2068 ἐπεὶ
1039 2009 1077 2089 τῇ
1100 1999 1238 2087 αἰσθήσει
1260 2004 1297 2089 lp
1318 2006 1368 2069 καί
1395 2005 1515 2086 δῦναμις

256 2111 305 2172 καὶ
327 2108 466 2193 ἐνέργεια.
515 2108 564 2170 καὶ
587 2104 677 2176 ἔδειξε
704 2108 797 2170 διττὸν
824 2108 857 2171 τδ
885 2109 1015 2190 δυνάμει,
1044 2109 1092 2171 καὶ
1120 2107 1164 2171 ότι
1192 2109 1232 2192 μὴ
1261 2110 1377 2177 πάντως
1402 2111 1446 2193 τῷ
1469 2109 1515 2170 δυ·

256 2213 342 2295 νάμει
368 2212 389 2294 ἡ
417 2209 459 2278 εἰς
488 2209 541 2293 τὴν
572 2209 716 2293 ἐνέργειαν
747 2211 893 2295 μεταβολὴ
923 2209 960 2274 δι’
988 2209 1183 2278 ἀλλοιώσεως.
1232 2209 1279 2294 ἐφ’
1306 2211 1351 2279 οίς
1378 2210 1515 2295 διαίρεσιν
1528 2224 1559 2267 ευ

257 2313 417 2396 ἐποιήσατο
443 2314 495 2374 τοῦ
523 2311 726 2374 ἀλλοιοῦσθαι·
757 2312 861 2375 τοῦτου
888 2311 942 2395 γὰρ
970 2313 1139 2394 δηλωτικὸν·
1159 2312 1192 2374 τδ
1219 2313 1354 2398 πάσχειν.
1399 2312 1433 2375 τδ
1460 2312 1513 2393 μέν

204 2435 238 2482 νυ
255 2415 310 2499 γάρ
332 2437 359 2477 τι
381 2414 506 2497 πάσχειν
528 2412 601 2476 κατὰ
623 2412 737 2496 φθοράν
759 2413 876 2495 γίνεται,
899 2415 962 2498 ἥτις
988 2414 1045 2476 όπδ
1073 2412 1201 2476 ἐναντίου
1227 2412 1348 2495 γίνεται,
1376 2415 1409 2478 τδ
1432 2413 1465 2477 δέ
1486 2437 1513 2476 τι

256 2519 381 2601 πάσχειν
403 2515 517 2596 λέγεται
532 2514 698 2595 σωζόμενον
720 2516 769 2578 καί
792 2514 919 2579 ἐπιδιδδν
942 2516 984 2584 εἰς
1005 2517 1058 2598 τὴν
1080 2516 1170 2578 αὑτοῦ
1191 2516 1358 2601 τελειότητα
1380 2517 1437 2580 δπδ
1458 2518 1511 2579 τοῦ
1525 2531 1554 2574 ευ

256 2619 359 2702 ὁμοίου
381 2615 476 2700 αῦτιγῖ·
512 2616 599 2697 όμοία
620 2618 675 2700 γάρ
698 2640 762 2687 πως
783 2618 803 2699 ἡ
826 2617 885 2680 ἀπὸ
908 2622 961 2701 τῆς
983 2616 1072 2686 ἕξεως
1094 2615 1222 2700 ἐνέργεια
1242 2623 1280 2699 τῇ
1304 2618 1372 2693 ἕξει,
1399 2617 1451 2704 ἀφ’
1479 2618 1516 2703 ῆς

255 2721 374 2804 γίνεται,
397 2718 414 2781 ὃ
438 2715 442 2802 Ι
467 2718 592 2803 πάσχειν
615 2717 670 2782 οῦκ
691 2719 846 2789 ἀλλοίωσις
868 2718 903 2782 ἀν
925 2718 983 2802 είη.
1029 2718 1075 2803 ἐφ’
1103 2719 1147 2788 οίς
1170 2717 1289 2794 ἔδειξεν,
1312 2719 1357 2783 ότι
1379 2721 1399 2803 η
1422 2720 1498 2784 κατὰ
1520 2725 1570 2784 icc

255 2822 308 2905 τὴν
332 2820 452 2904 δόναμιν
467 2820 636 2902 αἰσθήσεως
658 2821 700 2890 εἰς
721 2822 773 2904 τὴν
796 2820 859 2885 κατ’
880 2821 1024 2904 ἐνέργειαν
1047 2822 1195 2906 μεταβολὴ
1218 2821 1272 2886 οἰνκ
1294 2820 1370 2886 ἔστιν
1393 2823 1412 2906 ἡ
1436 2821 1511 2906 αδτὴ

204 2943 237 2992 25
257 2928 295 3007 τῇ
318 2921 383 2988 κατ’
404 2924 558 2988 ἀλλοίωσιν
580 2924 730 3006 γινομένη.
776 2922 836 3014 ἀλλ’
861 2923 927 2988 οὐδ’
944 2924 1021 2988 οῦτω
1043 2927 1153 3009 πάσχει
1174 2926 1207 2988 τὸ
1230 2926 1451 3008 αἰσθανόμενον,
1475 2929 1516 2996 ὡς
1544 2944 1558 2986 ε

258 3025 373 3112 ἔπασχε
387 3026 424 3091 ccl
442 3025 631 3112 φθειρόμενα,
654 3023 714 3089 ἀλλ’
736 3029 777 3095 ὡς
793 3026 825 3091 τό
849 3027 890 3096 εἰς
911 3028 998 3090 έαυτδ
1021 3026 1159 3092 ἐπιδιδόν.
1204 3029 1253 3091 καὶ
1274 3030 1327 3111 τὴν
1347 3030 1517 3113 τελειότητα
1619 3056 1627 3073 ·

256 3129 384 3214 διορίσας
405 3130 496 3193 εἰπὼν
518 3131 578 3193 δεῖν
600 3133 660 3197 τοῖς
681 3132 788 3196 κοινοῖς
810 3127 934 3212 ὀνόμασι
957 3130 1090 3213 χρῆσθαι
1112 3130 1143 3192 ἐν
1166 3134 1208 3213 τᾳῖ
1232 3130 1312 3215 λόγῳ
1334 3135 1378 3215 τῷ
1400 3136 1453 3216 τῆς
1475 3131 1516 3195 αἰ·

258 3231 410 3315 σθησεως,
437 3231 502 3295 ἐπεὶ
529 3231 571 3315 μὴ
594 3229 703 3316 ἔχομεν
730 3229 766 3293 τά
794 3231 878 3315 κόρια
904 3234 963 3293 τῶν
991 3232 1228 3316 σημαινομένων,
1257 3233 1409 3298 ἀπέδωκεν
1431 3232 1517 3318 λόγον
1530 3251 1559 3294 ιο

257 3333 349 3416 αὐτῆς
371 3335 420 3397 καί
441 3332 521 3396 εἶπεν
544 3333 609 3416 [τὴν
632 3331 782 3415 αἴσθησιν]
809 3334 929 3416 δυνάμει
956 3333 989 3395 τὸ
1017 3334 1188 3417 αἰσθητικόν
1214 3334 1303 3413 εἰναι,
1330 3335 1431 3400 δποῖόν
1455 3337 1517 3402 ἐστι

206 3454 240 3503 30
257 3435 291 3498 τδ
315 3435 456 3517 αἰσθητόν
479 3435 655 3519 ἐντελεχείᾳ,
681 3436 798 3519 πάσχον
820 3435 853 3498 δέ
876 3432 925 3517 ὑφ’
954 3435 1058 3498 ἑαυτοῦ
1081 3437 1129 3498 καί
1151 3434 1188 3498 δι’
1216 3435 1319 3515 ἄλλου,
1341 3437 1376 3502 οἰι
1399 3440 1452 3523 μέν
1475 3443 1517 3510 ὡς

258 3537 339 3602 είπεν
362 3533 502 3620 πρότερον
517 3536 646 3618 γίνεσθαι
668 3538 721 3620 τὴν
744 3534 809 3600 κατ’
830 3536 974 3619 ἐνέργειαν
997 3535 1144 3620 αἴσθησιν,
1167 3542 1230 3608 πῶς
1253 3541 1301 3603 δεῖ
1320 3546 1371 3604 τοῦ
1391 3543 1516 3628 πάσχειν

259 3641 308 3705 καὶ
331 3639 522 3703 ἀλλοιοῦσθαι
544 3638 661 3701 άκοῦειν
683 3638 732 3701 ἐπὶ
754 3643 806 3722 τῆς
830 3639 993 3723 μεταβολῆς
1020 3643 1072 3721 τῆς
1095 3639 1169 3702 κατὰ
1195 3641 1248 3724 τὴν
1271 3643 1392 3725 δύναμιν
1413 3646 1516 3729 αἰσθή-
1531 3660 1558 3704 ιε

259 3725 335 3812 σεως
356 3742 397 3810 εἰς
421 3742 475 3824 τὴν
497 3739 641 3824 ἐνέργειαν
664 3744 856 3824 προειρηκώς.
902 3742 918 3804 ό
941 3739 967 3804 δ’
989 3742 1145 3811 ἀποδοθείς
1167 3743 1252 3825 λόγος
1274 3749 1326 3829 τῆς
1348 3745 1518 3829 αἰσθήσεώς

259 3845 320 3910 ἐστι
341 3844 375 3907 τδ
397 3843 567 3924 αἰσθητικὸν
589 3844 711 3924 δυνάμει
738 3842 769 3905 ὂν
793 3842 854 3906 οἰον
880 3845 913 3906 τό
935 3843 1076 3926 αἰσθητόν
1104 3842 1162 3928 ἤδη
1190 3846 1267 3909 ἐστὶν
1294 3846 1473 3932 ἐντελεχείᾳ,
1500 3846 1516 3910 ὃ

208 3966 241 4015 ³5
261 3947 378 4031 πάσχον
401 3946 454 4029 μέν
476 3943 526 4008 ὑπ’
553 3942 643 4007 αἰντοῦ
666 3943 782 4007 οἰιδέπω
806 3946 906 4029 ὅμοιόν
930 3945 1001 4021 ἐστι,
1024 3946 1171 4015 πεπονθὸς
1192 3947 1225 4010 δέ
1247 3946 1356 4029 όμοιον.
1382 3949 1386 4032 l
1530 3966 1558 4009 sc

208 4099 272 4151 θτδ
291 4098 376 4151 Disls:
395 4097 427 4150 τό
445 4097 505 4150 libri
595 4097 634 4151 ἰπὶ
652 4100 684 4151 τὰ
703 4101 785 4153 GFSa
804 4098 861 4166 Sp:
880 4097 919 4150 ἐπι
939 4098 1003 4163 (liter
1022 4099 1093 4164 v.c.)
1115 4117 1146 4150 τα
1165 4099 1203 4152 sic
1222 4103 1255 4150 Vr
1280 4099 1404 4154 ίπειταΒ
1495 4103 1571 4174 ῦτδ]

208 4187 252 4240 καὶ
270 4186 338 4239 coni.
357 4184 411 4252 Sp,
430 4185 475 4237 sed
494 4185 669 4253 supplendum
689 4186 793 4259 ἐζήτησε
812 4185 842 4238 τδ
935 4186 959 4238 5.
980 4186 995 4237 6
1014 4184 1117 4238 δυναται
1136 4190 1159 4237 V
1249 4186 1314 4240 διὸ
1331 4185 1370 4257 11]
1389 4207 1419 4242 το
1436 4189 1462 4243 δι
1481 4190 1572 4261 (supra

209 4291 223 4325 ο
243 4272 306 4338 rss.)
324 4277 357 4326 V:
380 4270 438 4324 τότε
456 4272 524 4325 coni.
543 4271 588 4339 Sp.
607 4272 639 4326 ci.
659 4273 737 4338 83,1:
757 4272 814 4326 τόδε
832 4272 962 4326 Schwartz
1052 4271 1068 4323 9
1091 4271 1154 4341 δεῖν]
1173 4270 1268 4326 δεῖσθαι
1285 4276 1352 4328 coni.
1371 4275 1417 4344 Sp.
1505 4278 1572 4351 εδτη·

208 4360 313 4428 scripsi:
342 4356 421 4428 αδτλγν
439 4358 500 4412 libri
520 4358 563 4425 (ci.
576 4357 667 4425 8518)
759 4360 790 4412 1⁶2
814 4359 882 4412 εἰτὸ
901 4360 1006 4427 scripsi:
1029 4359 1055 4411 ἐν
1080 4359 1195 4428 τῷίίδιί
1288 4363 1319 4416 14
1345 4362 1455 4418 fortssss
1472 4368 1523 4418 πᾶν
1541 4363 1572 4418 τό

208 4447 305 4518 πάσχον
324 4447 415 4518 πάσχει
431 4462 459 4497 τε
471 4447 513 4497 παλ
531 4453 636 4498 κινεῖται
654 4446 703 4500 ῦπό
721 4447 827 4511 υ1.83,9
846 4446 937 4512 (πάντα
957 4448 1056 4519 πάσχει,
1074 4466 1102 4499 πε
1115 4447 1174 4510 dcl,
1193 4449 1259 4511 (καὶ)
1278 4449 1311 4501 ἰν.
1325 4451 1382 4518 Sp.)
1455 4451 1486 4505 15
1505 4452 1572 4506 ἰστιν

208 4534 314 4603 scripsi:
335 4530 374 4585 ότι
391 4533 465 4585 libri:
484 4550 508 4584 τι
527 4533 596 4587 coni.
614 4532 658 4600 Sp.
733 4535 762 4586 17
782 4533 1006 4601 slt.scidel.Sp.
1079 4533 1109 4586 21
1132 4535 1211 4588 ’ἀυτου
1229 4537 1303 4588 sicV
1375 4535 1410 4589 21
1428 4537 1572 4608 sbrqiSp.=

209 4620 287 4675 αότυῦ
299 4620 362 4674 libri
445 4617 479 4672 23
500 4619 529 4689 η]
547 4618 568 4671 εἰ
587 4637 615 4671 ει
639 4619 748 4672 icrtsssc
766 4620 864 4690 η<πῆ>
947 4619 981 4672 24
1000 4619 1146 4696 clcbbcrrcc
1160 4622 1227 4674 Vict.
1245 4623 1303 4691 Sp:
1322 4621 1437 4693 αἰσθήσει
1455 4625 1471 4694 ἠ
1490 4627 1572 4679 GFB:

209 4704 322 4775 αἰσθήσει
340 4726 357 4777 η
377 4706 416 4759 sic
434 4709 467 4758 V:
491 4704 622 4776 αἰαθησιίη
641 4709 677 4760 Ss
770 4706 803 4759 26
827 4707 901 4758 lauro
920 4710 942 4757 V
1032 4706 1139 4761 επιδιδόν
1159 4710 1265 4777 scripsi:
1287 4708 1376 4762 ἀποδεῖ
1393 4710 1465 4765 libri:
1487 4711 1571 4782 ἐπειδὴ

210 4792 279 4845 Vici.
350 4791 384 4846 29
402 4793 450 4862 τὴν
468 4790 582 4862 αἰσθησιν
603 4794 795 4861 circumscripsi
894 4793 929 4845 30
952 4793 1061 4846 fortasse
1083 4791 1128 4846 ὑπ’
1152 4795 1229 4849 αυτοῦ
1332 4794 1389 4865 μίν]
1409 4815 1455 4864 μεν
1473 4800 1506 4850 Vr
1520 4799 1571 4868 μην

211 4878 278 4933 Vict.
296 4877 341 4947 Sp.
431 4878 473 4935 32.
493 4879 527 4933 33
545 4875 688 4952 αἰσθήσεως
705 4880 786 4933 Victa
805 4878 919 4952 αἴσθησιν
938 4880 999 4934 libri
1088 4880 1122 4935 δέ
1141 4881 1191 4957 ηδη
1211 4887 1234 4934 V
1323 4881 1507 4964 ἰντιλαχειαθ
