<?xml version="1.0" encoding="UTF-8"?>
<!DOCTYPE html PUBLIC "-//W3C//DTD XHTML 1.0 Transitional//EN"
    "http://www.w3.org/TR/xhtml1/DTD/xhtml1-transitional.dtd">
<html xmlns="http://www.w3.org/1999/xhtml" xml:lang="en" lang="en">
 <head>
  <title>
</title>
<meta http-equiv="Content-Type" content="text/html;charset=utf-8" />
  <meta name='ocr-system' content='tesseract 3.04.00' />
  <meta name='ocr-capabilities' content='ocr_page ocr_carea ocr_par ocr_line ocrx_word'/>
</head>
<body>
  <div class='ocr_page' id='page_1' title='image "./supplementumari02arisgoog/supplementumari02arisgoog_0436.png"; bbox 0 0 3548 5604; ppageno 0'>
   <div class='ocr_carea' id='block_1_1' title="bbox 580 329 1082 389">
    <p class='ocr_par' dir='ltr' id='par_1_1' title="bbox 580 329 1082 389">
     <span class='ocr_line' id='line_1_1' title="bbox 580 329 1082 389; baseline 0.004 -3"><span class='ocrx_word' id='word_1_1' title='bbox 580 329 709 387; x_wconf 82' lang='grc' dir='ltr'>ΗΘΙΚΩΝ</span> <span class='ocrx_word' id='word_1_2' title='bbox 731 331 995 388; x_wconf 76' lang='grc' dir='ltr'>ΠΡΟΒΑΗλίλΊῺΝ</span> <span class='ocrx_word' id='word_1_3' title='bbox 1016 337 1082 389; x_wconf 69' lang='grc'>5-4</span> 
     </span>
    </p>
   </div>
   <div class='ocr_carea' id='block_1_2' title="bbox 203 661 1511 849">
    <p class='ocr_par' dir='ltr' id='par_1_2' title="bbox 203 661 1511 849">
     <span class='ocr_line' id='line_1_2' title="bbox 203 661 1511 747; baseline 0.001 -23"><span class='ocrx_word' id='word_1_4' title='bbox 203 662 271 726; x_wconf 88' lang='lat' dir='ltr'><strong>VII.</strong></span> <span class='ocrx_word' id='word_1_5' title='bbox 310 661 373 726; x_wconf 85' lang='grc' dir='ltr'>Διὰ</span> <span class='ocrx_word' id='word_1_6' title='bbox 394 663 442 737; x_wconf 91' lang='grc' dir='ltr'>τί,</span> <span class='ocrx_word' id='word_1_7' title='bbox 465 663 496 725; x_wconf 82' lang='grc' dir='ltr'>εἰ</span> <span class='ocrx_word' id='word_1_8' title='bbox 517 664 536 744; x_wconf 90' lang='grc' dir='ltr'>ἡ</span> <span class='ocrx_word' id='word_1_9' title='bbox 560 663 649 746; x_wconf 99' lang='grc' dir='ltr'>λύπη</span> <span class='ocrx_word' id='word_1_10' title='bbox 673 668 765 727; x_wconf 82' lang='grc' dir='ltr'>πᾶσα</span> <span class='ocrx_word' id='word_1_11' title='bbox 789 663 894 726; x_wconf 88' lang='grc' dir='ltr'>κακδν</span> <span class='ocrx_word' id='word_1_12' title='bbox 917 668 958 744; x_wconf 82' lang='grc' dir='ltr'>τὴ</span> <span class='ocrx_word' id='word_1_13' title='bbox 983 663 1110 746; x_wconf 83' lang='grc' dir='ltr'>ἑαυτῆς</span> <span class='ocrx_word' id='word_1_14' title='bbox 1131 663 1249 747; x_wconf 78' lang='grc' dir='ltr'>φύσει,</span> <span class='ocrx_word' id='word_1_15' title='bbox 1273 662 1353 747; x_wconf 82' lang='grc' dir='ltr'>οὐχὶ</span> <span class='ocrx_word' id='word_1_16' title='bbox 1377 664 1435 725; x_wconf 84' lang='grc' dir='ltr'>καὶ</span> <span class='ocrx_word' id='word_1_17' title='bbox 1459 668 1511 726; x_wconf 79' lang='grc'>243</span> 
     </span>
     <span class='ocr_line' id='line_1_3' title="bbox 381 762 1280 849; baseline 0.002 -24"><span class='ocrx_word' id='word_1_18' title='bbox 381 767 400 846; x_wconf 96' lang='grc' dir='ltr'>ἡ</span> <span class='ocrx_word' id='word_1_19' title='bbox 423 765 533 846; x_wconf 82' lang='grc' dir='ltr'>ἡδονὴ</span> <span class='ocrx_word' id='word_1_20' title='bbox 557 769 651 828; x_wconf 86' lang='grc' dir='ltr'>πᾶσα</span> <span class='ocrx_word' id='word_1_21' title='bbox 673 766 805 847; x_wconf 81' lang='grc' dir='ltr'>ἀγαθόν</span> <span class='ocrx_word' id='word_1_22' title='bbox 828 762 925 828; x_wconf 85' lang='grc' dir='ltr'>ἔσται</span> <span class='ocrx_word' id='word_1_23' title='bbox 947 769 990 846; x_wconf 75' lang='grc' dir='ltr'>τῇ</span> <span class='ocrx_word' id='word_1_24' title='bbox 1015 765 1144 847; x_wconf 81' lang='grc' dir='ltr'>ἐαοτὴς</span> <span class='ocrx_word' id='word_1_25' title='bbox 1166 765 1280 849; x_wconf 85' lang='grc' dir='ltr'>φύσει.</span> 
     </span>
    </p>
   </div>
   <div class='ocr_carea' id='block_1_3' title="bbox 131 931 1504 4402">
    <p class='ocr_par' dir='ltr' id='par_1_3' title="bbox 164 931 1498 1324">
     <span class='ocr_line' id='line_1_4' title="bbox 279 931 1455 1019; baseline 0 -22"><span class='ocrx_word' id='word_1_26' title='bbox 279 931 317 998; x_wconf 86' lang='grc' dir='ltr'><strong><em>Ἢ</em></strong></span> <span class='ocrx_word' id='word_1_27' title='bbox 346 934 400 1017; x_wconf 85' lang='grc' dir='ltr'>γὰρ</span> <span class='ocrx_word' id='word_1_28' title='bbox 428 937 524 997; x_wconf 84' lang='grc' dir='ltr'>πᾶσαν</span> <span class='ocrx_word' id='word_1_29' title='bbox 550 932 609 997; x_wconf 90' lang='grc' dir='ltr'>ἐδει</span> <span class='ocrx_word' id='word_1_30' title='bbox 637 936 684 997; x_wconf 88' lang='grc' dir='ltr'>καὶ</span> <span class='ocrx_word' id='word_1_31' title='bbox 712 936 763 1018; x_wconf 78' lang='grc' dir='ltr'>τὴν</span> <span class='ocrx_word' id='word_1_32' title='bbox 793 936 900 1018; x_wconf 80' lang='grc' dir='ltr'>ἡδονὴν</span> <span class='ocrx_word' id='word_1_33' title='bbox 929 935 1017 997; x_wconf 82' lang='grc' dir='ltr'>κακὸν</span> <span class='ocrx_word' id='word_1_34' title='bbox 1045 933 1116 997; x_wconf 80' lang='grc' dir='ltr'>εἶναι</span> <span class='ocrx_word' id='word_1_35' title='bbox 1148 934 1237 999; x_wconf 80' lang='grc' dir='ltr'>οὖσαν</span> <span class='ocrx_word' id='word_1_36' title='bbox 1265 936 1392 999; x_wconf 88' lang='grc' dir='ltr'>ἐναντίον</span> <span class='ocrx_word' id='word_1_37' title='bbox 1419 940 1455 1019; x_wconf 79' lang='grc' dir='ltr'>τὴ</span> 
     </span>
     <span class='ocr_line' id='line_1_5' title="bbox 201 1036 1457 1121; baseline 0.002 -23"><span class='ocrx_word' id='word_1_38' title='bbox 201 1036 280 1119; x_wconf 89' lang='grc' dir='ltr'>λύπη</span> <span class='ocrx_word' id='word_1_39' title='bbox 305 1040 345 1105; x_wconf 88' lang='grc' dir='ltr'>ῶς</span> <span class='ocrx_word' id='word_1_40' title='bbox 368 1037 456 1100; x_wconf 89' lang='grc' dir='ltr'>κακδν</span> <span class='ocrx_word' id='word_1_41' title='bbox 477 1042 572 1121; x_wconf 76' lang='grc' dir='ltr'>κακῷ,</span> <span class='ocrx_word' id='word_1_42' title='bbox 596 1037 614 1120; x_wconf 87' lang='grc' dir='ltr'>ἡ</span> <span class='ocrx_word' id='word_1_43' title='bbox 639 1037 727 1120; x_wconf 78' lang='grc' dir='ltr'>εἰμὴ</span> <span class='ocrx_word' id='word_1_44' title='bbox 753 1040 793 1105; x_wconf 86' lang='grc' dir='ltr'>ὡς</span> <span class='ocrx_word' id='word_1_45' title='bbox 807 1037 933 1120; x_wconf 82' lang='grc' dir='ltr'>φευκτὸν</span> <span class='ocrx_word' id='word_1_46' title='bbox 957 1037 1032 1118; x_wconf 81' lang='grc' dir='ltr'>μηδὲ</span> <span class='ocrx_word' id='word_1_47' title='bbox 1055 1038 1143 1098; x_wconf 84' lang='grc' dir='ltr'>κακὸν</span> <span class='ocrx_word' id='word_1_48' title='bbox 1166 1039 1184 1120; x_wconf 92' lang='grc' dir='ltr'>ἡ</span> <span class='ocrx_word' id='word_1_49' title='bbox 1208 1039 1311 1121; x_wconf 81' lang='grc' dir='ltr'>ἡδονή,</span> <span class='ocrx_word' id='word_1_50' title='bbox 1335 1037 1457 1107; x_wconf 82' lang='grc' dir='ltr'>ἀλλ’ὡς</span> 
     </span>
     <span class='ocr_line' id='line_1_6' title="bbox 164 1137 1498 1223; baseline -0.007 -17"><span class='ocrx_word' id='word_1_51' title='bbox 164 1138 308 1220; x_wconf 76' lang='grc' dir='ltr'>σάγαθδν</span> <span class='ocrx_word' id='word_1_52' title='bbox 332 1143 415 1223; x_wconf 79' lang='grc' dir='ltr'>κακῷ</span> <span class='ocrx_word' id='word_1_53' title='bbox 433 1138 598 1214; x_wconf 78' lang='grc' dir='ltr'>ἀντίκειται,</span> <span class='ocrx_word' id='word_1_54' title='bbox 622 1143 716 1202; x_wconf 84' lang='grc' dir='ltr'>πᾶσαν</span> <span class='ocrx_word' id='word_1_55' title='bbox 739 1139 850 1220; x_wconf 88' lang='grc' dir='ltr'>ἀγαθδν</span> <span class='ocrx_word' id='word_1_56' title='bbox 867 1137 949 1200; x_wconf 85' lang='grc' dir='ltr'>εἶναι.</span> <span class='ocrx_word' id='word_1_57' title='bbox 995 1139 1022 1199; x_wconf 86' lang='grc' dir='ltr'>εἰ</span> <span class='ocrx_word' id='word_1_58' title='bbox 1043 1137 1097 1222; x_wconf 85' lang='grc' dir='ltr'>γὰρ</span> <span class='ocrx_word' id='word_1_59' title='bbox 1114 1137 1160 1222; x_wconf 84' lang='grc' dir='ltr'>εἴη</span> <span class='ocrx_word' id='word_1_60' title='bbox 1177 1162 1218 1207; x_wconf 90' lang='grc' dir='ltr'>τις</span> <span class='ocrx_word' id='word_1_61' title='bbox 1240 1141 1331 1223; x_wconf 80' lang='grc' dir='ltr'>ἡδονὴ</span> <span class='ocrx_word' id='word_1_62' title='bbox 1355 1139 1454 1215; x_wconf 85' lang='grc' dir='ltr'>κακόν,</span> <span class='ocrx_word' id='word_1_63' title='bbox 1470 1157 1498 1198; x_wconf 88' lang='grc' dir='ltr'>ιο</span> 
     </span>
     <span class='ocr_line' id='line_1_7' title="bbox 200 1238 1454 1324; baseline 0.001 -21"><span class='ocrx_word' id='word_1_64' title='bbox 200 1239 246 1324; x_wconf 77' lang='grc' dir='ltr'>εἴη</span> <span class='ocrx_word' id='word_1_65' title='bbox 270 1240 303 1303; x_wconf 75' lang='grc' dir='ltr'>ἂν</span> <span class='ocrx_word' id='word_1_66' title='bbox 326 1247 384 1303; x_wconf 94' lang='grc' dir='ltr'>τῶν</span> <span class='ocrx_word' id='word_1_67' title='bbox 407 1244 508 1303; x_wconf 82' lang='grc' dir='ltr'>λυπῶν</span> <span class='ocrx_word' id='word_1_68' title='bbox 531 1247 628 1304; x_wconf 83' lang='grc' dir='ltr'>κακῶν</span> <span class='ocrx_word' id='word_1_69' title='bbox 652 1240 748 1304; x_wconf 80' lang='grc' dir='ltr'>οὐσῶν</span> <span class='ocrx_word' id='word_1_70' title='bbox 771 1245 874 1303; x_wconf 91' lang='grc' dir='ltr'>πασῶν</span> <span class='ocrx_word' id='word_1_71' title='bbox 897 1242 915 1323; x_wconf 95' lang='grc' dir='ltr'>ἡ</span> <span class='ocrx_word' id='word_1_72' title='bbox 940 1239 1041 1322; x_wconf 86' lang='grc' dir='ltr'>ἡδονὴ,</span> <span class='ocrx_word' id='word_1_73' title='bbox 1069 1240 1181 1303; x_wconf 80' lang='grc' dir='ltr'>ἐναντία</span> <span class='ocrx_word' id='word_1_74' title='bbox 1209 1238 1282 1304; x_wconf 80' lang='grc' dir='ltr'>οὖσα</span> <span class='ocrx_word' id='word_1_75' title='bbox 1303 1245 1342 1323; x_wconf 71' lang='grc' dir='ltr'>τῇ</span> <span class='ocrx_word' id='word_1_76' title='bbox 1365 1242 1454 1324; x_wconf 90' lang='grc' dir='ltr'>λύπη,</span> 
     </span>
    </p>

    <p class='ocr_par' dir='ltr' id='par_1_4' title="bbox 131 1341 1504 4402">
     <span class='ocr_line' id='line_1_8' title="bbox 199 1341 1453 1428; baseline 0 -21"><span class='ocrx_word' id='word_1_77' title='bbox 199 1346 218 1427; x_wconf 93' lang='grc' dir='ltr'>ἡ</span> <span class='ocrx_word' id='word_1_78' title='bbox 243 1345 294 1425; x_wconf 89' lang='grc' dir='ltr'>μέν</span> <span class='ocrx_word' id='word_1_79' title='bbox 318 1347 357 1412; x_wconf 89' lang='grc' dir='ltr'>ῶς</span> <span class='ocrx_word' id='word_1_80' title='bbox 387 1345 476 1407; x_wconf 88' lang='grc' dir='ltr'>κακδν</span> <span class='ocrx_word' id='word_1_81' title='bbox 500 1349 582 1428; x_wconf 80' lang='grc' dir='ltr'>κακῷ</span> <span class='ocrx_word' id='word_1_82' title='bbox 606 1342 729 1419; x_wconf 79' lang='grc' dir='ltr'>ἐναντία,</span> <span class='ocrx_word' id='word_1_83' title='bbox 758 1345 776 1426; x_wconf 99' lang='grc' dir='ltr'>ἡ</span> <span class='ocrx_word' id='word_1_84' title='bbox 800 1343 832 1405; x_wconf 83' lang='grc' dir='ltr'>δὲ</span> <span class='ocrx_word' id='word_1_85' title='bbox 855 1345 895 1410; x_wconf 86' lang='grc' dir='ltr'>ῶς</span> <span class='ocrx_word' id='word_1_86' title='bbox 919 1342 1029 1423; x_wconf 81' lang='grc' dir='ltr'>ἀγαθόν</span> <span class='ocrx_word' id='word_1_87' title='bbox 1052 1347 1147 1426; x_wconf 75' lang='grc' dir='ltr'>κακῷ,</span> <span class='ocrx_word' id='word_1_88' title='bbox 1175 1341 1219 1405; x_wconf 83' lang='grc' dir='ltr'>ότι</span> <span class='ocrx_word' id='word_1_89' title='bbox 1241 1344 1331 1406; x_wconf 87' lang='grc' dir='ltr'>δεῖται</span> <span class='ocrx_word' id='word_1_90' title='bbox 1354 1343 1453 1426; x_wconf 84' lang='grc' dir='ltr'>λόγου.</span> 
     </span>
     <span class='ocr_line' id='line_1_9' title="bbox 199 1444 1494 1531; baseline -0.004 -23"><span class='ocrx_word' id='word_1_91' title='bbox 199 1446 218 1528; x_wconf 88' lang='grc' dir='ltr'>ἡ</span> <span class='ocrx_word' id='word_1_92' title='bbox 242 1444 309 1509; x_wconf 81' lang='grc' dir='ltr'>οὐδὲ</span> <span class='ocrx_word' id='word_1_93' title='bbox 332 1446 408 1529; x_wconf 91' lang='grc' dir='ltr'>λύπη</span> <span class='ocrx_word' id='word_1_94' title='bbox 432 1450 513 1509; x_wconf 84' lang='grc' dir='ltr'>πᾶσα</span> <span class='ocrx_word' id='word_1_95' title='bbox 529 1445 627 1516; x_wconf 83' lang='grc' dir='ltr'>κακόν,</span> <span class='ocrx_word' id='word_1_96' title='bbox 650 1445 731 1527; x_wconf 82' lang='grc' dir='ltr'>εἴγε</span> <span class='ocrx_word' id='word_1_97' title='bbox 752 1446 801 1507; x_wconf 88' lang='grc' dir='ltr'>καὶ</span> <span class='ocrx_word' id='word_1_98' title='bbox 824 1445 854 1507; x_wconf 91' lang='grc' dir='ltr'>ἐν</span> <span class='ocrx_word' id='word_1_99' title='bbox 875 1444 986 1511; x_wconf 87' lang='grc' dir='ltr'>τούτοις</span> <span class='ocrx_word' id='word_1_100' title='bbox 1009 1446 1027 1526; x_wconf 89' lang='grc' dir='ltr'>ἡ</span> <span class='ocrx_word' id='word_1_101' title='bbox 1052 1445 1141 1527; x_wconf 82' lang='grc' dir='ltr'>ἀρετὴ</span> <span class='ocrx_word' id='word_1_102' title='bbox 1165 1448 1215 1506; x_wconf 82' lang='grc' dir='ltr'>τοῦ</span> <span class='ocrx_word' id='word_1_103' title='bbox 1232 1444 1325 1527; x_wconf 86' lang='grc' dir='ltr'>μέσου</span> <span class='ocrx_word' id='word_1_104' title='bbox 1350 1467 1453 1531; x_wconf 88' lang='grc' dir='ltr'>στοχα·</span> <span class='ocrx_word' id='word_1_105' title='bbox 1468 1462 1494 1503; x_wconf 77' lang='grc' dir='ltr'>ιο</span> 
     </span>
     <span class='ocr_line' id='line_1_10' title="bbox 197 1545 1447 1632; baseline 0.001 -23"><span class='ocrx_word' id='word_1_106' title='bbox 197 1547 295 1630; x_wconf 83' lang='grc' dir='ltr'>στικὴ,</span> <span class='ocrx_word' id='word_1_107' title='bbox 324 1548 376 1610; x_wconf 91' lang='grc' dir='ltr'>καί</span> <span class='ocrx_word' id='word_1_108' title='bbox 394 1549 465 1611; x_wconf 75' lang='grc' dir='ltr'>εἰσιν</span> <span class='ocrx_word' id='word_1_109' title='bbox 488 1549 592 1612; x_wconf 80' lang='grc' dir='ltr'>οἰκεῖαι</span> <span class='ocrx_word' id='word_1_110' title='bbox 613 1554 656 1632; x_wconf 78' lang='grc' dir='ltr'>τῷ</span> <span class='ocrx_word' id='word_1_111' title='bbox 681 1547 831 1630; x_wconf 79' lang='grc' dir='ltr'>σπουδαίῳ</span> <span class='ocrx_word' id='word_1_112' title='bbox 860 1547 907 1608; x_wconf 84' lang='grc' dir='ltr'>καὶ</span> <span class='ocrx_word' id='word_1_113' title='bbox 930 1546 1019 1608; x_wconf 87' lang='grc' dir='ltr'>λύπαι</span> <span class='ocrx_word' id='word_1_114' title='bbox 1045 1547 1119 1614; x_wconf 85' lang='grc' dir='ltr'>τινὲς</span> <span class='ocrx_word' id='word_1_115' title='bbox 1141 1547 1190 1608; x_wconf 81' lang='grc' dir='ltr'>καὶ</span> <span class='ocrx_word' id='word_1_116' title='bbox 1212 1545 1305 1609; x_wconf 90' lang='grc' dir='ltr'>πόνοι.</span> <span class='ocrx_word' id='word_1_117' title='bbox 1350 1547 1396 1631; x_wconf 80' lang='grc' dir='ltr'>εἴη</span> <span class='ocrx_word' id='word_1_118' title='bbox 1420 1547 1447 1610; x_wconf 81' lang='grc' dir='ltr'>δ’</span> 
     </span>
     <span class='ocr_line' id='line_1_11' title="bbox 149 1647 1453 1734; baseline 0 -23"><span class='ocrx_word' id='word_1_119' title='bbox 149 1670 179 1716; x_wconf 86' lang='lat'>10</span> <span class='ocrx_word' id='word_1_120' title='bbox 198 1648 233 1711; x_wconf 74' lang='grc' dir='ltr'>ἂν</span> <span class='ocrx_word' id='word_1_121' title='bbox 256 1649 419 1733; x_wconf 86' lang='grc' dir='ltr'>κοινότερον</span> <span class='ocrx_word' id='word_1_122' title='bbox 443 1653 458 1713; x_wconf 94' lang='grc' dir='ltr'>ό</span> <span class='ocrx_word' id='word_1_123' title='bbox 479 1650 566 1719; x_wconf 83' lang='grc' dir='ltr'>πόνος</span> <span class='ocrx_word' id='word_1_124' title='bbox 587 1657 640 1734; x_wconf 78' lang='grc' dir='ltr'>τῆς</span> <span class='ocrx_word' id='word_1_125' title='bbox 662 1650 765 1732; x_wconf 88' lang='grc' dir='ltr'>λύπης.</span> <span class='ocrx_word' id='word_1_126' title='bbox 799 1650 841 1717; x_wconf 89' lang='grc' dir='ltr'>τὶς</span> <span class='ocrx_word' id='word_1_127' title='bbox 863 1648 916 1730; x_wconf 85' lang='grc' dir='ltr'>γὰρ</span> <span class='ocrx_word' id='word_1_128' title='bbox 939 1647 1026 1717; x_wconf 89' lang='grc' dir='ltr'>πόνος</span> <span class='ocrx_word' id='word_1_129' title='bbox 1049 1649 1171 1732; x_wconf 90' lang='grc' dir='ltr'>ἡλύπη.</span> <span class='ocrx_word' id='word_1_130' title='bbox 1206 1650 1253 1712; x_wconf 81' lang='grc' dir='ltr'>καὶ</span> <span class='ocrx_word' id='word_1_131' title='bbox 1277 1649 1330 1731; x_wconf 88' lang='grc' dir='ltr'>γὰρ</span> <span class='ocrx_word' id='word_1_132' title='bbox 1353 1651 1453 1731; x_wconf 83' lang='grc' dir='ltr'>ὥσπερ</span> 
     </span>
     <span class='ocr_line' id='line_1_12' title="bbox 195 1748 1446 1838; baseline -0.002 -22"><span class='ocrx_word' id='word_1_133' title='bbox 195 1755 214 1836; x_wconf 91' lang='grc' dir='ltr'>ἡ</span> <span class='ocrx_word' id='word_1_134' title='bbox 237 1753 328 1835; x_wconf 82' lang='grc' dir='ltr'>ἡδονὴ</span> <span class='ocrx_word' id='word_1_135' title='bbox 351 1758 413 1821; x_wconf 86' lang='grc' dir='ltr'>ταῖς</span> <span class='ocrx_word' id='word_1_136' title='bbox 428 1753 584 1838; x_wconf 75' lang='grc' dir='ltr'>ἐνεργείαις</span> <span class='ocrx_word' id='word_1_137' title='bbox 607 1752 735 1837; x_wconf 80' lang='grc' dir='ltr'>ἑπομένη</span> <span class='ocrx_word' id='word_1_138' title='bbox 758 1752 807 1814; x_wconf 81' lang='grc' dir='ltr'>καὶ</span> <span class='ocrx_word' id='word_1_139' title='bbox 830 1750 916 1834; x_wconf 90' lang='grc' dir='ltr'>μέρος</span> <span class='ocrx_word' id='word_1_140' title='bbox 938 1775 1002 1819; x_wconf 90' lang='grc' dir='ltr'>πως</span> <span class='ocrx_word' id='word_1_141' title='bbox 1024 1752 1142 1834; x_wconf 88' lang='grc' dir='ltr'>ἡτέλος</span> <span class='ocrx_word' id='word_1_142' title='bbox 1164 1750 1236 1814; x_wconf 84' lang='grc' dir='ltr'>οὖσα</span> <span class='ocrx_word' id='word_1_143' title='bbox 1258 1752 1355 1814; x_wconf 88' lang='grc' dir='ltr'>αὐτῶν</span> <span class='ocrx_word' id='word_1_144' title='bbox 1379 1748 1446 1834; x_wconf 81' lang='grc' dir='ltr'>παρ’</span> 
     </span>
     <span class='ocr_line' id='line_1_13' title="bbox 194 1852 1494 1948; baseline -0.005 -31"><span class='ocrx_word' id='word_1_145' title='bbox 194 1855 312 1918; x_wconf 80' lang='grc' dir='ltr'>ἐκείνων</span> <span class='ocrx_word' id='word_1_146' title='bbox 335 1853 398 1939; x_wconf 83' lang='grc' dir='ltr'>ἔχει</span> <span class='ocrx_word' id='word_1_147' title='bbox 423 1857 454 1918; x_wconf 84' lang='grc' dir='ltr'>τό</span> <span class='ocrx_word' id='word_1_148' title='bbox 477 1855 590 1940; x_wconf 88' lang='grc' dir='ltr'>αἱρετόν</span> <span class='ocrx_word' id='word_1_149' title='bbox 618 1878 648 1918; x_wconf 89' lang='grc' dir='ltr'>τε</span> <span class='ocrx_word' id='word_1_150' title='bbox 672 1855 720 1917; x_wconf 88' lang='grc' dir='ltr'>καὶ</span> <span class='ocrx_word' id='word_1_151' title='bbox 746 1852 870 1938; x_wconf 80' lang='grc' dir='ltr'>φευκτόν</span> <span class='ocrx_word' id='word_1_152' title='bbox 898 1852 1023 1936; x_wconf 82' lang='grc' dir='ltr'>(αἱρεταὶ</span> <span class='ocrx_word' id='word_1_153' title='bbox 1047 1853 1174 1948; x_wconf 79' lang='grc' dir='ltr'>μὲνγὰρ</span> <span class='ocrx_word' id='word_1_154' title='bbox 1203 1856 1233 1916; x_wconf 86' lang='grc' dir='ltr'>αἱ</span> <span class='ocrx_word' id='word_1_155' title='bbox 1257 1855 1304 1916; x_wconf 86' lang='grc' dir='ltr'>ἐπὶ</span> <span class='ocrx_word' id='word_1_156' title='bbox 1327 1859 1389 1922; x_wconf 88' lang='grc' dir='ltr'>ταῖς</span> <span class='ocrx_word' id='word_1_157' title='bbox 1412 1856 1494 1916; x_wconf 67' lang='lat' dir='ltr'>oti-w</span> 
     </span>
     <span class='ocr_line' id='line_1_14' title="bbox 195 1953 1450 2041; baseline 0 -23"><span class='ocrx_word' id='word_1_158' title='bbox 195 1961 291 2039; x_wconf 88' lang='grc' dir='ltr'>ρεταῖς</span> <span class='ocrx_word' id='word_1_159' title='bbox 312 1957 475 2040; x_wconf 71' lang='grc' dir='ltr'>ἐνεργείαις,</span> <span class='ocrx_word' id='word_1_160' title='bbox 498 1958 620 2041; x_wconf 85' lang='grc' dir='ltr'>φεοκταὶ</span> <span class='ocrx_word' id='word_1_161' title='bbox 643 1953 668 2019; x_wconf 78' lang='grc' dir='ltr'>δ’</span> <span class='ocrx_word' id='word_1_162' title='bbox 690 1958 719 2018; x_wconf 86' lang='grc' dir='ltr'>αἱ</span> <span class='ocrx_word' id='word_1_163' title='bbox 742 1956 790 2017; x_wconf 89' lang='grc' dir='ltr'>ἐπὶ</span> <span class='ocrx_word' id='word_1_164' title='bbox 813 1960 874 2024; x_wconf 85' lang='grc' dir='ltr'>ταῖς</span> <span class='ocrx_word' id='word_1_165' title='bbox 897 1956 937 2038; x_wconf 84' lang='grc' dir='ltr'>μὴ</span> <span class='ocrx_word' id='word_1_166' title='bbox 955 1954 1122 2037; x_wconf 82' lang='grc' dir='ltr'>τοιαύταις),</span> <span class='ocrx_word' id='word_1_167' title='bbox 1147 1956 1240 2025; x_wconf 80' lang='grc' dir='ltr'>οὕτως</span> <span class='ocrx_word' id='word_1_168' title='bbox 1262 1955 1379 2039; x_wconf 89' lang='grc' dir='ltr'>εύλογον</span> <span class='ocrx_word' id='word_1_169' title='bbox 1402 1958 1450 2018; x_wconf 84' lang='grc' dir='ltr'>καὶ</span> 
     </span>
     <span class='ocr_line' id='line_1_15' title="bbox 194 2057 1451 2144; baseline -0.001 -24"><span class='ocrx_word' id='word_1_170' title='bbox 194 2059 243 2128; x_wconf 77' lang='grc' dir='ltr'>τός</span> <span class='ocrx_word' id='word_1_171' title='bbox 273 2059 364 2128; x_wconf 87' lang='grc' dir='ltr'>λύπας</span> <span class='ocrx_word' id='word_1_172' title='bbox 395 2060 608 2144; x_wconf 81' lang='grc' dir='ltr'>ὑπολαμβάνειν</span> <span class='ocrx_word' id='word_1_173' title='bbox 639 2059 686 2121; x_wconf 89' lang='grc' dir='ltr'>ἐπὶ</span> <span class='ocrx_word' id='word_1_174' title='bbox 715 2060 869 2142; x_wconf 72' lang='grc' dir='ltr'>ἐνεργείαις</span> <span class='ocrx_word' id='word_1_175' title='bbox 898 2059 954 2120; x_wconf 87' lang='grc' dir='ltr'>τισὶ</span> <span class='ocrx_word' id='word_1_176' title='bbox 984 2057 1134 2139; x_wconf 90' lang='grc' dir='ltr'>γινομένας</span> <span class='ocrx_word' id='word_1_177' title='bbox 1161 2058 1229 2142; x_wconf 79' lang='grc' dir='ltr'>παρ’</span> <span class='ocrx_word' id='word_1_178' title='bbox 1258 2060 1376 2122; x_wconf 89' lang='grc' dir='ltr'>ἐκείνων</span> <span class='ocrx_word' id='word_1_179' title='bbox 1403 2059 1451 2120; x_wconf 83' lang='grc' dir='ltr'>καὶ</span> 
     </span>
     <span class='ocr_line' id='line_1_16' title="bbox 144 2158 1492 2247; baseline -0.004 -24"><span class='ocrx_word' id='word_1_180' title='bbox 144 2180 173 2228; x_wconf 85' lang='lat'>15</span> <span class='ocrx_word' id='word_1_181' title='bbox 192 2160 282 2230; x_wconf 84' lang='grc' dir='ltr'>αὐτὰς</span> <span class='ocrx_word' id='word_1_182' title='bbox 304 2161 383 2247; x_wconf 83' lang='grc' dir='ltr'>ἔχειν</span> <span class='ocrx_word' id='word_1_183' title='bbox 407 2163 439 2225; x_wconf 89' lang='grc' dir='ltr'>τδ</span> <span class='ocrx_word' id='word_1_184' title='bbox 454 2162 568 2244; x_wconf 83' lang='grc' dir='ltr'>αἱρετόν</span> <span class='ocrx_word' id='word_1_185' title='bbox 591 2185 622 2224; x_wconf 91' lang='grc' dir='ltr'>τε</span> <span class='ocrx_word' id='word_1_186' title='bbox 645 2164 692 2224; x_wconf 81' lang='grc' dir='ltr'>καὶ</span> <span class='ocrx_word' id='word_1_187' title='bbox 716 2162 838 2244; x_wconf 80' lang='grc' dir='ltr'>φευκτόν</span> <span class='ocrx_word' id='word_1_188' title='bbox 862 2158 985 2242; x_wconf 83' lang='grc' dir='ltr'>ἔμπαλιν</span> <span class='ocrx_word' id='word_1_189' title='bbox 1008 2166 1066 2222; x_wconf 90' lang='grc' dir='ltr'>τῶν</span> <span class='ocrx_word' id='word_1_190' title='bbox 1089 2162 1211 2242; x_wconf 89' lang='grc' dir='ltr'>ἡδονῶν.</span> <span class='ocrx_word' id='word_1_191' title='bbox 1247 2162 1298 2232; x_wconf 83' lang='grc' dir='ltr'>τὰς</span> <span class='ocrx_word' id='word_1_192' title='bbox 1321 2164 1373 2245; x_wconf 87' lang='grc' dir='ltr'>μὲν</span> <span class='ocrx_word' id='word_1_193' title='bbox 1396 2160 1492 2245; x_wconf 80' lang='grc' dir='ltr'>γόιριιο</span> 
     </span>
     <span class='ocr_line' id='line_1_17' title="bbox 194 2262 1504 2347; baseline 0.002 -22"><span class='ocrx_word' id='word_1_194' title='bbox 194 2264 240 2325; x_wconf 87' lang='grc' dir='ltr'>ἐπὶ</span> <span class='ocrx_word' id='word_1_195' title='bbox 263 2270 325 2332; x_wconf 82' lang='grc' dir='ltr'>ταῖς</span> <span class='ocrx_word' id='word_1_196' title='bbox 347 2268 448 2333; x_wconf 87' lang='grc' dir='ltr'>καλαῖς</span> <span class='ocrx_word' id='word_1_197' title='bbox 470 2263 620 2347; x_wconf 87' lang='grc' dir='ltr'>γινομένας</span> <span class='ocrx_word' id='word_1_198' title='bbox 644 2263 797 2346; x_wconf 85' lang='grc' dir='ltr'>ἐνεργείαις</span> <span class='ocrx_word' id='word_1_199' title='bbox 819 2264 947 2347; x_wconf 83' lang='grc' dir='ltr'>φευκτόις</span> <span class='ocrx_word' id='word_1_200' title='bbox 969 2263 1052 2338; x_wconf 83' lang='grc' dir='ltr'>εἶναι,</span> <span class='ocrx_word' id='word_1_201' title='bbox 1077 2280 1081 2347; x_wconf 71' lang='grc' dir='ltr'>γ</span> <span class='ocrx_word' id='word_1_202' title='bbox 1106 2264 1156 2333; x_wconf 86' lang='grc' dir='ltr'>τὰς</span> <span class='ocrx_word' id='word_1_203' title='bbox 1179 2262 1205 2327; x_wconf 80' lang='grc' dir='ltr'>δ&gt;</span> <span class='ocrx_word' id='word_1_204' title='bbox 1232 2265 1279 2327; x_wconf 87' lang='grc' dir='ltr'>ἐπὶ</span> <span class='ocrx_word' id='word_1_205' title='bbox 1303 2270 1364 2334; x_wconf 84' lang='grc' dir='ltr'>ταῖς</span> <span class='ocrx_word' id='word_1_206' title='bbox 1386 2265 1428 2328; x_wconf 82' lang='grc' dir='ltr'>αἰ·</span> <span class='ocrx_word' id='word_1_207' title='bbox 1449 2271 1504 2328; x_wconf 89' lang='grc'>244</span> 
     </span>
     <span class='ocr_line' id='line_1_18' title="bbox 192 2365 1450 2451; baseline 0.001 -22"><span class='ocrx_word' id='word_1_208' title='bbox 192 2372 295 2450; x_wconf 86' lang='grc' dir='ltr'>σχραῖς</span> <span class='ocrx_word' id='word_1_209' title='bbox 321 2368 446 2451; x_wconf 83' lang='grc' dir='ltr'>αἱρετός.</span> <span class='ocrx_word' id='word_1_210' title='bbox 491 2368 518 2429; x_wconf 80' lang='grc' dir='ltr'>εἰ</span> <span class='ocrx_word' id='word_1_211' title='bbox 545 2365 577 2429; x_wconf 87' lang='grc' dir='ltr'>δέ</span> <span class='ocrx_word' id='word_1_212' title='bbox 604 2367 675 2430; x_wconf 76' lang='grc' dir='ltr'>εἰσιν</span> <span class='ocrx_word' id='word_1_213' title='bbox 704 2366 794 2429; x_wconf 84' lang='grc' dir='ltr'>λόπαί</span> <span class='ocrx_word' id='word_1_214' title='bbox 823 2389 896 2435; x_wconf 88' lang='grc' dir='ltr'>τινες</span> <span class='ocrx_word' id='word_1_215' title='bbox 918 2367 1029 2448; x_wconf 86' lang='grc' dir='ltr'>αἱρεταὶ</span> <span class='ocrx_word' id='word_1_216' title='bbox 1054 2367 1100 2429; x_wconf 84' lang='grc' dir='ltr'>καὶ</span> <span class='ocrx_word' id='word_1_217' title='bbox 1129 2365 1225 2441; x_wconf 89' lang='grc' dir='ltr'>πόνοι,</span> <span class='ocrx_word' id='word_1_218' title='bbox 1256 2367 1313 2429; x_wconf 78' lang='grc' dir='ltr'>εἶεν</span> <span class='ocrx_word' id='word_1_219' title='bbox 1342 2367 1376 2430; x_wconf 79' lang='grc' dir='ltr'>ἂν</span> <span class='ocrx_word' id='word_1_220' title='bbox 1404 2368 1450 2431; x_wconf 86' lang='grc' dir='ltr'>καὶ</span> 
     </span>
     <span class='ocr_line' id='line_1_19' title="bbox 191 2469 1448 2553; baseline 0.001 -23"><span class='ocrx_word' id='word_1_221' title='bbox 191 2470 292 2551; x_wconf 86' lang='grc' dir='ltr'>ἡδοναὶ</span> <span class='ocrx_word' id='word_1_222' title='bbox 315 2471 435 2553; x_wconf 82' lang='grc' dir='ltr'>φευκταὶ</span> <span class='ocrx_word' id='word_1_223' title='bbox 458 2471 487 2532; x_wconf 91' lang='grc' dir='ltr'>αἱ</span> <span class='ocrx_word' id='word_1_224' title='bbox 504 2475 565 2538; x_wconf 81' lang='grc' dir='ltr'>ταῖς</span> <span class='ocrx_word' id='word_1_225' title='bbox 587 2469 691 2538; x_wconf 87' lang='grc' dir='ltr'>λύπαις</span> <span class='ocrx_word' id='word_1_226' title='bbox 713 2469 831 2537; x_wconf 87' lang='grc' dir='ltr'>ταύταις</span> <span class='ocrx_word' id='word_1_227' title='bbox 852 2469 985 2532; x_wconf 90' lang='grc' dir='ltr'>ἐναντίαι.</span> <span class='ocrx_word' id='word_1_228' title='bbox 1020 2469 1145 2533; x_wconf 86' lang='grc' dir='ltr'>ἐναντίαι</span> <span class='ocrx_word' id='word_1_229' title='bbox 1167 2470 1199 2532; x_wconf 87' lang='grc' dir='ltr'>δέ</span> <span class='ocrx_word' id='word_1_230' title='bbox 1222 2471 1323 2552; x_wconf 86' lang='grc' dir='ltr'>ἡδοναὶ</span> <span class='ocrx_word' id='word_1_231' title='bbox 1346 2471 1448 2539; x_wconf 91' lang='grc' dir='ltr'>λύπαις</span> 
     </span>
     <span class='ocr_line' id='line_1_20' title="bbox 192 2572 1489 2656; baseline -0.001 -22"><span class='ocrx_word' id='word_1_232' title='bbox 192 2573 221 2634; x_wconf 83' lang='grc' dir='ltr'>αἱ</span> <span class='ocrx_word' id='word_1_233' title='bbox 244 2573 390 2654; x_wconf 86' lang='grc' dir='ltr'>γινόμεναι</span> <span class='ocrx_word' id='word_1_234' title='bbox 414 2574 461 2636; x_wconf 78' lang='grc' dir='ltr'>ἐπὶ</span> <span class='ocrx_word' id='word_1_235' title='bbox 484 2576 546 2641; x_wconf 87' lang='grc' dir='ltr'>ταῖς</span> <span class='ocrx_word' id='word_1_236' title='bbox 561 2572 705 2641; x_wconf 90' lang='grc' dir='ltr'>τοιαύταις</span> <span class='ocrx_word' id='word_1_237' title='bbox 729 2572 893 2656; x_wconf 80' lang='grc' dir='ltr'>ἐνεργείαις.</span> <span class='ocrx_word' id='word_1_238' title='bbox 928 2573 976 2635; x_wconf 83' lang='grc' dir='ltr'>καὶ</span> <span class='ocrx_word' id='word_1_239' title='bbox 999 2573 1046 2635; x_wconf 82' lang='grc' dir='ltr'>διὰ</span> <span class='ocrx_word' id='word_1_240' title='bbox 1069 2577 1153 2636; x_wconf 82' lang='grc' dir='ltr'>τοῦτο</span> <span class='ocrx_word' id='word_1_241' title='bbox 1177 2573 1211 2636; x_wconf 86' lang='grc' dir='ltr'>ού</span> <span class='ocrx_word' id='word_1_242' title='bbox 1234 2578 1314 2637; x_wconf 79' lang='grc' dir='ltr'>πᾶσα</span> <span class='ocrx_word' id='word_1_243' title='bbox 1336 2574 1448 2655; x_wconf 84' lang='grc' dir='ltr'>ἀγαθὸν</span> <span class='ocrx_word' id='word_1_244' title='bbox 1475 2591 1489 2633; x_wconf 83' lang='grc' dir='ltr'>ι</span> 
     </span>
     <span class='ocr_line' id='line_1_21' title="bbox 138 2673 1449 2758; baseline -0.001 -17"><span class='ocrx_word' id='word_1_245' title='bbox 138 2694 171 2741; x_wconf 82' lang='lat'>20</span> <span class='ocrx_word' id='word_1_246' title='bbox 190 2676 296 2757; x_wconf 82' lang='grc' dir='ltr'>ἡδονή,</span> <span class='ocrx_word' id='word_1_247' title='bbox 320 2674 363 2737; x_wconf 88' lang='grc' dir='ltr'>ότι</span> <span class='ocrx_word' id='word_1_248' title='bbox 388 2677 462 2758; x_wconf 79' lang='grc' dir='ltr'>μηδὲ</span> <span class='ocrx_word' id='word_1_249' title='bbox 484 2679 564 2738; x_wconf 78' lang='grc' dir='ltr'>πᾶσα</span> <span class='ocrx_word' id='word_1_250' title='bbox 587 2674 664 2757; x_wconf 90' lang='grc' dir='ltr'>λύπη</span> <span class='ocrx_word' id='word_1_251' title='bbox 688 2673 787 2738; x_wconf 90' lang='grc' dir='ltr'>κακόν.</span> <span class='ocrx_word' id='word_1_252' title='bbox 833 2674 948 2757; x_wconf 85' lang='grc' dir='ltr'>ἐλέγετο</span> <span class='ocrx_word' id='word_1_253' title='bbox 971 2675 1003 2737; x_wconf 90' lang='grc' dir='ltr'>δέ</span> <span class='ocrx_word' id='word_1_254' title='bbox 1025 2699 1051 2738; x_wconf 89' lang='grc' dir='ltr'>τι</span> <span class='ocrx_word' id='word_1_255' title='bbox 1076 2677 1124 2739; x_wconf 84' lang='grc' dir='ltr'>καὶ</span> <span class='ocrx_word' id='word_1_256' title='bbox 1146 2681 1284 2756; x_wconf 83' lang='grc' dir='ltr'>τοιοῦτον,</span> <span class='ocrx_word' id='word_1_257' title='bbox 1315 2679 1357 2740; x_wconf 90' lang='grc' dir='ltr'>ότι</span> <span class='ocrx_word' id='word_1_258' title='bbox 1380 2676 1449 2741; x_wconf 84' lang='grc' dir='ltr'>οδδέ</span> 
     </span>
     <span class='ocr_line' id='line_1_22' title="bbox 191 2776 1447 2863; baseline 0.001 -22"><span class='ocrx_word' id='word_1_259' title='bbox 191 2783 249 2845; x_wconf 86' lang='grc' dir='ltr'>τοῖς</span> <span class='ocrx_word' id='word_1_260' title='bbox 272 2778 464 2861; x_wconf 71' lang='grc' dir='ltr'>ὑποθεμένοις</span> <span class='ocrx_word' id='word_1_261' title='bbox 486 2783 581 2841; x_wconf 86' lang='grc' dir='ltr'>πᾶσαν</span> <span class='ocrx_word' id='word_1_262' title='bbox 605 2776 678 2841; x_wconf 81' lang='grc' dir='ltr'>εἶναι</span> <span class='ocrx_word' id='word_1_263' title='bbox 702 2777 795 2860; x_wconf 90' lang='grc' dir='ltr'>λύπην</span> <span class='ocrx_word' id='word_1_264' title='bbox 818 2779 908 2840; x_wconf 87' lang='grc' dir='ltr'>κακὸν</span> <span class='ocrx_word' id='word_1_265' title='bbox 930 2778 1102 2841; x_wconf 75' lang='grc' dir='ltr'>ἀκολουθεῖν</span> <span class='ocrx_word' id='word_1_266' title='bbox 1125 2780 1235 2861; x_wconf 81' lang='grc' dir='ltr'>ἀνάγκη</span> <span class='ocrx_word' id='word_1_267' title='bbox 1260 2781 1292 2842; x_wconf 84' lang='grc' dir='ltr'>τό</span> <span class='ocrx_word' id='word_1_268' title='bbox 1315 2781 1447 2863; x_wconf 84' lang='grc' dir='ltr'>ἡπᾶσαν</span> 
     </span>
     <span class='ocr_line' id='line_1_23' title="bbox 189 2879 1490 2965; baseline -0.002 -22"><span class='ocrx_word' id='word_1_269' title='bbox 189 2881 296 2963; x_wconf 89' lang='grc' dir='ltr'>ἡδονὴν</span> <span class='ocrx_word' id='word_1_270' title='bbox 320 2881 432 2962; x_wconf 86' lang='grc' dir='ltr'>ἀγαθόν</span> <span class='ocrx_word' id='word_1_271' title='bbox 448 2879 520 2943; x_wconf 76' lang='grc' dir='ltr'>εἶναι</span> <span class='ocrx_word' id='word_1_272' title='bbox 543 2881 562 2963; x_wconf 89' lang='grc' dir='ltr'>ἡ</span> <span class='ocrx_word' id='word_1_273' title='bbox 586 2885 683 2944; x_wconf 80' lang='grc' dir='ltr'>πᾶσαν</span> <span class='ocrx_word' id='word_1_274' title='bbox 700 2881 799 2954; x_wconf 85' lang='grc' dir='ltr'>κακόν,</span> <span class='ocrx_word' id='word_1_275' title='bbox 823 2879 957 2962; x_wconf 88' lang='grc' dir='ltr'>κειμένου</span> <span class='ocrx_word' id='word_1_276' title='bbox 980 2885 1030 2943; x_wconf 80' lang='grc' dir='ltr'>τοῦ</span> <span class='ocrx_word' id='word_1_277' title='bbox 1046 2883 1097 2964; x_wconf 87' lang='grc' dir='ltr'>τὴν</span> <span class='ocrx_word' id='word_1_278' title='bbox 1113 2882 1206 2965; x_wconf 87' lang='grc' dir='ltr'>λύπην</span> <span class='ocrx_word' id='word_1_279' title='bbox 1229 2882 1359 2946; x_wconf 84' lang='grc' dir='ltr'>ἐναντίοιν</span> <span class='ocrx_word' id='word_1_280' title='bbox 1375 2882 1448 2947; x_wconf 82' lang='grc' dir='ltr'>εἶναι</span> <span class='ocrx_word' id='word_1_281' title='bbox 1463 2901 1490 2942; x_wconf 83' lang='grc' dir='ltr'>ιο</span> 
     </span>
     <span class='ocr_line' id='line_1_24' title="bbox 188 2980 1444 3067; baseline 0.005 -23"><span class='ocrx_word' id='word_1_282' title='bbox 188 2987 225 3064; x_wconf 79' lang='grc' dir='ltr'>τῇ</span> <span class='ocrx_word' id='word_1_283' title='bbox 249 2984 352 3065; x_wconf 77' lang='grc' dir='ltr'>ἡδονῇ.</span> <span class='ocrx_word' id='word_1_284' title='bbox 397 2980 443 3066; x_wconf 77' lang='grc' dir='ltr'>ἐφ’</span> <span class='ocrx_word' id='word_1_285' title='bbox 473 2984 514 3045; x_wconf 90' lang='grc' dir='ltr'>ῶν</span> <span class='ocrx_word' id='word_1_286' title='bbox 536 2983 591 3067; x_wconf 87' lang='grc' dir='ltr'>γὰρ</span> <span class='ocrx_word' id='word_1_287' title='bbox 614 2985 728 3066; x_wconf 90' lang='grc' dir='ltr'>ἡδονῶν</span> <span class='ocrx_word' id='word_1_288' title='bbox 752 2983 911 3067; x_wconf 86' lang='grc' dir='ltr'>ότερβολοιί</span> <span class='ocrx_word' id='word_1_289' title='bbox 930 2982 1003 3052; x_wconf 87' lang='grc' dir='ltr'>τινές</span> <span class='ocrx_word' id='word_1_290' title='bbox 1026 2984 1107 3058; x_wconf 83' lang='grc' dir='ltr'>εἰσιν,</span> <span class='ocrx_word' id='word_1_291' title='bbox 1131 2984 1161 3046; x_wconf 87' lang='grc' dir='ltr'>ἐν</span> <span class='ocrx_word' id='word_1_292' title='bbox 1183 2985 1295 3054; x_wconf 84' lang='grc' dir='ltr'>τούτοις</span> <span class='ocrx_word' id='word_1_293' title='bbox 1317 2987 1373 3050; x_wconf 87' lang='grc' dir='ltr'>εἰσὶ</span> <span class='ocrx_word' id='word_1_294' title='bbox 1396 2989 1444 3050; x_wconf 81' lang='grc' dir='ltr'>καὶ</span> 
     </span>
     <span class='ocr_line' id='line_1_25' title="bbox 189 3085 1444 3171; baseline 0.004 -25"><span class='ocrx_word' id='word_1_295' title='bbox 189 3085 301 3168; x_wconf 80' lang='grc' dir='ltr'>αἱρεταί</span> <span class='ocrx_word' id='word_1_296' title='bbox 321 3108 394 3154; x_wconf 85' lang='grc' dir='ltr'>τινες</span> <span class='ocrx_word' id='word_1_297' title='bbox 416 3086 518 3168; x_wconf 81' lang='grc' dir='ltr'>ἡδοναὶ</span> <span class='ocrx_word' id='word_1_298' title='bbox 545 3086 593 3148; x_wconf 84' lang='grc' dir='ltr'>κοιλ</span> <span class='ocrx_word' id='word_1_299' title='bbox 616 3086 744 3169; x_wconf 82' lang='grc' dir='ltr'>φεοκταί.</span> <span class='ocrx_word' id='word_1_300' title='bbox 790 3087 820 3147; x_wconf 85' lang='grc' dir='ltr'>αἱ</span> <span class='ocrx_word' id='word_1_301' title='bbox 844 3088 895 3167; x_wconf 86' lang='grc' dir='ltr'>μὲν</span> <span class='ocrx_word' id='word_1_302' title='bbox 918 3088 971 3169; x_wconf 81' lang='grc' dir='ltr'>γὰρ</span> <span class='ocrx_word' id='word_1_303' title='bbox 1001 3088 1087 3169; x_wconf 84' lang='grc' dir='ltr'>μέσαι</span> <span class='ocrx_word' id='word_1_304' title='bbox 1109 3088 1233 3171; x_wconf 82' lang='grc' dir='ltr'>αἱρεταί,</span> <span class='ocrx_word' id='word_1_305' title='bbox 1263 3090 1292 3151; x_wconf 79' lang='grc' dir='ltr'>αἱ</span> <span class='ocrx_word' id='word_1_306' title='bbox 1315 3090 1347 3152; x_wconf 88' lang='grc' dir='ltr'>δέ</span> <span class='ocrx_word' id='word_1_307' title='bbox 1370 3088 1444 3153; x_wconf 84' lang='grc' dir='ltr'>κατὰ</span> 
     </span>
     <span class='ocr_line' id='line_1_26' title="bbox 135 3185 1442 3274; baseline 0.006 -28"><span class='ocrx_word' id='word_1_308' title='bbox 135 3205 168 3254; x_wconf 77' lang='lat'>25</span> <span class='ocrx_word' id='word_1_309' title='bbox 187 3185 238 3255; x_wconf 84' lang='grc' dir='ltr'>τὰς</span> <span class='ocrx_word' id='word_1_310' title='bbox 261 3187 424 3272; x_wconf 83' lang='grc' dir='ltr'>ὑπερβολὰς</span> <span class='ocrx_word' id='word_1_311' title='bbox 445 3192 567 3272; x_wconf 75' lang='grc' dir='ltr'>φαῦλαι,</span> <span class='ocrx_word' id='word_1_312' title='bbox 594 3188 648 3252; x_wconf 75' lang='grc' dir='ltr'>εἰσὶ</span> <span class='ocrx_word' id='word_1_313' title='bbox 672 3189 704 3250; x_wconf 86' lang='grc' dir='ltr'>δὲ</span> <span class='ocrx_word' id='word_1_314' title='bbox 727 3192 812 3250; x_wconf 83' lang='grc' dir='ltr'>τοῦτο</span> <span class='ocrx_word' id='word_1_315' title='bbox 835 3185 960 3272; x_wconf 83' lang='grc' dir='ltr'>ἔχουσαι</span> <span class='ocrx_word' id='word_1_316' title='bbox 987 3191 1017 3252; x_wconf 83' lang='grc' dir='ltr'>αἱ</span> <span class='ocrx_word' id='word_1_317' title='bbox 1046 3192 1210 3271; x_wconf 80' lang='grc' dir='ltr'>σωματικαὶ</span> <span class='ocrx_word' id='word_1_318' title='bbox 1238 3197 1296 3254; x_wconf 90' lang='grc' dir='ltr'>τῶν</span> <span class='ocrx_word' id='word_1_319' title='bbox 1319 3194 1442 3274; x_wconf 79' lang='grc' dir='ltr'>ἡδονῶν.</span> 
     </span>
     <span class='ocr_line' id='line_1_27' title="bbox 187 3288 1484 3376; baseline 0.001 -25"><span class='ocrx_word' id='word_1_320' title='bbox 187 3288 234 3373; x_wconf 83' lang='grc' dir='ltr'>ἐφ’</span> <span class='ocrx_word' id='word_1_321' title='bbox 264 3291 305 3352; x_wconf 90' lang='grc' dir='ltr'>ῶν</span> <span class='ocrx_word' id='word_1_322' title='bbox 328 3292 361 3353; x_wconf 83' lang='grc' dir='ltr'>δέ</span> <span class='ocrx_word' id='word_1_323' title='bbox 384 3291 424 3373; x_wconf 84' lang='grc' dir='ltr'>μὴ</span> <span class='ocrx_word' id='word_1_324' title='bbox 448 3292 518 3355; x_wconf 80' lang='grc' dir='ltr'>εἰσιν</span> <span class='ocrx_word' id='word_1_325' title='bbox 542 3291 699 3375; x_wconf 85' lang='grc' dir='ltr'>ὑπερβολαὶ</span> <span class='ocrx_word' id='word_1_326' title='bbox 725 3297 767 3374; x_wconf 82' lang='grc' dir='ltr'>τῷ</span> <span class='ocrx_word' id='word_1_327' title='bbox 792 3293 839 3355; x_wconf 82' lang='grc' dir='ltr'>καλ</span> <span class='ocrx_word' id='word_1_328' title='bbox 862 3291 913 3360; x_wconf 84' lang='grc' dir='ltr'>τὰς</span> <span class='ocrx_word' id='word_1_329' title='bbox 935 3293 983 3354; x_wconf 85' lang='grc' dir='ltr'>ἐπὶ</span> <span class='ocrx_word' id='word_1_330' title='bbox 1012 3293 1098 3355; x_wconf 85' lang='grc' dir='ltr'>πλέον</span> <span class='ocrx_word' id='word_1_331' title='bbox 1122 3293 1217 3356; x_wconf 81' lang='grc' dir='ltr'>αὐτῶν</span> <span class='ocrx_word' id='word_1_332' title='bbox 1240 3294 1390 3376; x_wconf 84' lang='grc' dir='ltr'>γινομένας</span> <span class='ocrx_word' id='word_1_333' title='bbox 1413 3294 1442 3357; x_wconf 91' lang='grc' dir='ltr'>ἐν</span> <span class='ocrx_word' id='word_1_334' title='bbox 1458 3311 1484 3353; x_wconf 82' lang='grc' dir='ltr'>ιο</span> 
     </span>
     <span class='ocr_line' id='line_1_28' title="bbox 187 3391 1443 3477; baseline 0.004 -24"><span class='ocrx_word' id='word_1_335' title='bbox 187 3391 217 3453; x_wconf 91' lang='grc' dir='ltr'>ἐν</span> <span class='ocrx_word' id='word_1_336' title='bbox 240 3398 282 3475; x_wconf 75' lang='grc' dir='ltr'>τῷ</span> <span class='ocrx_word' id='word_1_337' title='bbox 306 3394 414 3476; x_wconf 76' lang='grc' dir='ltr'>αἱρετῷ</span> <span class='ocrx_word' id='word_1_338' title='bbox 444 3392 552 3474; x_wconf 86' lang='grc' dir='ltr'>μένειν,</span> <span class='ocrx_word' id='word_1_339' title='bbox 580 3392 665 3456; x_wconf 82' lang='grc' dir='ltr'>αὗται</span> <span class='ocrx_word' id='word_1_340' title='bbox 693 3398 784 3457; x_wconf 83' lang='grc' dir='ltr'>πᾶσαι</span> <span class='ocrx_word' id='word_1_341' title='bbox 811 3394 938 3477; x_wconf 85' lang='grc' dir='ltr'>αἱρεταί,</span> <span class='ocrx_word' id='word_1_342' title='bbox 966 3394 1026 3456; x_wconf 83' lang='grc' dir='ltr'>οἷαί</span> <span class='ocrx_word' id='word_1_343' title='bbox 1053 3395 1123 3457; x_wconf 83' lang='grc' dir='ltr'>εἰσιν</span> <span class='ocrx_word' id='word_1_344' title='bbox 1151 3396 1181 3457; x_wconf 85' lang='grc' dir='ltr'>αἱ</span> <span class='ocrx_word' id='word_1_345' title='bbox 1208 3396 1255 3457; x_wconf 80' lang='grc' dir='ltr'>ἐπὶ</span> <span class='ocrx_word' id='word_1_346' title='bbox 1285 3400 1347 3463; x_wconf 86' lang='grc' dir='ltr'>ταῖς</span> <span class='ocrx_word' id='word_1_347' title='bbox 1369 3396 1443 3458; x_wconf 85' lang='grc' dir='ltr'>κατὰ</span> 
     </span>
     <span class='ocr_line' id='line_1_29' title="bbox 188 3494 1440 3580; baseline 0.002 -23"><span class='ocrx_word' id='word_1_348' title='bbox 188 3494 313 3579; x_wconf 88' lang='grc' dir='ltr'>θεωρίαν</span> <span class='ocrx_word' id='word_1_349' title='bbox 337 3496 501 3578; x_wconf 85' lang='grc' dir='ltr'>ἐνεργείαις.</span> <span class='ocrx_word' id='word_1_350' title='bbox 547 3496 603 3558; x_wconf 83' lang='grc' dir='ltr'>εἰσὶ</span> <span class='ocrx_word' id='word_1_351' title='bbox 626 3495 658 3559; x_wconf 85' lang='grc' dir='ltr'>δέ</span> <span class='ocrx_word' id='word_1_352' title='bbox 680 3518 753 3564; x_wconf 72' lang='grc' dir='ltr'>τινες</span> <span class='ocrx_word' id='word_1_353' title='bbox 775 3498 824 3559; x_wconf 82' lang='grc' dir='ltr'>καὶ</span> <span class='ocrx_word' id='word_1_354' title='bbox 847 3498 924 3580; x_wconf 78' lang='grc' dir='ltr'>παρὰ</span> <span class='ocrx_word' id='word_1_355' title='bbox 947 3498 1031 3580; x_wconf 81' lang='grc' dir='ltr'>φύσιν</span> <span class='ocrx_word' id='word_1_356' title='bbox 1054 3496 1169 3580; x_wconf 83' lang='grc' dir='ltr'>ἡδοναί,</span> <span class='ocrx_word' id='word_1_357' title='bbox 1197 3499 1296 3561; x_wconf 84' lang='grc' dir='ltr'>όποῖαί</span> <span class='ocrx_word' id='word_1_358' title='bbox 1318 3499 1388 3561; x_wconf 85' lang='grc' dir='ltr'>εἰσιν</span> <span class='ocrx_word' id='word_1_359' title='bbox 1411 3499 1440 3560; x_wconf 81' lang='grc' dir='ltr'>αἱ</span> 
     </span>
     <span class='ocr_line' id='line_1_30' title="bbox 186 3586 1483 3684; baseline -0.001 -24"><span class='ocrx_word' id='word_1_360' title='bbox 186 3598 344 3682; x_wconf 73' lang='grc' dir='ltr'>θηριώδεις</span> <span class='ocrx_word' id='word_1_361' title='bbox 366 3621 396 3658; x_wconf 89' lang='grc' dir='ltr'>τε</span> <span class='ocrx_word' id='word_1_362' title='bbox 419 3598 466 3659; x_wconf 85' lang='grc' dir='ltr'>καὶ</span> <span class='ocrx_word' id='word_1_363' title='bbox 489 3600 717 3680; x_wconf 84' lang='grc' dir='ltr'>νοσηματιύδεις,</span> <span class='ocrx_word' id='word_1_364' title='bbox 741 3600 806 3681; x_wconf 88' lang='grc' dir='ltr'>περὶ</span> <span class='ocrx_word' id='word_1_365' title='bbox 829 3586 869 3660; x_wconf 81' lang='grc' dir='ltr'>ῶν</span> <span class='ocrx_word' id='word_1_366' title='bbox 890 3597 1001 3682; x_wconf 80' lang='grc' dir='ltr'>εἴρηται</span> <span class='ocrx_word' id='word_1_367' title='bbox 1024 3599 1054 3660; x_wconf 91' lang='grc' dir='ltr'>ἐν</span> <span class='ocrx_word' id='word_1_368' title='bbox 1078 3603 1122 3683; x_wconf 78' lang='grc' dir='ltr'>τῴ</span> <span class='ocrx_word' id='word_1_369' title='bbox 1146 3599 1264 3684; x_wconf 81' lang='grc' dir='ltr'>ἑβδόμῳ</span> <span class='ocrx_word' id='word_1_370' title='bbox 1286 3606 1344 3662; x_wconf 91' lang='grc' dir='ltr'>τῶν</span> <span class='ocrx_word' id='word_1_371' title='bbox 1364 3598 1442 3663; x_wconf 87' lang='grc' dir='ltr'>Ἠθι-</span> <span class='ocrx_word' id='word_1_372' title='bbox 1456 3619 1483 3659; x_wconf 71' lang='grc' dir='ltr'>ευ</span> 
     </span>
     <span class='ocr_line' id='line_1_31' title="bbox 133 3698 1441 3786; baseline 0 -20"><span class='ocrx_word' id='word_1_373' title='bbox 133 3719 167 3766; x_wconf 88' lang='grc'>30</span> <span class='ocrx_word' id='word_1_374' title='bbox 186 3705 256 3775; x_wconf 88' lang='grc' dir='ltr'>κῶν,</span> <span class='ocrx_word' id='word_1_375' title='bbox 284 3700 314 3762; x_wconf 82' lang='grc' dir='ltr'>αἲ</span> <span class='ocrx_word' id='word_1_376' title='bbox 342 3698 408 3763; x_wconf 86' lang='grc' dir='ltr'>ούτε</span> <span class='ocrx_word' id='word_1_377' title='bbox 436 3701 543 3783; x_wconf 86' lang='grc' dir='ltr'>κυρίως</span> <span class='ocrx_word' id='word_1_378' title='bbox 560 3701 729 3782; x_wconf 83' lang='grc' dir='ltr'>Ιοἰνθριύποο</span> <span class='ocrx_word' id='word_1_379' title='bbox 753 3701 879 3782; x_wconf 84' lang='grc' dir='ltr'>λέγοιντο</span> <span class='ocrx_word' id='word_1_380' title='bbox 909 3700 942 3763; x_wconf 74' lang='grc' dir='ltr'>ἄν</span> <span class='ocrx_word' id='word_1_381' title='bbox 969 3701 1080 3784; x_wconf 87' lang='grc' dir='ltr'>ἡδοναί,</span> <span class='ocrx_word' id='word_1_382' title='bbox 1108 3701 1151 3764; x_wconf 88' lang='grc' dir='ltr'>ότι</span> <span class='ocrx_word' id='word_1_383' title='bbox 1181 3704 1222 3785; x_wconf 86' lang='grc' dir='ltr'>μὴ</span> <span class='ocrx_word' id='word_1_384' title='bbox 1249 3702 1323 3765; x_wconf 82' lang='grc' dir='ltr'>κατὰ</span> <span class='ocrx_word' id='word_1_385' title='bbox 1346 3704 1441 3786; x_wconf 80' lang='grc' dir='ltr'>φύσιν,</span> 
     </span>
     <span class='ocr_line' id='line_1_32' title="bbox 185 3801 1439 3890; baseline 0.002 -26"><span class='ocrx_word' id='word_1_386' title='bbox 185 3801 252 3865; x_wconf 85' lang='grc' dir='ltr'>οὔτε</span> <span class='ocrx_word' id='word_1_387' title='bbox 267 3803 388 3886; x_wconf 78' lang='grc' dir='ltr'>αἱρεταί.</span> <span class='ocrx_word' id='word_1_388' title='bbox 423 3803 517 3870; x_wconf 82' lang='grc' dir='ltr'>οὕτως</span> <span class='ocrx_word' id='word_1_389' title='bbox 539 3803 570 3865; x_wconf 86' lang='grc' dir='ltr'>δέ</span> <span class='ocrx_word' id='word_1_390' title='bbox 586 3802 720 3886; x_wconf 84' lang='grc' dir='ltr'>ἐχουσῶν</span> <span class='ocrx_word' id='word_1_391' title='bbox 744 3808 801 3865; x_wconf 89' lang='grc' dir='ltr'>τῶν</span> <span class='ocrx_word' id='word_1_392' title='bbox 817 3805 930 3884; x_wconf 86' lang='grc' dir='ltr'>ἡδονῶν</span> <span class='ocrx_word' id='word_1_393' title='bbox 953 3804 1059 3871; x_wconf 88' lang='grc' dir='ltr'>ποίσαις</span> <span class='ocrx_word' id='word_1_394' title='bbox 1082 3805 1134 3884; x_wconf 85' lang='grc' dir='ltr'>μὲν</span> <span class='ocrx_word' id='word_1_395' title='bbox 1150 3803 1251 3873; x_wconf 83' lang='grc' dir='ltr'>αὐταῖς</span> <span class='ocrx_word' id='word_1_396' title='bbox 1266 3802 1347 3867; x_wconf 87' lang='grc' dir='ltr'>ἔσται</span> <span class='ocrx_word' id='word_1_397' title='bbox 1362 3805 1439 3890; x_wconf 91' lang='grc' dir='ltr'>λύπη</span> 
     </span>
     <span class='ocr_line' id='line_1_33' title="bbox 1327 3925 1482 3991; baseline -0.013 -20"><span class='ocrx_word' id='word_1_398' title='bbox 1327 3925 1440 3991; x_wconf 82' lang='grc' dir='ltr'>ηδσνων</span> <span class='ocrx_word' id='word_1_399' title='bbox 1454 3927 1482 3969; x_wconf 72' lang='grc' dir='ltr'>ιο</span> 
     </span>
     <span class='ocr_line' id='line_1_34' title="bbox 185 4005 1440 4092; baseline 0.006 -24"><span class='ocrx_word' id='word_1_400' title='bbox 185 4005 249 4070; x_wconf 88' lang='grc' dir='ltr'>όσαι</span> <span class='ocrx_word' id='word_1_401' title='bbox 275 4007 325 4090; x_wconf 83' lang='grc' dir='ltr'>μέν</span> <span class='ocrx_word' id='word_1_402' title='bbox 349 4006 404 4069; x_wconf 80' lang='grc' dir='ltr'>εἰσι</span> <span class='ocrx_word' id='word_1_403' title='bbox 431 4007 509 4090; x_wconf 82' lang='grc' dir='ltr'>παρὰ</span> <span class='ocrx_word' id='word_1_404' title='bbox 532 4007 632 4091; x_wconf 76' lang='grc' dir='ltr'>φύσιν,</span> <span class='ocrx_word' id='word_1_405' title='bbox 659 4006 743 4070; x_wconf 89' lang='grc' dir='ltr'>αύται</span> <span class='ocrx_word' id='word_1_406' title='bbox 768 4010 809 4075; x_wconf 88' lang='grc' dir='ltr'>ῶς</span> <span class='ocrx_word' id='word_1_407' title='bbox 835 4011 924 4071; x_wconf 84' lang='grc' dir='ltr'>κακδν</span> <span class='ocrx_word' id='word_1_408' title='bbox 947 4013 1028 4092; x_wconf 78' lang='grc' dir='ltr'>κακῷ</span> <span class='ocrx_word' id='word_1_409' title='bbox 1057 4032 1093 4091; x_wconf 91' lang='grc' dir='ltr'>τη</span> <span class='ocrx_word' id='word_1_410' title='bbox 1119 4008 1197 4090; x_wconf 86' lang='grc' dir='ltr'>λύπη</span> <span class='ocrx_word' id='word_1_411' title='bbox 1227 4007 1340 4074; x_wconf 84' lang='grc' dir='ltr'>ἔσονται</span> <span class='ocrx_word' id='word_1_412' title='bbox 1363 4013 1440 4076; x_wconf 84' lang='grc' dir='ltr'>ἐναν-</span> 
     </span>
     <span class='ocr_line' id='line_1_35' title="bbox 184 4109 1492 4201; baseline 0.008 -30"><span class='ocrx_word' id='word_1_413' title='bbox 184 4110 250 4185; x_wconf 89' lang='grc' dir='ltr'>τίαι,</span> <span class='ocrx_word' id='word_1_414' title='bbox 273 4110 356 4179; x_wconf 84' lang='grc' dir='ltr'>εἴτις</span> <span class='ocrx_word' id='word_1_415' title='bbox 378 4109 427 4172; x_wconf 80' lang='grc' dir='ltr'>καὶ</span> <span class='ocrx_word' id='word_1_416' title='bbox 442 4109 547 4177; x_wconf 88' lang='grc' dir='ltr'>ταύτας</span> <span class='ocrx_word' id='word_1_417' title='bbox 570 4109 600 4172; x_wconf 88' lang='grc' dir='ltr'>ἐν</span> <span class='ocrx_word' id='word_1_418' title='bbox 617 4114 678 4179; x_wconf 85' lang='grc' dir='ltr'>ταῖς</span> <span class='ocrx_word' id='word_1_419' title='bbox 703 4138 705 4186; x_wconf 81' lang='grc' dir='ltr'>γ</span> <span class='ocrx_word' id='word_1_420' title='bbox 732 4111 850 4193; x_wconf 87' lang='grc' dir='ltr'>ἡδοναῖς</span> <span class='ocrx_word' id='word_1_421' title='bbox 870 4112 1032 4193; x_wconf 85' lang='grc' dir='ltr'>καταλέγοι,</span> <span class='ocrx_word' id='word_1_422' title='bbox 1056 4111 1122 4174; x_wconf 82' lang='grc' dir='ltr'>ὅσαι</span> <span class='ocrx_word' id='word_1_423' title='bbox 1144 4113 1177 4174; x_wconf 85' lang='grc' dir='ltr'>δὲ</span> <span class='ocrx_word' id='word_1_424' title='bbox 1192 4109 1309 4195; x_wconf 82' lang='grc' dir='ltr'>ἔχουσιν</span> <span class='ocrx_word' id='word_1_425' title='bbox 1333 4115 1417 4201; x_wconf 81' lang='grc' dir='ltr'>ὑπερ</span> <span class='ocrx_word' id='word_1_426' title='bbox 1439 4125 1492 4181; x_wconf 79' lang='grc'>245</span> 
     </span>
     <span class='ocr_line' id='line_1_36' title="bbox 131 4211 1440 4303; baseline 0.005 -29"><span class='ocrx_word' id='word_1_427' title='bbox 131 4229 164 4279; x_wconf 84' lang='lat'>35</span> <span class='ocrx_word' id='word_1_428' title='bbox 184 4212 284 4295; x_wconf 82' lang='grc' dir='ltr'>βολήν,</span> <span class='ocrx_word' id='word_1_429' title='bbox 307 4213 355 4275; x_wconf 85' lang='grc' dir='ltr'>ἐπὶ</span> <span class='ocrx_word' id='word_1_430' title='bbox 377 4211 486 4274; x_wconf 92' lang='grc' dir='ltr'>τούτων</span> <span class='ocrx_word' id='word_1_431' title='bbox 509 4212 538 4273; x_wconf 85' lang='grc' dir='ltr'>αἱ</span> <span class='ocrx_word' id='word_1_432' title='bbox 563 4214 614 4294; x_wconf 79' lang='grc' dir='ltr'>μὲν</span> <span class='ocrx_word' id='word_1_433' title='bbox 638 4215 678 4281; x_wconf 88' lang='grc' dir='ltr'>ῶς</span> <span class='ocrx_word' id='word_1_434' title='bbox 701 4213 811 4294; x_wconf 83' lang='grc' dir='ltr'>ἀγαθὸν</span> <span class='ocrx_word' id='word_1_435' title='bbox 835 4211 948 4276; x_wconf 84' lang='grc' dir='ltr'>ἔσονται</span> <span class='ocrx_word' id='word_1_436' title='bbox 971 4219 1008 4295; x_wconf 78' lang='grc' dir='ltr'>τῇ</span> <span class='ocrx_word' id='word_1_437' title='bbox 1031 4213 1109 4296; x_wconf 88' lang='grc' dir='ltr'>λύπη</span> <span class='ocrx_word' id='word_1_438' title='bbox 1126 4215 1260 4290; x_wconf 87' lang='grc' dir='ltr'>ἐναντίαι,</span> <span class='ocrx_word' id='word_1_439' title='bbox 1284 4218 1313 4279; x_wconf 86' lang='grc' dir='ltr'>αί</span> <span class='ocrx_word' id='word_1_440' title='bbox 1337 4217 1367 4281; x_wconf 89' lang='grc' dir='ltr'>ἐν</span> <span class='ocrx_word' id='word_1_441' title='bbox 1392 4244 1440 4303; x_wconf 84' lang='grc' dir='ltr'>με-</span> 
     </span>
     <span class='ocr_line' id='line_1_37' title="bbox 186 4313 1440 4402; baseline 0.004 -24"><span class='ocrx_word' id='word_1_442' title='bbox 186 4314 285 4399; x_wconf 87' lang='grc' dir='ltr'>σότητι</span> <span class='ocrx_word' id='word_1_443' title='bbox 307 4317 354 4379; x_wconf 84' lang='grc' dir='ltr'>καὶ</span> <span class='ocrx_word' id='word_1_444' title='bbox 378 4314 536 4399; x_wconf 83' lang='grc' dir='ltr'>ὡρισμέναι</span> <span class='ocrx_word' id='word_1_445' title='bbox 560 4319 602 4400; x_wconf 77' lang='grc' dir='ltr'>τῷ</span> <span class='ocrx_word' id='word_1_446' title='bbox 628 4315 710 4399; x_wconf 79' lang='grc' dir='ltr'>ύρθιβ</span> <span class='ocrx_word' id='word_1_447' title='bbox 733 4313 828 4399; x_wconf 90' lang='grc' dir='ltr'>λόγιρ,</span> <span class='ocrx_word' id='word_1_448' title='bbox 855 4318 884 4378; x_wconf 90' lang='grc' dir='ltr'>αἱ</span> <span class='ocrx_word' id='word_1_449' title='bbox 907 4317 940 4379; x_wconf 83' lang='grc' dir='ltr'>δέ</span> <span class='ocrx_word' id='word_1_450' title='bbox 968 4315 1036 4379; x_wconf 73' lang='grc' dir='ltr'>καθ’</span> <span class='ocrx_word' id='word_1_451' title='bbox 1065 4317 1241 4402; x_wconf 77' lang='grc' dir='ltr'>ὑπερβολήν,</span> <span class='ocrx_word' id='word_1_452' title='bbox 1270 4318 1299 4380; x_wconf 90' lang='grc' dir='ltr'>ἐν</span> <span class='ocrx_word' id='word_1_453' title='bbox 1324 4322 1370 4392; x_wconf 84' lang='grc' dir='ltr'>αἶς</span> <span class='ocrx_word' id='word_1_454' title='bbox 1392 4328 1440 4388; x_wconf 82' lang='grc' dir='ltr'>καὶ</span> 
     </span>
    </p>
   </div>
   <div class='ocr_carea' id='block_1_4' title="bbox 128 4570 1491 4994">
    <p class='ocr_par' dir='ltr' id='par_1_5' title="bbox 130 4570 1455 4652">
     <span class='ocr_line' id='line_1_38' title="bbox 130 4570 1455 4652; baseline 0.015 -30"><span class='ocrx_word' id='word_1_455' title='bbox 130 4570 146 4622; x_wconf 87' lang='grc'>2</span> <span class='ocrx_word' id='word_1_456' title='bbox 164 4571 215 4625; x_wconf 79' lang='grc' dir='ltr'>ἐστι</span> <span class='ocrx_word' id='word_1_457' title='bbox 233 4576 273 4625; x_wconf 83' lang='lat' dir='ltr'>Ba</span> <span class='ocrx_word' id='word_1_458' title='bbox 290 4577 333 4640; x_wconf 89' lang='lat' dir='ltr'>Sp.</span> <span class='ocrx_word' id='word_1_459' title='bbox 442 4577 458 4628; x_wconf 88' lang='lat'><strong>3</strong></span> <span class='ocrx_word' id='word_1_460' title='bbox 477 4582 538 4631; x_wconf 80' lang='lat' dir='ltr'>ante</span> <span class='ocrx_word' id='word_1_461' title='bbox 557 4578 572 4646; x_wconf 79' lang='grc' dir='ltr'>ἡ</span> <span class='ocrx_word' id='word_1_462' title='bbox 593 4579 697 4632; x_wconf 78' lang='lat' dir='ltr'>titulum</span> <span class='ocrx_word' id='word_1_463' title='bbox 717 4582 793 4633; x_wconf 77' lang='lat' dir='ltr'>iterat</span> <span class='ocrx_word' id='word_1_464' title='bbox 812 4584 852 4633; x_wconf 73' lang='lat' dir='ltr'>Bu</span> <span class='ocrx_word' id='word_1_465' title='bbox 864 4584 908 4649; x_wconf 87' lang='lat' dir='ltr'>Sp.</span> <span class='ocrx_word' id='word_1_466' title='bbox 1016 4582 1031 4634; x_wconf 83' lang='lat'>5</span> <span class='ocrx_word' id='word_1_467' title='bbox 1051 4588 1131 4635; x_wconf 85' lang='grc' dir='ltr'>πᾶσαν</span> <span class='ocrx_word' id='word_1_468' title='bbox 1149 4584 1202 4636; x_wconf 66' lang='lat'>13⁹³</span> <span class='ocrx_word' id='word_1_469' title='bbox 1215 4587 1272 4652; x_wconf 86' lang='lat' dir='ltr'>Sp.:</span> <span class='ocrx_word' id='word_1_470' title='bbox 1293 4594 1349 4640; x_wconf 82' lang='grc' dir='ltr'>πῶσ</span> <span class='ocrx_word' id='word_1_471' title='bbox 1368 4588 1397 4639; x_wconf 75' lang='grc' dir='ltr'>ἃν</span> <span class='ocrx_word' id='word_1_472' title='bbox 1410 4594 1455 4642; x_wconf 75' lang='lat' dir='ltr'>v13</span> 
     </span>
    </p>

    <p class='ocr_par' dir='ltr' id='par_1_6' title="bbox 128 4659 1491 4994">
     <span class='ocr_line' id='line_1_39' title="bbox 130 4659 1491 4743; baseline 0.012 -33"><span class='ocrx_word' id='word_1_473' title='bbox 130 4659 145 4710; x_wconf 83' lang='grc'>6</span> <span class='ocrx_word' id='word_1_474' title='bbox 164 4667 258 4712; x_wconf 86' lang='grc' dir='ltr'>πασῶν.</span> <span class='ocrx_word' id='word_1_475' title='bbox 286 4659 325 4730; x_wconf 85' lang='grc' dir='ltr'>&lt;ἡ&gt;</span> <span class='ocrx_word' id='word_1_476' title='bbox 344 4662 360 4731; x_wconf 89' lang='grc' dir='ltr'>ἡ</span> <span class='ocrx_word' id='word_1_477' title='bbox 381 4663 448 4715; x_wconf 76' lang='lat' dir='ltr'>vict.</span> <span class='ocrx_word' id='word_1_478' title='bbox 467 4668 511 4732; x_wconf 84' lang='lat' dir='ltr'>Sp.</span> <span class='ocrx_word' id='word_1_479' title='bbox 646 4669 660 4719; x_wconf 80' lang='lat'>7</span> <span class='ocrx_word' id='word_1_480' title='bbox 682 4666 841 4737; x_wconf 85' lang='grc' dir='ltr'>ότι-λόγον</span> <span class='ocrx_word' id='word_1_481' title='bbox 860 4671 964 4737; x_wconf 82' lang='lat' dir='ltr'><strong>punctis</strong></span> <span class='ocrx_word' id='word_1_482' title='bbox 984 4676 1058 4722; x_wconf 77' lang='lat' dir='ltr'><strong>notat</strong></span> <span class='ocrx_word' id='word_1_483' title='bbox 1076 4671 1112 4723; x_wconf 75' lang='lat'>13²</span> <span class='ocrx_word' id='word_1_484' title='bbox 1130 4672 1170 4738; x_wconf 85' lang='lat' dir='ltr'>(in</span> <span class='ocrx_word' id='word_1_485' title='bbox 1190 4689 1253 4741; x_wconf 83' lang='lat' dir='ltr'>mg.:</span> <span class='ocrx_word' id='word_1_486' title='bbox 1273 4672 1340 4731; x_wconf 88' lang='grc' dir='ltr'>λύσις</span> <span class='ocrx_word' id='word_1_487' title='bbox 1358 4675 1386 4726; x_wconf 79' lang='grc' dir='ltr'>οδ</span> <span class='ocrx_word' id='word_1_488' title='bbox 1407 4678 1491 4743; x_wconf 77' lang='grc' dir='ltr'>μέντοι</span> 
     </span>
     <span class='ocr_line' id='line_1_40' title="bbox 130 4745 1464 4825; baseline 0.014 -29"><span class='ocrx_word' id='word_1_489' title='bbox 130 4745 257 4817; x_wconf 77' lang='grc' dir='ltr'>ἀκριβής)ι</span> <span class='ocrx_word' id='word_1_490' title='bbox 272 4763 321 4800; x_wconf 87' lang='lat' dir='ltr'>om.</span> <span class='ocrx_word' id='word_1_491' title='bbox 335 4768 351 4801; x_wconf 81' lang='lat' dir='ltr'><strong>a</strong></span> <span class='ocrx_word' id='word_1_492' title='bbox 440 4753 456 4803; x_wconf 88' lang='lat'>8</span> <span class='ocrx_word' id='word_1_493' title='bbox 475 4751 531 4804; x_wconf 81' lang='grc' dir='ltr'>ούδέ</span> <span class='ocrx_word' id='word_1_494' title='bbox 544 4756 602 4821; x_wconf 88' lang='lat' dir='ltr'>Sp.:</span> <span class='ocrx_word' id='word_1_495' title='bbox 616 4753 673 4808; x_wconf 77' lang='grc' dir='ltr'>οὔτε</span> <span class='ocrx_word' id='word_1_496' title='bbox 688 4755 747 4808; x_wconf 83' lang='lat' dir='ltr'>libri</span> <span class='ocrx_word' id='word_1_497' title='bbox 839 4758 870 4808; x_wconf 87' lang='grc'>14</span> <span class='ocrx_word' id='word_1_498' title='bbox 889 4756 979 4821; x_wconf 85' lang='grc' dir='ltr'>λύπας]</span> <span class='ocrx_word' id='word_1_499' title='bbox 993 4776 1007 4809; x_wconf 84' lang='grc' dir='ltr'>υ</span> <span class='ocrx_word' id='word_1_500' title='bbox 1020 4760 1048 4810; x_wconf 90' lang='lat' dir='ltr'>in</span> <span class='ocrx_word' id='word_1_501' title='bbox 1062 4759 1099 4811; x_wconf 77' lang='lat' dir='ltr'>lit.</span> <span class='ocrx_word' id='word_1_502' title='bbox 1115 4763 1138 4810; x_wconf 90' lang='lat' dir='ltr'>V</span> <span class='ocrx_word' id='word_1_503' title='bbox 1227 4760 1261 4811; x_wconf 86' lang='grc'>29</span> <span class='ocrx_word' id='word_1_504' title='bbox 1280 4760 1327 4825; x_wconf 86' lang='grc' dir='ltr'>ῶν]</span> <span class='ocrx_word' id='word_1_505' title='bbox 1341 4781 1353 4810; x_wconf 84' lang='grc' dir='ltr'>ν</span> <span class='ocrx_word' id='word_1_506' title='bbox 1369 4781 1389 4815; x_wconf 84' lang='lat' dir='ltr'>s.</span> <span class='ocrx_word' id='word_1_507' title='bbox 1405 4780 1426 4814; x_wconf 83' lang='lat' dir='ltr'>v.</span> <span class='ocrx_word' id='word_1_508' title='bbox 1442 4770 1464 4815; x_wconf 75' lang='lat' dir='ltr'>V</span> 
     </span>
     <span class='ocr_line' id='line_1_41' title="bbox 130 4830 1491 4912; baseline 0.015 -29"><span class='ocrx_word' id='word_1_509' title='bbox 130 4830 170 4884; x_wconf 77' lang='lat'>29.</span> <span class='ocrx_word' id='word_1_510' title='bbox 189 4833 224 4885; x_wconf 89' lang='grc'>30</span> <span class='ocrx_word' id='word_1_511' title='bbox 250 4833 352 4904; x_wconf 75' lang='grc' dir='ltr'>ἑβδόμῳ</span> <span class='ocrx_word' id='word_1_512' title='bbox 375 4844 427 4889; x_wconf 87' lang='grc' dir='ltr'>τῶν</span> <span class='ocrx_word' id='word_1_513' title='bbox 449 4833 578 4909; x_wconf 81' lang='grc' dir='ltr'>Ἠθικῶν]</span> <span class='ocrx_word' id='word_1_514' title='bbox 607 4842 665 4894; x_wconf 76' lang='grc' dir='ltr'>Εῑδ.</span> <span class='ocrx_word' id='word_1_515' title='bbox 690 4843 746 4895; x_wconf 72' lang='lat' dir='ltr'>Nic.</span> <span class='ocrx_word' id='word_1_516' title='bbox 766 4843 824 4908; x_wconf 55' lang='lat'>5⁷11,</span> <span class='ocrx_word' id='word_1_517' title='bbox 841 4844 860 4894; x_wconf 85' lang='lat' dir='ltr'>l.</span> <span class='ocrx_word' id='word_1_518' title='bbox 883 4843 1073 4912; x_wconf 68' lang='lat' dir='ltr'>1145a15sqq.</span> <span class='ocrx_word' id='word_1_519' title='bbox 1181 4846 1223 4897; x_wconf 86' lang='lat'>31.</span> <span class='ocrx_word' id='word_1_520' title='bbox 1241 4846 1275 4898; x_wconf 82' lang='grc'>32</span> <span class='ocrx_word' id='word_1_521' title='bbox 1294 4848 1404 4902; x_wconf 85' lang='grc' dir='ltr'>ἐναντίον</span> <span class='ocrx_word' id='word_1_522' title='bbox 1424 4851 1491 4903; x_wconf 78' lang='grc' dir='ltr'>ἔσται</span> 
     </span>
     <span class='ocr_line' id='line_1_42' title="bbox 128 4917 723 4994; baseline 0.02 -25"><span class='ocrx_word' id='word_1_523' title='bbox 128 4917 194 4991; x_wconf 88' lang='grc' dir='ltr'>λύπη</span> <span class='ocrx_word' id='word_1_524' title='bbox 214 4925 253 4974; x_wconf 79' lang='lat' dir='ltr'>Ba</span> <span class='ocrx_word' id='word_1_525' title='bbox 271 4926 315 4991; x_wconf 86' lang='lat' dir='ltr'>Sp.</span> <span class='ocrx_word' id='word_1_526' title='bbox 423 4925 455 4978; x_wconf 79' lang='lat'>36</span> <span class='ocrx_word' id='word_1_527' title='bbox 475 4927 513 4984; x_wconf 80' lang='grc' dir='ltr'>αἶς</span> <span class='ocrx_word' id='word_1_528' title='bbox 530 4929 590 4994; x_wconf 88' lang='lat' dir='ltr'><strong>Sp.:</strong></span> <span class='ocrx_word' id='word_1_529' title='bbox 610 4929 646 4986; x_wconf 85' lang='grc' dir='ltr'>οίς</span> <span class='ocrx_word' id='word_1_530' title='bbox 665 4930 723 4982; x_wconf 83' lang='lat' dir='ltr'>libri</span> 
     </span>
    </p>
   </div>
   <div class='ocr_carea' id='block_1_5' title="bbox 0 0 1778 5604">
    <p class='ocr_par' dir='ltr' id='par_1_7' title="bbox 0 0 1778 5604">
     <span class='ocr_line' id='line_1_43' title="bbox 0 0 1778 5604; baseline 0 6"><span class='ocrx_word' id='word_1_531' title='bbox 0 0 1778 5604; x_wconf 95' lang='lat' dir='ltr'> </span> 
     </span>
    </p>
   </div>
  </div>
 </body>
</html>
