3540 5610
232 315 294 379 130
467 271 631 382 [ΑΠΟΡΙΩΝ
652 311 711 367 ΚΑΙ
731 311 863 368 Arm->N
883 312 1024 370 ΒΙΒΛΙΟΝ
1043 312 1229 371 ΤΕΤΑΡΤΟΝ
1249 315 1346 384 9-11]

285 493 344 550 τῶν
366 488 500 571 τοιαύτης
523 489 681 572 φαντασίας
702 487 797 562 αἴτιοι,
820 487 900 556 ὄντες
915 488 1012 556 αὑτοῖς
1035 494 1087 572 τῆς
1108 491 1243 574 τοιαύτης
1264 489 1352 558 ἕξεως
1373 489 1468 564 αἴτιοι,
1492 489 1530 554 δι’

283 590 318 671 ἢν
341 591 498 673 φαντασίας
521 593 585 675 περὶ
608 595 665 654 τῶν
689 597 785 655 κακῶν
809 592 940 660 τοιαύτας
963 589 1091 675 ἔχουσιν.
1136 593 1246 661 τούτοις
1269 594 1302 656 δὲ
1325 598 1466 677 μαρτυρεῖ
1485 594 1534 656 καὶ

281 693 313 754 τὸ
338 695 485 775 μισεῖσθαι
508 697 556 756 καὶ
575 695 751 766 κολάζεσθαι
773 695 841 763 τοὺς
863 693 965 779 οῦήτως
987 696 1212 778 ἁμαρτάνοντας,
1236 698 1277 764 ώς
1300 696 1440 764 ἑκουσίως
1462 698 1511 759 καλ
1533 703 1587 758 249

281 796 378 865 αύτοίς
407 796 515 865 αἰτίους
542 795 626 866 ὄντας
656 803 715 861 τῶν
744 798 879 861 τοιούτων
911 797 1057 881 πράξεων,
1087 804 1146 862 τῶν
1173 799 1318 867 ἀκουσίως
1344 797 1475 862 τοιοῦτόν
1505 822 1532 861 τι

246 919 260 965 5
281 898 462 981 πραττόντων
479 904 650 984 συγγνώμης
672 900 882 984 τυγχανόντων.
919 901 965 965 διὰ
988 903 1015 963 τί
1028 903 1093 985 γάρ,
1116 901 1142 963 εί
1157 903 1251 964 πάντα
1272 902 1406 976 ἀκούσια,
1428 901 1464 965 τά
1480 903 1533 981 μὲν

280 1001 376 1065 αὐτῶν
400 1006 638 1084 συγγινώσκεται,
666 1004 702 1067 τά
725 1003 750 1067 δ’
779 1003 828 1085 οῦ;
860 1005 886 1066 εί
906 1005 975 1087 γάρ,
1004 1005 1053 1067 ύτε
1075 1003 1121 1067 ἐπ’
1149 1003 1248 1072 αὐτοῖς
1273 1003 1310 1088 ἠν
1332 1005 1365 1067 τὸ
1389 1004 1532 1087 μαθοῦσιν
1560 1020 1575 1061 σ

280 1106 368 1167 ὁποῖά
390 1104 467 1168 ἐστιν
491 1105 657 1190 ἀπέχεσθαι
680 1106 790 1183 αὐτῶν,
814 1107 839 1168 εἰ
862 1107 914 1190 μὲν
936 1104 1046 1172 εἰδότες
1067 1109 1152 1168 τοῦτο
1176 1107 1301 1190 ἠμέλουν
1323 1107 1424 1182 αὐτοῦ,
1447 1106 1531 1170 αὐτοὶ

279 1205 364 1269 αίτιοι
387 1210 471 1270 πάλιν
495 1209 543 1270 καλ
566 1208 680 1278 ἑκόντες
701 1215 841 1284 τοιοῦτοι,
864 1210 890 1271 εί
913 1209 945 1271 δὲ
966 1209 1083 1271 κάκεῖνο
1106 1206 1243 1291 ἠγνόουν,
1270 1215 1333 1278 πῶς
1355 1210 1389 1273 ού
1412 1211 1461 1273 καὶ
1483 1210 1531 1273 αύ·

278 1311 321 1371 τοὶ
343 1313 516 1392 συγγνώμης
537 1311 624 1393 ἁΕιοι;
648 1313 731 1396 ἱκανή
755 1314 788 1375 δὲ
810 1313 904 1380 πίστις
926 1315 977 1374 τοῦ
1001 1312 1075 1395 μήτε
1099 1311 1146 1395 βία
1169 1312 1244 1395 μήτε
1266 1309 1303 1375 δι’
1331 1311 1448 1394 ἄγνοιαν
1470 1317 1529 1375 τῶν
1545 1329 1574 1371 ιο

229 1433 258 1479 ιο
279 1412 429 1496 βελτιόνων
453 1414 530 1482 τινάς
547 1415 720 1498 ἁμαρτάνειν
743 1419 802 1478 τῶν
818 1412 1041 1497 ἁμαρτανόντων
1064 1415 1112 1476 καὶ
1134 1414 1167 1476 τὸ
1185 1416 1259 1498 μήτε
1273 1415 1428 1478 λυπεῖσθαι
1452 1417 1528 1500 μήτε

278 1517 500 1598 μεταγινώσκειν
516 1515 564 1578 ἐπὶ
579 1520 638 1585 τοῖς
661 1518 878 1602 ἁμαρτήμασιν·
903 1517 937 1578 τά
959 1515 1012 1599 γάρ
1029 1517 1175 1585 ἀκουσίως
1195 1516 1379 1600 πραττόμενα
1402 1518 1529 1581 ἐπίλυπὰ

275 1619 307 1681 τέ
329 1620 458 1683 ἐστικαὶ
486 1619 515 1681 έν
539 1621 723 1704 μεταμελείᾳ.
769 1622 812 1684 ὅτι
840 1621 872 1682 δὲ
894 1619 921 1682 εί
944 1619 1065 1682 ἀκούσια
1092 1619 1128 1682 τά
1150 1620 1356 1704 ἁμαρτήματα,
1383 1619 1452 1683 οὐδὲ
1475 1618 1522 1704 ἐφ’
1544 1637 1572 1678 ισ

276 1723 346 1804 ἡμῖν
370 1721 404 1784 ἀν
427 1721 487 1802 εἴη,
517 1723 605 1804 δῆλον
628 1723 662 1786 ἐκ
684 1727 734 1786 τοῦ
756 1723 879 1786 ἀκούσια
906 1723 957 1804 μὲν
980 1722 1051 1784 εἶναι
1079 1722 1113 1785 τά
1137 1722 1184 1806 βία
1206 1723 1225 1805 ἠ
1249 1721 1285 1786 δι’
1313 1722 1428 1805 ἁγνοιαν
1451 1725 1526 1805 γινό·

277 1847 364 1906 μενα,
391 1823 458 1887 οὔτε
481 1826 513 1887 δὲ
536 1825 555 1887 ἀ
577 1825 741 1910 βιαζόμενοι
764 1829 903 1907 ποιοῦμεν
926 1824 974 1910 ἐφ’
1002 1827 1071 1908 ἡμῖν
1096 1826 1136 1908 μή
1160 1831 1251 1888 ποιεῖν
1273 1825 1307 1907 (ἁ
1329 1826 1384 1911 γάρ
1407 1827 1448 1909 μή
1473 1823 1522 1909 ἐφ’

224 1949 253 1995 15
274 1930 343 2010 ἡμῖν
371 1930 418 1990 καὶ
444 1929 634 2011 ποιῆσαικαὶ
658 1928 698 2011 μή
727 1934 856 2013 ποιῆσαι,
883 1933 974 1991 ταῦτα
1000 1926 1061 2014 [οὐ]
1085 1928 1163 2013 βία),
1190 1929 1226 1991 τά
1241 1931 1281 1993 -δὲ
1307 1929 1355 1991 διὰ
1381 1931 1475 2012 θυμόν
1503 1929 1525 2011 ἡ

273 2032 426 2113 ἐπιθυμίαν
450 2030 671 2115 ἁμαρτανόμενα
699 2031 746 2116 βίᾳ
776 2032 863 2116 φασὶν
886 2035 978 2094 ποιεῖν
1006 2031 1073 2099 τοῦς
1095 2034 1262 2104 ποιοῦντας,
1293 2032 1371 2095 ὥστε
1393 2031 1456 2115 <τὰ>
1478 2031 1527 2094 διά

273 2135 368 2216 θυμὸν
395 2134 414 2217 ἠ
438 2134 592 2217 ἐπιθυμίαν
623 2135 846 2218 ἁμαρτανόμενα
873 2133 925 2197 οῦκ
948 2133 995 2218 ἐφ’
1022 2135 1102 2216 ἡμῖν.
1148 2134 1174 2196 εί
1197 2135 1232 2217 δή
1261 2136 1291 2196 αἱ
1319 2137 1453 2203 κολάσεις
1476 2135 1526 2196 ἐπὶ
1541 2151 1570 2193 ευ

272 2243 332 2305 τοῖς
354 2236 400 2320 ἐφ’
428 2239 512 2320 ἡμῖν,
540 2239 567 2299 οἱ
590 2238 637 2299 διὰ
660 2238 755 2319 θυμὸν
778 2238 797 2320 ἠ
821 2235 857 2300 δι’
885 2238 1042 2319 ἐπιθυμίαν
1070 2239 1282 2320 ἁμαρτάνοντες
1311 2237 1363 2301 οὐκ
1388 2236 1421 2301 ἁν
1444 2237 1527 2301 εὐλύ-

271 2363 330 2422 γως
345 2342 520 2412 κολάζοιντο.
555 2341 611 2404 όσα
633 2341 665 2402 δὲ
687 2339 723 2403 δι’
746 2340 861 2422 ἁγνοιαν
877 2341 1080 2422 ἁμαρτάνεται,
1104 2344 1193 2403 ταῦτα
1215 2340 1241 2403 εί
1263 2341 1315 2420 μὲν
1337 2346 1391 2425 τής
1405 2341 1523 2424 ἀγνοίας

218 2463 251 2509 20
269 2444 367 2510 αὑτοῖς
389 2444 415 2504 οἱ
439 2444 653 2524 ἁμαρτάνοντες
675 2441 771 2518 αίτιοι,
793 2442 850 2505 εἶεν
874 2441 908 2504 ἀν
931 2441 977 2505 ἐπ’
998 2442 1108 2511 αὐτοῖς·
1132 2442 1190 2506 εἶεν
1212 2442 1238 2506 δ’
1259 2442 1293 2505 ἀν
1316 2443 1414 2512 αὑτοῖς
1437 2442 1524 2507 αἴτιοι
1539 2461 1567 2502 ω

270 2552 320 2630 τής
337 2547 461 2628 ἀγνοίας,
483 2546 509 2608 εί
532 2545 595 2609 ἐνὸν
618 2546 716 2614 αὐτοῖς
738 2546 786 2608 ἐπὶ
808 2546 843 2608 τά
865 2546 967 2631 βελτίω
990 2546 1181 2629 τραπομένοις
1203 2548 1244 2630 μή
1260 2547 1395 2629 γενέσθαι
1418 2548 1449 2611 ἐν
1465 2548 1525 2617 ἕξει

269 2650 399 2731 τοιαύτῃ,
422 2646 457 2712 δι’
479 2649 513 2731 ἠν
537 2649 712 2730 άγνοήσουσι
735 2649 770 2711 τά
793 2649 901 2730 ἀγαθά,
924 2650 951 2711 οἱ
974 2650 1007 2711 δὲ
1029 2648 1181 2733 ἠμέλησαν
1204 2655 1255 2713 τοῦ
1272 2650 1411 2713 τοιούτου.
1447 2650 1525 2714 ἀλλὰ

270 2754 326 2835 μήν
349 2753 402 2814 οὐκ
417 2751 514 2820 άλλως
537 2749 541 2836 Ι
566 2752 633 2834 ἐνῆν
656 2751 754 2820 αῦτοῖς
775 2751 823 2813 ἐπὶ
843 2751 879 2813 τά
902 2752 1007 2835 βελτίω
1023 2752 1193 2834 τραπέσθαι,
1216 2752 1242 2814 εἰ
1265 2753 1305 2836 μή
1329 2751 1410 2838 εἶχόν
1427 2776 1499 2816 ποτε
1522 2762 1577 2818 250

268 2856 427 2940 ὑπολήψεις
448 2856 525 2923 τινάς
547 2857 612 2939 περὶ
634 2855 829 2936 τῶνάγαθῶν
852 2857 892 2922 ὡς
908 2852 999 2917 ὅντων
1022 2856 1169 2918 τοιούτων.
1204 2855 1230 2918 εἰ
1244 2856 1298 2938 γάρ
1321 2855 1367 2918 ἀεὶ
1389 2855 1426 2918 τά
1441 2855 1520 2919 κακά

214 2978 246 3026 25
267 2958 363 3027 αὐτοῖς
385 2959 505 3040 ἀγαθῶν
528 2959 685 3042 φαντασίαν
709 2957 892 3036 ἐπέστελλεν,
920 2957 972 3020 οὐκ
995 2956 1030 3040 ἠν
1054 2956 1099 3021 ἐπ’
1128 2958 1227 3027 αὐτοῖς
1250 2959 1282 3021 τὸ
1305 2960 1347 3042 μή
1370 2960 1521 3044 αἱρεῖσθαι

265 3063 349 3125 αὐτά.
400 3062 474 3125 ἀλλά
504 3062 561 3144 μήν
592 3063 619 3124 οἱ
651 3058 769 3146 ἔχοντες
799 3061 958 3144 ύπολήψεις
986 3061 1051 3143 περὶ
1083 3065 1140 3123 τῶν
1171 3062 1291 3144 ἀγαθῶν
1323 3065 1364 3131 ώς
1394 3065 1519 3145 ἀγαθῶν
1547 3081 1562 3122 ε

265 3163 364 3228 ἔπειτα
392 3167 432 3249 μή
460 3165 626 3249 αἱρούμενοι
654 3164 727 3228 αὐτὰ
755 3163 869 3234 ἑκόντες
895 3165 1070 3248 ἡμάρτανον.
1115 3162 1182 3227 οὔτε
1210 3166 1263 3248 γὰρ
1290 3165 1336 3229 διὰ
1363 3166 1427 3251 βίαν
1450 3166 1520 3230 οῦτε

265 3269 301 3330 δι’
330 3268 444 3351 ἄγνοιαν
468 3271 628 3352 παρεώρων
651 3269 702 3351 τήν
726 3274 784 3331 τῶν
807 3267 960 3352 βελτιόνων
984 3267 1102 3350 αίρεσιν,
1126 3269 1201 3332 ὥστε
1225 3272 1265 3338 ώς
1287 3266 1333 3332 ἐπ’
1361 3270 1460 3339 αὐτοῖς
1483 3273 1518 3334 τὸ

265 3372 448 3455 ἁμαρτάνειν,
472 3372 564 3440 οὕτως
587 3373 634 3434 καὶ
658 3372 798 3434 ἑκούσιον.
844 3372 869 3433 εἰ
892 3372 924 3433 δὲ
948 3371 988 3452 μή
1011 3370 1109 3439 αὐτοῖς
1123 3376 1176 3454 τῆς
1191 3372 1305 3454 ἀγνοίας
1327 3371 1423 3446 αἴτιοι,
1447 3372 1513 3436 οὐδ’
1535 3392 1561 3433 ιυ

211 3495 244 3542 30
265 3474 299 3539 ἀν
322 3474 367 3538 ἐπ’
388 3476 486 3544 αὐτοῖς
508 3474 554 3558 εἴη
578 3476 610 3537 τὸ
634 3471 669 3538 δι’
694 3473 809 3556 ἄγνοιαν
833 3475 1016 3557 ἁμαρτάνειν,
1039 3474 1132 3543 ούτως
1155 3476 1187 3538 δὲ
1209 3475 1303 3545 οὐδεὶς
1325 3475 1359 3538 ἀν
1382 3475 1515 3559 εὐλόγως

264 3579 414 3650 κολάζοιτο
442 3585 499 3641 τῶν
528 3577 765 3661 ἁμαρτανόντων,
794 3575 874 3659 εἴγε
901 3578 930 3639 αἱ
958 3578 1092 3646 κολάσεις
1119 3579 1171 3658 μὲν
1198 3578 1246 3642 ἐπὶ
1272 3584 1334 3647 τοῖςΙ
1357 3579 1405 3663 ἐφ’
1433 3582 1517 3663 ἡμῖν,

263 3682 345 3744 οὐδὲν
369 3684 402 3745 δὲ
424 3687 481 3744 τῶν
505 3681 749 3764 ἁμαρτανομένων
773 3679 819 3764 ἐφ’
847 3682 932 3763 ἡμῖν,
959 3677 990 3742 εί
1007 3703 1039 3761 γε
1063 3680 1214 3754 ἀκούσιον,
1242 3685 1299 3743 πάν
1321 3682 1355 3744 δὲ
1376 3683 1517 3748 ἀκούσιον
1533 3702 1560 3744 ιε

263 3787 282 3869 ἠ
306 3785 343 3848 δι’
371 3785 486 3868 ἄγνοιαν
509 3786 528 3869 ἠ
552 3785 610 3869 βία.

260 4007 297 4071 X.
336 4001 406 4072 Ὅτι
429 4008 445 4069 ύ
468 4005 653 4089 ἄνθρωπος
675 4010 742 4069 τῶν
765 4005 898 4090 ἀρετῶν
921 4006 1040 4089 χάριν,
1064 4003 1132 4068 ἀλλ’
1160 4005 1224 4070 οὐκ
1246 4004 1405 4091 ἔμπαλιν.

207 4183 240 4231 35
346 4162 381 4227 Εἰ
404 4163 434 4225 ἐν
457 4167 516 4231 τοῖς
538 4160 623 4246 φύσει
646 4159 803 4242 γινομένοις
825 4159 900 4223 ἐστίν
925 4185 965 4236 τι,
992 4160 1026 4223 οῦ
1049 4164 1134 4246 χάριν
1150 4161 1186 4225 τὰ
1201 4163 1294 4233 οὕτως
1314 4164 1453 4250 γινόμενα
1476 4169 1514 4251 γί-
1528 4185 1557 4227 ευ

209 4319 351 4326 ——-..

208 4401 229 4452 l.
250 4401 265 4452 2
285 4400 321 4452 δι’
340 4401 382 4470 ’ἠ-ν]
402 4400 427 4454 θ’
447 4404 478 4474 ἠν
498 4424 513 4456 a
620 4407 634 4457 θ
654 4404 686 4473 εἰ]
706 4405 813 4457 fortasse
833 4407 884 4457 καὶ
996 4404 1036 4459 ὅτε
1057 4407 1135 4473 Diels,
1155 4408 1309 4475 cf.129,27:
1329 4408 1367 4464 ότι
1387 4414 1449 4466 libri

204 4487 329 4558 ἠμέλλουν
349 4494 372 4541 V
487 4494 517 4545 13
539 4492 555 4563 ἠ
576 4490 680 4546 δι’-οῦ
700 4493 742 4562 βίᾳ
761 4492 829 4561 (15)]
852 4509 902 4545 om.
921 4497 960 4545 Ba
979 4496 1021 4561 Sp.
1042 4495 1091 4547 del.
1109 4495 1141 4548 8²
1249 4499 1280 4549 14
1302 4499 1412 4553 fortasse
1433 4505 1565 4571 (ποιοῦμεν

204 4573 263 4628 οὔθ’
285 4577 301 4628 ἀ
323 4573 357 4629 δι’
378 4579 489 4647 ἄγνοιαν)
512 4586 631 4648 ποιοῦμεν
752 4581 783 4632 15
807 4580 835 4632 ού
860 4581 908 4633 del.
928 4598 951 4632 ν.
971 4598 992 4633 c.
1012 4586 1035 4633 V
1153 4583 1434 4657 βίρ-ἁμαρτανύμενα
1453 4592 1511 4656 (16)
1530 4592 1565 4642 V¹

204 4665 231 4715 in
255 4681 304 4732 mg.
423 4667 453 4718 1ss
476 4669 508 4718 τά
530 4668 588 4720 add.
608 4668 705 4721 B²SFa
726 4671 770 4735 Sp.
890 4669 919 4719 17
945 4668 1149 4739 ἁμαρτανόμενα]
1179 4672 1376 4744 ἁμαρτανόμεῦγ
1398 4680 1422 4726 V

203 4752 237 4803 ‘20
260 4751 387 4804 αύτοῖσθ
476 4754 536 4822 εἷεν]
561 4755 598 4825 είή
619 4758 663 4823 Sp.
754 4755 787 4806 22
811 4753 894 4825 ἀγαθά
915 4761 937 4808 V
1027 4759 1050 4810 οἱ
1068 4757 1106 4827 δὲ]
1126 4759 1152 4811 οί
1167 4759 1193 4812 δὲ
1207 4765 1231 4814 V
1319 4761 1353 4814 ’24
1372 4762 1524 4835 ὑπολήψεις]
1541 4784 1561 4818 τι

201 4840 230 4892 in
250 4841 287 4893 lit.
306 4846 331 4892 V
439 4841 488 4911 ἀεὶ]
509 4841 574 4912 δήε
678 4843 710 4894 27
739 4844 791 4896 ἐπεὶ
809 4845 841 4895 τά
859 4862 876 4896 ε
986 4846 1021 4899 30
1048 4845 1132 4905 αἱιτοῖς
1152 4851 1210 4900 VB:
1239 4848 1310 4902 αῦτολ
1328 4868 1344 4903 ε
1362 4853 1408 4919 Sp.

201 4927 234 4980 32
254 4927 379 4999 ἀκαίήσίον
400 4934 424 4983 V
514 4931 547 4984 35
566 4930 695 5002 γινόμενα]
716 4948 752 4983 ινσ
771 4933 799 4984 in
818 4932 857 4984 lit.
877 4937 902 4985 V
