3540 5610
313 334 363 378 xvr
894 324 1092 380 PRAEFATIO

313 497 499 563 obscuriora
521 499 572 564 vel
589 496 727 563 clariora
743 496 880 564 emicare
902 497 1061 580 videntur,
1085 505 1119 564 ut
1141 496 1379 565 incertioribus
1401 520 1453 566 me
1476 500 1669 584 contineam,

312 619 344 683 in
367 617 417 683 bis
439 618 531 684 louis:
566 617 643 700 3,ἳὸ
670 618 746 700 33,3
775 617 851 700 38,5
878 617 978 701 40,19
1004 618 1079 703 41,7
1088 618 1105 682 ‘i
1130 618 1208 701 44,8
1235 619 1332 702 46,11
1361 620 1459 702 auat
1488 621 1563 703 62st
1593 623 1670 704 72,ss

313 738 390 821 74,6
413 737 786 821 78,2491,A.599,15.
824 744 937 801 eontra
958 735 1072 801 mirum
1095 742 1144 802 est
1166 736 1354 822 sententias,
1377 757 1459 821 quae
1483 741 1670 806 exciderunt

311 856 344 920 in
368 857 502 941 Veneto,
524 863 591 922 tam
614 876 687 922 raro
710 862 858 922 servatas
881 875 961 922 esse.
999 876 1063 920 non
1088 854 1203 921 desunt
1225 864 1343 939 tamen,
1367 857 1420 921 ubi
1441 860 1534 940 plura
1557 860 1671 942 legerit

310 973 430 1058 Arabs,
462 974 508 1039 ita
541 982 577 1041 ut
608 976 780 1061 supplendi
812 976 888 1041 inde
921 973 1086 1058 capiamus
1120 976 1242 1060 aliquid
1268 975 1470 1062 adminiculi,
1504 978 1542 1043 cf.
1571 981 1668 1063 37,st

312 1093 523 1176 41,645,14.

397 1216 502 1298 Atque
524 1213 613 1298 potru'
629 1213 711 1281 baec
725 1217 824 1281 multo
840 1215 970 1282 brevius
993 1216 1160 1299 adnotare,
1183 1234 1283 1299 qnare
1298 1215 1506 1300 vituperabor
1520 1219 1669 1301 tortasse,

311 1333 397 1417 qnod
420 1334 520 1399 nimia
535 1336 708 1401 otiosarum
728 1335 901 1401 lectionum
922 1335 1007 1400 mole
1028 1334 1272 1400 instrumentum
1293 1336 1436 1402 criticum
1459 1338 1669 1404 oneraverim.

311 1453 369 1520 sed
391 1454 605 1538 reputandum
627 1462 711 1539 erat,
741 1462 889 1541 oportere
911 1476 985 1540 uos,
1012 1461 1047 1519 ut
1074 1454 1192 1520 talibus
1213 1455 1364 1520 subsidiis
1387 1455 1470 1522 bene
1499 1467 1670 1542 uteremur,

312 1573 409 1640 etiam
435 1574 515 1638 vitia
542 1595 652 1641 eorum
686 1574 899 1660 perspexisse.
945 1574 1099 1658 putabam
1121 1574 1218 1657 igitur
1245 1576 1341 1658 paulo
1364 1573 1541 1642 fideliorem
1576 1576 1670 1642 buius

311 1694 585 1778 interpretationis
606 1693 779 1778 imaginem
802 1694 879 1759 milri
902 1714 974 1760 esse
996 1693 1313 1778 repraesentandam.
1348 1693 1457 1778 itaque
1479 1717 1543 1760 non
1566 1697 1670 1760 solum

309 1814 457 1882 lectionis
488 1813 736 1898 discrepantiam
772 1814 829 1879 sed
863 1833 904 1879 ea
935 1833 1062 1897 quoque
1092 1812 1260 1897 proposui,
1294 1833 1377 1896 quae
1409 1815 1452 1879 ad
1486 1815 1671 1899 interpretis

311 1934 567 2019 cognoscendam
595 1940 627 1998 et
649 1932 777 2000 dicendi
803 1941 836 1999 et
859 1931 1022 2015 cogitandi
1049 1933 1206 1998 rationem
1234 1932 1427 1998 ridebantur
1448 1934 1585 2017 aptiora.
1630 1956 1671 2000 ex

311 2055 426 2140 quibus
452 2074 538 2120 nunc
572 2061 606 2118 ut
633 2073 730 2117 unum
765 2071 912 2118 moneam
943 2041 1161 2135 unusquisoue
1194 2053 1368 2134 legentium
1403 2053 1510 2118 statim
1538 2054 1670 2139 videbit,

311 2195 406 2260 quam
429 2173 539 2239 timide
561 2172 783 2237 additamenta
811 2171 879 2236 eius
906 2172 1060 2237 adbibere
1085 2178 1246 2256 oporteat,
1274 2172 1393 2256 quippe
1421 2173 1472 2256 qui
1496 2172 1576 2237 nihil
1602 2174 1671 2239 iere

311 2295 380 2361 sine
395 2293 565 2360 verborum
581 2292 714 2357 circuitu
730 2291 897 2375 exprimat,
921 2290 1047 2372 singula
1062 2299 1169 2356 autem
1186 2289 1286 2356 verba
1307 2291 1390 2357 binis
1405 2294 1509 2359 soleat
1524 2291 1669 2375 reddere,

311 2413 439 2496 singula
462 2410 629 2478 enuntiata
651 2411 683 2474 in
707 2412 800 2494 plura
823 2409 981 2493 dividere,
1009 2409 1151 2492 singulas
1178 2411 1354 2494 particulas
1381 2412 1549 2476 sententiis
1575 2411 1670 2476 inter-

317 2533 448 2618 pretau'.

400 2652 450 2717 De
471 2649 580 2715 anima
602 2649 904 2715 commentationem
932 2649 1039 2732 graeci
1068 2649 1138 2713 libri
1167 2649 1199 2713 in
1222 2649 1350 2733 singula
1372 2651 1480 2735 capita
1502 2651 1670 2734 divellunt,

315 2770 402 2855 quod
424 2778 459 2834 ut
474 2768 652 2854 perspicias
667 2788 762 2851 quam
783 2767 892 2852 inepte
909 2768 1027 2832 lactum
1043 2768 1093 2852 sit,
1117 2767 1264 2834 conferas
1286 2770 1382 2854 8030
1397 2772 1492 2852 8132
1507 2771 1611 2854 eale.
1621 2771 1671 2836 18.

317 2911 417 2976 quare
440 2898 472 2956 et
494 2889 578 2955 hano
600 2888 790 2954 divisionem
814 2888 941 2970 neglexi
969 2895 1001 2953 et
1023 2896 1213 2970 argumenta
1235 2889 1369 2972 singulis
1392 2890 1557 2973 particulis
1580 2911 1672 2974 prae·

314 3010 445 3095 scripta,
469 3029 540 3075 cum
556 3014 667 3092 aperte
691 3014 764 3091 post
778 3006 998 3072 Alexandrum
1021 3006 1095 3071 licta
1109 3007 1182 3091 sint,
1204 3009 1237 3073 in
1252 3009 1494 3076 adnotationem
1517 3009 1670 3092 relegavi.

401 3131 495 3195 Amat
510 3126 653 3221 scriptor
675 3133 708 3192 et
730 3146 779 3211 ea,
802 3126 979 3208 dequibus
1001 3125 1186 3211 disputavit,
1209 3127 1242 3193 in
1257 3128 1442 3194 memoriam
1466 3148 1619 3195 revocare
1638 3135 1671 3194 et

323 3257 418 3323 utura
440 3245 598 3333 polliceri:
632 3265 729 3329 quae,
761 3244 787 3309 si
812 3247 921 3329 paullo
949 3247 1120 3314 remotiora
1146 3248 1373 3333 respiciuntur,
1400 3249 1433 3313 in
1460 3247 1670 3313 adnotatione

313 3368 493 3450 designavi.
535 3366 634 3432 semel
657 3363 779 3451 (oa13)
801 3365 845 3448 id,
868 3365 953 3448 quod
976 3366 1180 3450 promittitur,
1202 3389 1268 3432 non
1291 3367 1442 3452 sequitur.
1485 3366 1669 3431 Aristotelis

315 3486 413 3553 libros
436 3486 534 3553 etiam
561 3506 627 3550 non
651 3483 761 3549 addito
784 3484 924 3549 auctoris
950 3485 1078 3551 nornine
1106 3495 1348 3572 commemorat,
1376 3487 1416 3552 de
1439 3494 1526 3551 motu
1549 3486 1670 3550 anima·

310 3607 378 3672 ium
401 3607 490 3691 97,6,
520 3613 620 3673 totum
644 3605 684 3670 de
708 3624 805 3670 sensu
827 3611 860 3669 et
882 3603 992 3669 sensili
1015 3605 1129 3670 librum
1158 3605 1269 3690 tam,
1293 3607 1436 3672 eiusdem
1460 3612 1557 3689 eaput
1580 3605 1669 3688 quin·

309 3734 375 3792 tum
397 3727 508 3813 53,26;
531 3734 563 3793 et
585 3725 735 3791 liberiore
757 3723 851 3788 modo
875 3724 917 3789 ad
940 3723 1077 3790 eundem
1099 3733 1263 3791 auctorem
1286 3733 1440 3809 provocat
1465 3726 1590 3810 143,30,
1613 3723 1669 3789 ubi

308 3855 462 3915 nontam
485 3853 573 3914 certa
594 3843 777 3911 Aristotelis
803 3842 904 3910 rerba
930 3845 987 3911 sed
1016 3865 1057 3911 ea
1077 3845 1263 3931 intellegas,
1290 3865 1378 3930 quae¹
1400 3866 1440 3912 ex
1462 3846 1668 3912 Aristotelioa

308 3947 436 4034 luminis
451 3965 666 4050 descriptione
683 3965 866 4031 Alexander
881 3965 1052 4031 concludit.
1087 3967 1144 4033 sed
1167 3986 1238 4031 eum
1254 3966 1295 4032 de
1310 3965 1361 4031 bis
1377 3973 1444 4031 turn
1459 3967 1499 4033 de
1516 3966 1668 4031 universa

309 4088 434 4154 ratione
463 4107 545 4171 quae
571 4085 655 4150 inter
682 4085 863 4151 Aristotelis
889 4092 922 4150 et
947 4086 1123 4152 Alexandri
1153 4088 1193 4153 de
1222 4087 1330 4152 anima
1356 4087 1471 4153 librum
1498 4086 1667 4152 intercedit

309 4207 463 4293 peculiari
490 4205 571 4273 libro
599 4205 779 4289 disputabo.
825 4205 963 4289 denique
993 4207 1120 4273 tametsi
1152 4228 1327 4292 paucorum
1338 4207 1359 4294 ¹)
1391 4215 1521 4292 praeter
1548 4206 1669 4270 Aristo-

309 4330 406 4395 telem
430 4328 527 4394 libros
550 4326 680 4412 respicit
702 4327 902 4410 Alexander,
931 4335 1039 4393 tamen
1061 4335 1175 4393 contra
1198 4329 1314 4393 multos
1336 4328 1556 4411 adversarios,
1583 4326 1667 4391 inter

309 4469 389 4532 quos
417 4448 552 4533 primum
580 4447 679 4513 Stoici
710 4448 814 4512 locum
842 4446 1000 4528 obtinent,
1035 4454 1067 4512 et
1093 4447 1124 4511 in
1158 4447 1238 4513 libro
1263 4449 1312 4513 De
1337 4448 1446 4513 anima
1480 4454 1512 4513 et
1537 4447 1569 4511 iu
1598 4447 1667 4512 eius

309 4569 464 4634 mantissa
489 4569 536 4632 ita
562 4572 698 4650 pugnat,
732 4575 767 4632 ut
794 4567 924 4631 nomina
957 4587 1065 4632 eorum
1092 4574 1270 4632 taceantur.
1316 4568 1412 4633 etiam
1439 4567 1471 4630 iu
1503 4566 1562 4631 bos
1588 4566 1667 4631 alibi

308 4690 488 4755 accuratius
510 4679 695 4769 inquiretur.

308 4856 504 4864 -.„..-—⁴-——-.
512 4858 522 4861 -
551 4856 707 4861 ...-.-.-

382 4948 400 5014 ¹)
420 4946 452 4999 cf.
471 4946 583 4999 luditum
603 4946 720 4998 alterum.
