3540 5610
212 328 272 395 116
471 282 474 287 ’
527 320 731 385 Αυωωνυω
754 328 798 384 οε
821 321 931 384 Ama
954 322 1048 385 ωυω
1069 326 1244 384 ιιιιιτιεει

261 527 348 567 κοντα
371 506 419 567 καὶ
441 504 470 567 έν
492 509 534 588 τῴ
558 503 640 591 αδτῴ
663 504 755 589 τόπφ,
778 503 794 567 δ
817 503 902 586 λόγου
926 505 1015 566 δεῖται
1037 503 1085 566 καὶ
1108 502 1291 572 ἀποδείξεως.
1333 500 1375 565 ἔτι
1396 521 1511 585 προσγι-
1555 502 1559 507 ’

262 606 369 689 νόμενα
392 607 439 670 καὶ
456 605 649 690 ἀπο-γινόμενα
671 613 734 676 πῶς
748 605 815 670 οὔτε
830 605 949 690 αὐξήσει
972 604 1038 668 οὔτε
1052 608 1172 689 μειώσει
1194 606 1226 668 τδ
1242 609 1343 689 σώμα;
1367 601 1408 667 ἔτι
1424 604 1512 667 ὑπαλ·
1525 619 1554 661 τε

264 711 404 790 λαγεισῶν
427 713 483 771 τῶν
504 712 675 794 ποιοτήτων,
698 710 728 773 αἱ
751 714 862 793 πρῶται
884 709 1076 794 χωρισθεῖσαι
1098 710 1222 792 σώματα
1241 705 1325 771 οὖσαι
1347 707 1388 777 εἰς
1411 707 1443 770 τὸ
1468 708 1509 792 μὴ

264 808 295 872 δν
318 812 527 896 φθαρήσονται,
550 811 679 896 οὐδαμοῦ
701 813 755 896 γάρ
771 813 856 876 εἰσιν·
880 812 957 875 οὕτω
980 811 1012 874 δὲ
1027 810 1075 873 καὶ
1098 809 1132 873 ἐκ
1147 814 1198 873 τοῦ
1222 810 1262 894 μὴ
1284 808 1365 879 ὄντος
1387 807 1510 873 ἔσονται.

234 909 303 975 υέτι
325 913 350 976 εἰ
373 906 464 983 οόέως
486 914 504 997 4,
528 914 678 999 φυχὴπῴ
702 916 816 997 σώματι
837 916 876 983 ὡς
899 911 967 976 όλον
990 911 1026 976 δι’
1054 911 1125 976 ὅλου
1149 914 1257 997 διήκειν
1279 912 1327 975 καλ
1350 912 1511 997 κεκρᾶσθαι

261 1019 303 1101 τῴ
326 1019 455 1100 σώματι,
482 1015 578 1079 οὐκέτι
608 1013 688 1079 ἔσται
709 1021 760 1080 τοῦ
783 1014 862 1101 ζῴου
889 1016 921 1078 τδ
945 1016 996 1097 μὲν
1019 1016 1117 1101 ψυχή,
1146 1015 1178 1078 τδ
1200 1015 1233 1079 δὲ
1255 1019 1356 1098 σῶμα,
1384 1012 1511 1083 ἀλλάέέ

260 1119 367 1204 ἀμφοῖν
391 1118 421 1180 έν
443 1143 470 1182 τι
491 1117 563 1183 ἀλλο
586 1118 820 1204 συνεφθαρμένον
846 1120 895 1181 καὶ
916 1116 1181 1202 συνηλλοιωμένον,
1210 1119 1251 1186 ὡς
1273 1118 1305 1180 τδ
1329 1117 1510 1201 μελίκρατον.

260 1221 307 1284 καὶ
331 1221 427 1284 οὐκέτι
449 1223 522 1285 τιτὸ
546 1222 597 1303 μὲν
616 1223 768 1306 ἡγήσεται,
790 1222 823 1285 τὸ
846 1222 878 1284 δὲ
901 1221 1086 1306 ὑπηρετήσει,
1109 1219 1177 1283 οὐδὲ
1199 1221 1232 1283 τὸ
1256 1220 1308 1303 μὲν
1330 1223 1510 1304 τιμιώτερον,
1524 1234 1554 1278 ⁴⁰

259 1325 293 1387 τδ
316 1325 349 1388 δὲ
370 1324 467 1408 ήττον,
489 1325 610 1388 οὐδὲτὸ
632 1329 718 1408 σῶμα
740 1323 796 1392 ἕξει
811 1326 919 1409 ψυχήν,
941 1323 1009 1387 οθδὲ
1031 1323 1148 1408 ἡψυχὴ
1172 1320 1253 1386 ἔσται
1274 1324 1304 1387 ἐν
1320 1326 1363 1408 τῴ
1386 1325 1510 1407 σώματι.

220 1444 246 1487 10
260 1426 329 1489 οὐδὲ
355 1427 408 1512 γὰρ
438 1428 491 1512 τήν
517 1426 614 1512 ἀρχήν
640 1428 673 1490 τὸ
701 1427 753 1511 μὲν
780 1426 861 1511 ψυχὴ
889 1424 968 1489 ἔσται
995 1430 1046 1489 τοῦ
1074 1422 1168 1510 ζῴου,
1195 1426 1228 1488 τὸ
1251 1426 1283 1488 δὲ
1305 1430 1407 1508 σῶμα,
1435 1426 1511 1489 ἀλλὰ
1542 1409 1548 1420 ’

261 1530 346 1612 μόνον
371 1534 448 1616 ζῴον
471 1531 503 1594 τὸ
526 1530 560 1593 ἐκ
581 1528 690 1592 τούτων
713 1533 810 1612 κρᾶμα
834 1530 882 1592 καὶ
904 1528 934 1592 έν
954 1552 981 1591 τι
1003 1527 1050 1590 καὶ
1074 1527 1141 1590 ὅλον
1165 1525 1263 1610 ὅμοιον
1279 1529 1386 1612 ἑαυτῷ,
1410 1529 1511 1591 όποῖον

259 1634 290 1695 τὸ
314 1631 450 1715 οἰνόμελι,
473 1632 545 1716 όπερ
566 1631 683 1695 ἄτοπον.
721 1628 856 1715 ἔστιγὰρ
880 1636 930 1694 τοῦ
954 1629 1031 1716 ζῴου
1053 1631 1086 1693 τδ
1110 1632 1162 1714 μὲν
1185 1633 1278 1716 ψυχή.
1300 1631 1333 1693 τὸ
1357 1631 1389 1694 δὲ
1413 1635 1510 1712 σῶμα,

259 1738 299 1803 ώς
321 1735 353 1797 τὸ
377 1737 429 1819 μὲν
452 1734 538 1808 ἀλλο,
569 1735 601 1797 τὸ
629 1735 661 1796 δὲ
687 1733 768 1796 άλλο.
812 1733 857 1796 διὸ
881 1734 929 1796 καὶ
956 1733 1137 1818 χωρίζεται.
1163 1731 1206 1796 ἔτι
1227 1733 1253 1796 εἰ
1282 1735 1330 1796 καὶ
1357 1733 1387 1796 αἱ
1410 1735 1511 1817 ἀρεταὶ

258 1839 382 1920 σώματα
404 1838 452 1900 καὶ
474 1838 503 1900 αἱ
527 1836 640 1921 τέχναι,
670 1842 733 1905 πῶς
755 1836 788 1899 οθ
812 1834 1026 1921 προσγενόμενα
1051 1838 1143 1900 ταῦτά
1164 1859 1215 1899 τινι
1238 1837 1453 1921 στενοχωρήσει
1477 1836 1510 1898 τὸ

219 1954 245 1998 ιυ
259 1944 345 2022 σῶμα
367 1939 535 2024 ήαδξήσει;
559 1937 601 2002 ἔτι
616 1939 642 2001 εἰ
664 1936 733 2002 καθ’
753 1938 770 2002 θ
792 1938 825 2000 τὸ
840 1937 915 2000 εἶναι’
934 1939 989 2001 τινί
1001 1938 1063 2001 ἐστι
1085 1943 1181 2013 τοῦτο,
1204 1937 1275 2023 όπερ
1298 1937 1370 2001 εἶναι
1385 1937 1509 2021 λέγεται,
1523 1956 1551 1999 ιε

257 2047 341 2105 τοῦτο
363 2041 440 2112 εἶδός
455 2042 526 2115 ἐστι,
548 2041 622 2105 κατὰ
643 2041 676 2104 δὲ
697 2041 749 2125 τὴν
772 2042 871 2125 ψυχὴν
894 2046 936 2124 τῴ
954 2038 1025 2126 ζῴῳ
1043 2042 1076 2103 τὸ
1099 2028 1266 2126 ζῴῳεῖναί
1279 2041 1366 2116 ἐστιν,
1388 2042 1507 2127 ἡψυχὴ

257 2143 341 2213 εἶδος.
387 2143 431 2207 ότι
453 2145 485 2208 δὲ
507 2143 582 2213 εἶδος
603 2146 622 2228 ή
646 2144 743 2229 ψυχή,
770 2145 858 2227 δήλον
886 2144 933 2206 καὶ
961 2143 994 2206 ἐκ
1015 2147 1067 2206 τοῦ
1095 2144 1136 2226 μὴ
1160 2142 1301 2207 δόνασθαι
1327 2140 1389 2206 κατ’
1418 2144 1506 2208 ἀλλον

257 2247 362 2332 τρόπον
385 2246 474 2316 δεῖξαι
496 2247 529 2309 τὸ
554 2250 629 2331 ζῴον
652 2245 686 2307 ἐκ
708 2249 807 2329 ψυχῆς
834 2245 865 2308 δν
887 2247 936 2308 καὶ
959 2248 1103 2329 σώματος.
1148 2245 1190 2309 ἔτι
1214 2247 1241 2309 εἰ
1262 2250 1349 2328 σῶμα
1372 2249 1508 2331 σώματος

257 2347 278 2432 ή
301 2354 388 2432 σῶμα
410 2349 493 2412 οὐδὲν
516 2348 659 2432 διαφέρει,
686 2353 730 2434 τῴ
754 2349 787 2411 δὲ
808 2349 906 2432 ψυχήν
934 2347 1012 2433 ἔχειν
1037 2348 1180 2433 διαφέρει,
1208 2348 1261 2412 οὐκ
1283 2346 1357 2412 ἔστιν
1381 2350 1400 2432 4,
1423 2352 1508 2436 ψυχὴ

215 2469 242 2512 νυ
257 2457 354 2536 σῶμα.
397 2451 433 2514 τὰ
458 2451 513 2535 γὰρ
541 2456 583 2536 τῴ
612 2450 687 2533 γένει
712 2450 748 2513 τὰ
775 2450 849 2514 αὸτά
880 2451 965 2536 φύσιν
993 2452 1092 2534 κοινὴν
1119 2449 1191 2536 ἔχει.
1237 2451 1272 2514 τὰ
1294 2450 1379 2536 φόσιν
1410 2454 1509 2537 κοινήν

257 2555 363 2641 ἔχοντα
385 2554 530 2639 ἀδιάφορα
557 2552 631 2616 κατὰ
658 2553 690 2615 τὸ
713 2551 817 2616 κοινόν.
861 2553 897 2616 τὰ
918 2559 961 2640 τῴ
985 2553 1060 2636 γένει
1081 2553 1138 2638 άρα
1161 2554 1241 2616 κοινὰ
1263 2554 1408 2638 ἀδιάφορα
1435 2556 1509 2619 κατὰ

257 2660 289 2722 τδ
312 2658 403 2740 γένος,
425 2656 507 2739 γένος
528 2656 560 2719 δὲ
583 2655 679 2719 αὐτῶν
701 2655 734 2717 τὸ
757 2660 858 2739 σῶμα·
883 2657 959 2720 ὥστε
981 2656 1016 2719 τὰ
1038 2659 1161 2738 σώματα
1184 2657 1329 2741 ἀδιάφορα
1351 2658 1428 2720 καθὸ
1451 2660 1507 2721 σώ-
1522 2675 1553 2718 ευ

258 2785 344 2843 ματα.
389 2757 441 2822 οὐκ
464 2757 520 2843 ἄρα
543 2762 629 2841 σῶμα
652 2760 787 2842 σώματος
808 2760 885 2821 καθὸ
908 2764 995 2839 σῶμα
1017 2757 1154 2842 διαφέρει.
1200 2760 1286 2829 ὥστε,
1313 2759 1355 2828 οἷς
1378 2761 1509 2846 διαφέρει

255 2864 291 2926 τὰ
313 2865 437 2946 σώματα
459 2862 605 2944 ἀλλήλων,
628 2859 662 2922 οὐ
686 2863 808 2944 σώματα
831 2865 930 2924 ταῦτα.
964 2861 1000 2924 τὰ
1023 2862 1118 2944 μέντοι
1140 2862 1284 2944 ἀσώματα
1306 2860 1359 2925 οὐκ
1381 2860 1442 2926 ἔστι
1465 2869 1509 2950 τῴ

216 2965 332 3047 ευγένει
358 2966 394 3028 τὰ
416 2964 499 3027 αὐτά.
545 2965 622 3027 ώστε
648 2963 716 3026 οὐδὲ
742 2964 887 3048 ἀδιάφορα
913 2965 988 3027 καθὸ
1016 2965 1169 3048 ἀσώματα.
1215 2965 1369 3047 ὁμώνυμον
1397 2967 1451 3050 γάρ
1475 2969 1509 3030 τδ

258 3070 424 3148 ἀσώματον.
467 3063 528 3129 ἔστι
550 3066 603 3150 γὰρ
626 3072 684 3128 τῶν
708 3066 872 3147 ἀσωμάτων
895 3067 930 3128 τὸ
954 3067 1004 3149 μὲν
1028 3067 1057 3130 ἐν
1080 3067 1175 3151 οὐσία,
1197 3067 1234 3130 τδι
1257 3067 1289 3130 δὲ
1305 3068 1335 3130 έν
1358 3069 1508 3153 ποσότητι,

256 3172 292 3234 τὰ
314 3171 347 3233 δὲ
369 3168 398 3231 ἐν
422 3173 484 3237 ταῖς
505 3167 606 3237 ἀλλοις
627 3169 817 3252 κατηγορίαις.
862 3169 888 3230 εἰ
910 3169 942 3232 δέ
963 3193 1004 3238 τις
1027 3168 1115 3252 λέγοι,
1137 3168 1182 3232 ότι
1204 3173 1291 3254 σῶμα
1313 3173 1449 3253 σώματος
1473 3172 1507 3235 οδ

257 3271 385 3357 διαφέρει
409 3273 460 3355 μὲν
482 3271 556 3334 κατὰ
584 3271 616 3333 τδ
640 3271 732 3334 κοινὸν
755 3277 856 3352 σῶμα,
883 3267 903 3354 ή
929 3270 961 3333 δέ
987 3295 1013 3333 τι
1036 3275 1138 3354 σῶμα,
1165 3273 1301 3356 ἑκάτερον
1328 3273 1424 3336 αὐτῶν
1447 3276 1506 3337 δια-

256 3374 351 3459 φέρει,
380 3374 496 3458 ρητέον,
525 3372 568 3437 ὅτι
596 3374 627 3435 τὸ
652 3374 692 3436 ένλ
716 3374 830 3457 ἑκάστῳ
853 3379 910 3436 τῶν
934 3375 1079 3458 σωμάτων
1106 3372 1178 3437 εἶναι
1204 3374 1283 3459 παρὰ
1310 3376 1361 3444 τὰς
1383 3376 1491 3447 οἰκείας
1513 3394 1566 3440 ιιυι

215 3492 242 3536 ευ
256 3475 394 3561 διαφορὰς
416 3477 464 3539 καὶ
486 3476 522 3538 τδι
541 3477 633 3538 οἰκεῖα
656 3475 729 3559 εἴδη,
753 3479 877 3560 διάφορα
900 3473 968 3538 ὄντα
987 3476 1132 3560 ἀλλήλων,
1156 3477 1241 3553 ἐστίν,
1265 3482 1355 3541 ταῦτα
1377 3478 1409 3541 δὲ
1430 3481 1506 3544 ἀσώ-

258 3603 348 3662 ματα·
372 3579 449 3642 ώστε
471 3577 514 3646 οἷς
536 3578 717 3663 διαφέρουσιν
740 3579 875 3663 ἀλλήλων
898 3580 933 3642 τά
956 3603 1017 3642 τινα
1041 3582 1172 3664 σώματα,
1199 3579 1233 3643 οὐ
1256 3583 1388 3663 σώματα.
1432 3583 1505 3667 πρὸς

221 3672 224 3679 ’
256 3682 366 3751 τούτοις
393 3681 420 3744 εἰ
441 3681 474 3742 τὸ
496 3684 610 3764 πνεῦμα
637 3682 655 3765 ἦ
678 3681 708 3744 ἐν
731 3686 773 3767 τῷ
797 3681 936 3764 πνεύματι
964 3682 982 3764 ή
1005 3686 1050 3768 τῴ
1073 3683 1139 3766 πυρὶ
1162 3687 1205 3768 τῴ
1234 3684 1264 3746 ἐν
1286 3685 1356 3767 ήμῖν
1379 3685 1398 3766 ή
1422 3686 1503 3769 φυχὴ

256 3787 367 3868 πρώτη,
390 3785 438 3847 οἵα
458 3806 490 3846 τε
504 3781 584 3847 ἔσται
608 3785 655 3846 καὶ
678 3784 708 3846 έν
723 3784 911 3868 χωρισθεῖσιν
933 3783 1032 3854 αὐτοῖς
1053 3785 1134 3848 εἶναι.
1169 3787 1353 3870 χωριζόμενα
1375 3787 1428 3871 γὰρ
1452 3791 1504 3850 τοῦ

257 3883 337 3972 ζῴου
361 3886 488 3968 διαμένει
510 3887 558 3948 καὶ
578 3891 692 3968 πνεῦμα
713 3888 839 3970 καὶπῦρ
863 3885 904 3949 όν.
944 3887 970 3949 εἰ
993 3889 1024 3950 δὲ
1044 3891 1138 3964 τοῦτο,
1160 3886 1240 3951 ἔσται
1263 3888 1310 3951 καὶ
1333 3889 1365 3951 τὸ
1388 3894 1503 3974 πνεῦμα

215 3990 304 4052 υσκαὶ
327 3990 359 4051 τὸ
382 3993 438 4071 πῦρ
462 3992 536 4074 ζῴα.
571 3988 597 4051 εἰ
619 3989 651 4051 δὲ
674 3988 811 4051 ἀδύνατον
831 3993 925 4058 τοῦτο,
948 3972 1087 4053 ἀδύνατον
1110 3992 1157 4053 καὶ
1180 3990 1209 4053 έν
1231 3991 1340 4054 τοότων
1363 3992 1415 4054 τινὶ
1431 3991 1505 4055 εἶναι
1532 4008 1547 4049 υ

256 4092 308 4175 τὴν
331 4094 444 4176 ψυχήν,
474 4090 549 4154 ἀλλὰ
571 4090 605 4153 ἐν
624 4094 668 4175 τῴ
692 4095 783 4175 μικτῴ
806 4096 848 4176 τῴ
872 4091 906 4153 ἐκ
928 4096 985 4154 τών
1008 4094 1167 4177 τεσσάρων,
1190 4098 1233 4178 τῴ
1258 4094 1349 4163 οὕτως
1372 4117 1434 4163 πως
1458 4118 1505 4179 με·

257 4193 386 4279 μιγμένῳ
409 4194 456 4257 καὶ
479 4192 658 4277 συγκειμένῳ
685 4196 726 4261 ώς
752 4194 784 4256 τὸ
807 4198 894 4278 σῶμα
919 4196 952 4257 τδ
979 4200 1036 4257 τῶν
1060 4193 1146 4280 ζῴων
1175 4195 1320 4278 μέμικται.
1365 4195 1439 4258 ἀδὲ
1462 4196 1506 4259 λέ-

205 4488 215 4539 l
236 4484 414 4559 προσγινόμενα
433 4485 485 4538 Ka:
505 4484 688 4556 προσγενόμενα
709 4485 728 4535 V
835 4487 849 4537 7
870 4487 928 4539 fort.
948 4484 1158 4557 συνεφθαρμένων
1178 4492 1221 4538 καὶ
1240 4485 1464 4557 συνηλλοιωμένων

202 4573 262 4626 8τι
280 4574 437 4626 om.Ksed
455 4572 669 4637 cf.106,19adn.
756 4573 783 4624 ll
804 4573 832 4625 τὸ
851 4574 880 4626 ἐκ
899 4572 935 4628 V:
953 4593 977 4626 τι
997 4575 1037 4626 Ka
1118 4573 1149 4625 12
1168 4577 1213 4626 τοῦ
1232 4576 1283 4626 Va:
1301 4576 1366 4627 τιΚ
1449 4577 1562 4648 14προ·
1619 4640 1624 4647 ,

202 4661 373 4730 σγινόμεναΚ
445 4660 478 4713 ‘23
497 4657 563 4712 καθὸ
582 4666 657 4729 σῶμα
675 4660 720 4724 υιέ,
739 4657 805 4713 καθὸ
824 4667 898 4729 σῶμα
916 4661 1015 4731 σώματι
1034 4662 1114 4714 m¹V:
1135 4659 1200 4713 καθὸ
1220 4668 1293 4730 σῶμα
1312 4663 1353 4714 Ka
1423 4663 1457 4716 ‘25
1476 4663 1505 4716 τὸ
1523 4666 1561 4718 V:

136 4756 225 4800 ’τι
243 4749 284 4801 Ka
389 4747 422 4799 29
441 4746 470 4801 τὸ
489 4749 524 4799 V:
542 4750 582 4817 τῴ
599 4748 640 4801 Ka
745 4746 779 4800 33
802 4747 886 4808 αδτοῖς
904 4749 926 4801 V
946 4766 988 4802 ex.
1007 4750 1090 4802 Victa
1109 4748 1194 4808 αὐτοῖς
1213 4751 1253 4801 Ka
1358 4749 1392 4804 35
1410 4756 1485 4804 τοῦτο
1504 4753 1560 4806 Ka:

201 4836 331 4888 τοῦτονθ
436 4835 463 4889 έν
480 4834 579 4888 τοὸτων
597 4835 642 4899 m’,
661 4835 687 4887 ἐν
705 4833 787 4907 τοότφ
806 4837 889 4889 m¹V:
908 4837 934 4889 δν
952 4836 1051 4891 τοθτων
1069 4838 1109 4889 Ka
1216 4836 1249 4890 36
1268 4834 1362 4909 οὕτως]
1381 4858 1403 4891 ω
1421 4839 1450 4893 in
1469 4839 1543 4895 lihV

202 4922 717 4989 37ώςτδω’,ώςτο“θιώςτὸδα
