3540 5610
202 315 264 379 160
425 312 592 383 [ΛΠΟΡΙΩΝ
612 312 672 368 ΚΑΙ
692 311 825 367 mmm
844 309 987 368 ΒΙΒΛΙΟΝ
1007 308 1193 369 ΤΕΤΑΡΤΟΝ
1213 312 1329 383 29-30]

256 485 303 570 ἐφ’
330 488 401 571 ἡμῖν
425 486 498 574 ἔχει,
522 487 577 551 όσα
598 489 660 551 ἐστὶ
683 490 839 572 προαιρετοί
861 511 892 550 τε
914 489 961 550 καὶ
988 487 1062 551 κατὰ
1090 488 1254 572 προαίρεσιν
1279 486 1426 569 γινόμενα,
1449 491 1507 549 πᾶν

254 612 286 651 τε
308 591 341 652 τὸ
357 590 430 653 κατὰ
452 591 615 675 προαίρεσιν
648 590 794 673 γινόμενον
822 592 894 673 μετὰ
920 589 1007 671 λόγου
1033 613 1065 653 τε
1092 591 1140 652 καὶ
1167 590 1363 674 προαιρέσεως
1388 590 1507 672 γίνεται,

257 691 300 753 ὀιό
323 694 371 755 καὶ
395 695 477 755 δοκεῖ
496 718 514 776 η
538 694 701 777 προαίρεσις
722 691 794 755 εἶναι
817 693 947 756 ἑκούσιον
969 692 1261 778 προβεβουλευμένον.
1306 695 1372 778 περὶ
1393 692 1449 777 γὰρ
1471 692 1508 756 τὰ
1535 709 1550 751 ε

256 794 397 877 βουλευτόι
419 798 438 878 ἡ
463 796 637 880 προαίρεσις,
660 795 801 879 βουλευτὰ
823 795 855 858 δέ
877 797 952 858 ἐστιν
976 797 1040 879 περὶ
1063 797 1104 859 ῶν
1127 796 1188 859 ἐστι
1212 797 1302 881 βουλή
1333 818 1364 859 τε
1394 798 1444 860 καὶ
1473 799 1507 860 τό

219 916 235 964 5
254 895 455 980 βουλεύεσθαι,
479 899 645 983 βουλεύεται
668 899 700 960 δὲ
722 897 805 960 υόὀὲν
829 902 905 981 ξῷον
928 897 999 961 ἄλλο
1015 899 1094 984 παρὰ
1109 901 1158 962 τὸν
1179 900 1344 984 ἄνθρωπον,
1369 900 1507 985 βουλευό-

257 1004 333 1084 μεθα
350 1002 381 1063 δὲ
404 1000 470 1064 οὔτε
485 1003 549 1084 περὶ
569 1006 627 1064 τῶν
650 1001 750 1063 αἰιθίων
766 1000 814 1063 καὶ
831 1001 876 1063 ἀεὶ
892 1001 1000 1084 ὁμοίως
1023 1003 1161 1086 ἐχόντων,
1185 1001 1252 1066 ούτε
1274 1004 1339 1087 περὶ
1360 1007 1418 1065 τῶν
1434 1026 1508 1086 γινο·
1522 1021 1549 1062 ιυ

256 1103 349 1187 μένων
367 1104 429 1188 μέν,
452 1105 498 1167 ἀεὶ
515 1107 546 1168 δὲ
561 1104 717 1187 γινομένων
741 1105 850 1185 ὁμοίως
872 1129 903 1167 τε
926 1106 974 1168 καὶ
997 1105 1070 1169 κατὰ
1086 1107 1161 1175 τάξιν
1178 1105 1352 1190 ὡρισμένην,
1376 1106 1417 1168 ῶν
1434 1107 1506 1170 εἰσιν

255 1205 394 1269 ἀνατολαί
410 1230 441 1270 τε
457 1208 505 1270 καὶ
520 1207 615 1276 δύσεις
630 1209 678 1270 καλ
694 1208 806 1291 τροπαί,
828 1205 887 1270 ἀλλ’
908 1206 976 1270 οὐδὲ
992 1210 1057 1293 περὶ
1072 1214 1130 1270 τῶν
1146 1208 1249 1272 οἶλλοτε
1264 1208 1361 1277 ἄλλως
1375 1209 1507 1294 ἐχόντων

255 1309 302 1370 καὶ
324 1310 492 1392 γινομένων,
515 1310 574 1373 οἷον
598 1310 721 1394 αὐχμῶν
744 1311 844 1373 τεκαὶ
868 1308 996 1395 ὄμβρων,
1021 1310 1080 1373 ἀλλ’
1108 1312 1177 1375 οόὀὲ
1191 1312 1257 1396 περὶ
1276 1315 1334 1374 τῶν
1349 1311 1508 1395 γινομένων
1523 1327 1548 1370 ιο

204 1431 235 1478 ιο
254 1412 311 1473 ἀπὸ
335 1412 434 1497 τύχης,
458 1413 517 1476 ἀλλ’
545 1413 613 1476 οὐδὲ
636 1415 701 1497 περὶ
724 1418 781 1476 τῶν
805 1410 848 1475 ὑπ’
875 1414 1040 1496 ἀνθρώπων
1063 1415 1219 1496 γινομένων
1243 1417 1387 1478 ἁπάντων·
1411 1415 1508 1485 οὐδεὶς

255 1516 308 1599 γὰρ
331 1522 389 1578 τῶν
410 1515 573 1601 Ἀθήνῃσιν
596 1515 686 1580 όντων
703 1517 879 1602 βουλεύεται,
902 1524 965 1586 πῶς
989 1516 1023 1580 ἂν
1047 1517 1159 1581 Σκύθαι
1182 1517 1283 1603 ἄριστα
1299 1518 1505 1582 πολιτεύυιντο.

255 1619 319 1703 περὶ
341 1620 395 1703 γὰρ
410 1620 518 1683 τούτων
542 1619 756 1706 βουλευόμεθα,
779 1621 798 1683 ἃ
821 1620 868 1683 οἶοί
890 1621 922 1683 τέ
937 1621 1012 1684 ἐστιν
1035 1620 1067 1684 δι’
1095 1623 1180 1705 ἡμῶν
1202 1622 1344 1704 γίνεσθαι·
1368 1620 1428 1685 ἔστι
1452 1622 1549 1704 W

255 1723 273 1804 ἡ
299 1723 389 1806 βουλὴ
413 1726 477 1806 περὶ
500 1727 558 1786 τῶν
581 1725 650 1806 ἡμῖν
674 1727 732 1792 τοῖς
755 1723 975 1806 βουλευομένοις
998 1731 1142 1808 πρακτῶν.
1187 1727 1214 1788 οἱ
1230 1725 1285 1810 γὰρ
1301 1723 1507 1810 βουλευόμενοι

255 1825 438 1907 βουλεύονται
472 1828 536 1911 περὶ
569 1831 626 1888 τῶν
661 1825 693 1888 ὀί
731 1826 835 1894 αύτούς
869 1830 1013 1911 πρακτῶν,
1047 1825 1108 1890 ἔστι
1141 1828 1173 1890 δὲ
1200 1832 1328 1903 τοιαῦτα,
1355 1828 1375 1890 ἂ
1401 1826 1509 1890 ἄλλοτε

205 1947 235 1995 15
254 1927 349 1998 ἄλλως
383 1930 441 1993 οἷοί
471 1953 502 1992 τε
534 1935 625 1992 ποιεῖν
659 1929 746 2012 ἐσμεν
773 1932 816 2014 τῷ
845 1930 884 2012 μὴ
913 1927 992 2014 ἔχειν
1024 1931 1171 2012 ὡρισμένα
1197 1930 1233 1993 τὰ
1254 1929 1297 2015 ἐφ’
1325 1931 1369 2000 οίς
1390 1931 1507 2012 γίνεται,

257 2037 375 2096 τοιαῦτα
397 2035 429 2097 δὲ
451 2036 516 2118 περὶ
540 2035 580 2096 ῶν
603 2033 769 2113 δοξάζομεν.
815 2030 855 2096 ἔτι
878 2033 982 2114 γίνεται
1008 2035 1027 2116 ἡ
1055 2035 1145 2118 βουλὴ
1173 2033 1207 2097 ού
1237 2036 1301 2119 περὶ
1323 2038 1380 2098 τῶν
1403 2037 1549 2109 τελῶν,ετ

255 2135 330 2197 ἀλλὰ
353 2137 418 2220 περὶ
451 2142 508 2198 τῶν
543 2137 615 2220 πρὸς
647 2137 682 2198 τὰ
706 2135 784 2216 τέλη.
834 2137 875 2198 ῶν
902 2137 956 2219 γὰρ
983 2136 1018 2198 τόι
1051 2137 1120 2222 τέλη
1145 2139 1274 2223 βοολητά
1299 2137 1385 2208 ἐστιν,
1414 2135 1507 2199 ὄντων

253 2243 388 2322 πρακτῶν
410 2239 530 2314 τούτων,
565 2238 626 2301 ἐστὶ
649 2239 789 2322 βουλευτόι
812 2238 847 2300 τὰ
872 2236 977 2320 ἄγοντα
999 2237 1040 2301 ἐπ’
1073 2241 1160 2303 αὐτοί·
1185 2241 1386 2324 βουλευόμεθα
1416 2238 1505 2324 γαρ(

254 2340 287 2403 δι’
313 2343 353 2403 ῶν
377 2343 564 2426 δυνησόμεθα
586 2342 681 2404 αὐτῶν
705 2345 813 2425 τυχεῖν.
854 2340 944 2404 όντων
968 2343 1004 2425 ὀὴ
1028 2346 1085 2403 τῶν
1109 2342 1274 2425 βουλευτῶν
1296 2343 1434 2408 τοιούτων
1458 2345 1492 2406 τό
1506 2350 1559 2407 308

204 2464 237 2511 20
256 2445 425 2528 προαιρετόν
448 2447 508 2509 ἐστι
531 2447 563 2507 τὸ
587 2446 619 2507 ἐκ
643 2450 699 2507 τῶν
723 2446 885 2529 βουλευτῶν
909 2445 1064 2528 προκριθὲν
1099 2448 1140 2514 ῶς
1173 2449 1283 2528 μᾶλλον
1317 2452 1375 2509 τῶν
1408 2447 1508 2510 ἄλλων

256 2552 407 2611 συντελούν
430 2550 530 2611 τεκαὶ
554 2547 623 2629 ἄγον
647 2549 717 2631 πρὸς
739 2548 771 2609 τὸ
795 2547 981 2631 προκείμενον
1016 2546 1107 2623 τέλος,
1139 2548 1174 2610 αἵ
1202 2550 1272 2612 εἰσιν
1306 2550 1336 2613 αἱ
1363 2550 1436 2613 κατὰ
1472 2550 1508 2613 τὰ
1533 2567 1547 2608 ο

256 2650 446 2735 προκριθέντα
470 2651 584 2714 ἐκτῶν
608 2651 771 2734 βουλευτῶν
793 2649 938 2733 γινόμεναι
961 2650 1077 2734 προίξεις
1109 2654 1286 2735 προαιρεταί,
1320 2654 1349 2716 αἳ
1383 2654 1508 2736 γίνονται

256 2755 329 2837 μετὰ
363 2755 485 2837 ὀρέξεως
518 2758 569 2817 τοῦ
603 2753 816 2837 προκριθέντος.
871 2752 906 2815 ού
939 2754 993 2837 γὰρ
1027 2753 1172 2837 αὐτάρκης
1204 2755 1337 2839 ἠκρίσις
1358 2757 1430 2839 πρὸς
1454 2759 1507 2839 τὴν

254 2857 354 2940 πρᾶξιν
378 2861 435 2919 τῶν
459 2856 627 2940 κριθέντων,
650 2857 724 2919 ἀλλὰ
747 2858 793 2918 ὀεῖ
813 2858 861 2918 καὶ
884 2856 1016 2940 ὀρέξεως,
1051 2857 1095 2919 ὀιό
1118 2859 1167 2920 καὶ
1199 2859 1217 2940 ἡ
1247 2858 1411 2942 προαίρεσις
1433 2859 1507 2922 εἶναι
1524 2875 1549 2918 ιο

203 2980 236 3028 25
255 2958 367 3042 λέγεται
390 2958 479 3043 ὄρεξις
503 2961 682 3044 βουλευτική.
733 2958 823 3023 όντων
846 2961 878 3022 δὲ
900 2965 957 3021 τῶν
981 2959 1054 3022 κατὰ
1070 2960 1235 3043 προαίρεσιν
1251 2961 1409 3043 γινομένων
1425 2962 1508 3025 ἑκου-

257 3064 327 3127 σίων
350 3087 381 3126 τε
404 3065 451 3126 καὶ
474 3062 517 3147 ἐφ’
545 3066 625 3146 ἡμῖν,
648 3063 782 3143 κειμένου
805 3064 837 3125 δὲ
860 3064 906 3125 καὶ
930 3066 981 3124 τοῦ
1004 3062 1053 3130 τὰς
1077 3063 1148 3132 ἕξεις
1170 3062 1222 3131 τὰς
1244 3065 1308 3148 περὶ
1335 3065 1370 3126 τὰ
1394 3064 1509 3147 πρακτὰ

256 3168 368 3229 ἐκτῶν
392 3167 542 3250 ἐνεργειῶν
565 3173 622 3228 τῶν
646 3167 709 3250 περὶ
733 3164 794 3249 [τὰ]
818 3165 891 3227 αὐτὰ
912 3166 1040 3247 γίνεσθαι
1064 3167 1137 3228 κατὰ
1160 3166 1325 3250 προαίρεσιν
1340 3166 1509 3249 ἐνεργουμέ-

254 3294 321 3344 νων,
355 3269 400 3351 είη
435 3269 469 3332 ἂν
492 3268 539 3331 διὰ
562 3269 670 3331 τούτων
698 3269 828 3351 κείμενον
855 3269 958 3332 καὶτὸ
985 3270 1037 3338 τὰς
1063 3269 1135 3337 ἕξεις
1162 3269 1212 3337 τὰς
1240 3271 1304 3353 περὶ
1337 3269 1373 3332 τόι
1396 3270 1551 3353 πρακτὰισ

255 3373 402 3442 ἑκουσίους
424 3395 454 3434 τε
478 3372 549 3435 εἶναι
571 3374 619 3434 καὶ
641 3370 683 3455 ἐφ’
712 3373 795 3454 ἡμῖν·
820 3375 861 3440 ῶς
882 3372 937 3455 γὰρ
959 3372 1011 3440 τὰς
1033 3371 1106 3434 κατὰ
1127 3371 1178 3440 τὰς
1193 3371 1297 3457 τέχνας
1312 3371 1383 3441 ἕξεις
1399 3374 1433 3436 ἐκ
1449 3378 1509 3435 τῶν

202 3497 235 3544 30
254 3474 312 3539 κατ’
345 3475 433 3544 αότόις
456 3476 604 3557 ἐνεργειῶν
627 3477 776 3556 κτώμεθα,
812 3475 904 3542 ούτως
927 3476 958 3536 ὀὲ
986 3477 1033 3537 καὶ
1063 3475 1113 3544 τὰς
1136 3475 1209 3538 κατὰ
1232 3475 1283 3543 τὰς
1305 3475 1410 3559 ἀρετὰς
1436 3475 1510 3546 ἕξεις

254 3580 402 3663 κτώμεθα·
449 3579 612 3660 ἐθιζόμενοι
634 3579 687 3660 γὰρ
709 3577 744 3640 τὰ
768 3577 843 3639 καλὰ
865 3580 998 3661 πράττειν
1021 3579 1050 3640 ἐν
1073 3579 1129 3647 ἕξει
1152 3578 1291 3661 γινόμεθα
1306 3583 1356 3641 τοῦ
1373 3580 1508 3663 πράττειν

255 3684 338 3757 αότοί,
362 3686 402 3751 ῶς
424 3684 530 3745 καὶτὰ
552 3682 700 3744 τεκτονικόι
722 3682 748 3742 οἱ
772 3682 981 3753 σπουδάζοντες
996 3681 1131 3763 γενέσθαι
1153 3681 1292 3749 τέκτονες.
1337 3682 1437 3766 ῶσπερ
1459 3683 1508 3745 ἐπὶ
1521 3700 1550 3742 ου

253 3793 310 3849 τῶν
334 3792 444 3870 τεχνῶν
461 3785 548 3854 ἄλλος
572 3785 623 3865 μὲν
647 3783 736 3846 ἄλλου
760 3784 884 3864 ἀμείνων
908 3784 1035 3869 πέφυκεν
1059 3786 1130 3869 πρὸς
1154 3785 1185 3847 τό
1200 3786 1251 3868 τὴν
1268 3785 1324 3853 ἕξιν
1340 3787 1508 3869 κτήσασθαι

252 3896 304 3974 τῆς
328 3888 517 3973 προκειμένης
539 3887 654 3972 τέχνης,
689 3888 722 3951 οὐ
753 3889 810 3970 μὴν
838 3894 895 3950 τῶν
918 3888 991 3950 κατὰ
1014 3888 1098 3970 φύσιν
1122 3886 1250 3972 ἐχόντων
1274 3887 1448 3971 πεπηρωταί
1466 3911 1509 3956 τις

201 4014 234 4062 35
253 3997 325 4078 πρὸς
345 3996 395 4076 τἠν
412 3994 553 4077 ἀνοίληψίν
576 4017 606 4056 τε
629 3995 676 4056 καὶ
700 3999 799 4077 κτῆσιν
822 3992 921 4076 αὐτῆς,
945 3991 1038 4060 οὕτως
1061 3992 1123 4076 ἕχει
1146 3992 1219 4055 πολύ
1243 3994 1353 4074 μᾶλλον
1376 3991 1424 4054 ἐπὶ
1448 3997 1507 4054 τῶν
1520 4008 1550 4051 τι

255 4100 375 4179 ἀρετῶν,
407 4095 468 4180 όσιρ
503 4098 550 4158 καὶ
577 4098 650 4159 κατὰ
677 4097 760 4181 φύσιν
786 4096 789 4179 λ
814 4102 873 4166 τοῖς
896 4097 1063 4179 ἀνθρώποις
1097 4098 1204 4178 μᾶλλον
1240 4096 1259 4178 ἡ
1295 4101 1353 4158 τῶν
1379 4095 1493 4178 ἀρετῶν
1506 4102 1561 4160 θθθ

254 4206 354 4283 κτῆσις
387 4205 439 4282 τῆς
472 4205 529 4260 τῶν
563 4206 684 4284 τεχνῶν.
732 4198 781 4284 (sl)
809 4202 840 4262 ὀὲ
863 4224 881 4282 η
906 4205 963 4261 τῶν
987 4198 1108 4281 ἀρετῶν,
1142 4199 1229 4280 δῆλον
1258 4201 1298 4266 ὡς
1330 4199 1379 4260 καλ
1405 4201 1425 4282 ἡ
1448 4204 1508 4262 τῶν

201 4466 216 4515 2
236 4467 298 4532 μετὰ
317 4464 403 4534 λόγου]
424 4453 526 4534 μεγαλόι
545 4453 603 4518 οὒτε
623 4467 657 4517 V¹
678 4467 754 4532 (corr.
776 4466 821 4527 V'·¹)
931 4465 961 4516 15
981 4463 1033 4516 οἶόν
1054 4465 1087 4513 V¹
1108 4463 1184 4529 (corr.
1204 4462 1251 4528 V²)
1359 4461 1387 4512 17
1408 4459 1562 4529 βοολευτάε

201 4573 244 4638 Sp.
355 4569 385 4620 18
406 4559 527 4638 βουλευταὶ
545 4575 582 4623 sic
599 4576 620 4621 V
728 4570 757 4621 ⁶21
789 4569 825 4637 αἴ]
851 4570 959 4621 fortasse
978 4570 1032 4620 καί
1139 4567 1165 4619 αἱ
1184 4583 1205 4619 s.
1219 4570 1279 4617 μθ
1387 4564 1420 4617 23
1443 4563 1562 4634 ὀρέξεως]

200 4656 368 4716 ιἰιθτοέξΙίι.
390 4662 412 4707 V
519 4660 552 4711 25
581 4657 787 4729 ᾐόρεξιςιιὸγι,
911 4665 962 4708 τῶν
982 4673 1002 4708 s.
1017 4662 1077 4707 v.V
1186 4654 1218 4705 27
1247 4654 1445 4721 τὰστοιιὸρ,

201 4748 234 4797 “.)θ
253 4748 318 4798 κατὰ
337 4748 510 4818 τέχναςυὸρ.
600 4749 629 4798 31
653 4744 815 4814 ἐκτῶμτθαυ
904 4747 949 4815 γὰρ
969 4762 1049 4797 oum
1138 4743 1169 4794 τοὶ
1187 4742 1215 4792 in
1235 4741 1273 4793 lit..
1295 4745 1317 4791 V
1421 4739 1454 4791 3⁴2
1474 4739 1560 4808 ὥσπερ

199 4834 248 4898 β’)
268 4836 383 4887 V'·'S'·'Ba
402 4838 458 4902 Sp.:
484 4834 518 4891 ῶς
536 4836 582 4906 γὰρ
602 4835 711 4886 S¹FML
813 4832 846 4884 35
873 4831 1006 4900 ἀνάληψιν]
1032 4836 1093 4883 anto
1112 4829 1131 4898 ψ
1151 4844 1203 4880 una
1226 4828 1313 4880 littera
1336 4843 1409 4879 οτεευ
1429 4831 1451 4876 V

201 4921 234 4975 36
254 4920 343 4974 όσωλΙ
451 4923 483 4975 3Ί
504 4924 524 4975 el
544 4923 601 4975 add.
622 4923 675 4974 V'·'a
694 4924 737 4987 Sp.
