<?xml version="1.0" encoding="UTF-8"?>
<!DOCTYPE html PUBLIC "-//W3C//DTD XHTML 1.0 Transitional//EN"
    "http://www.w3.org/TR/xhtml1/DTD/xhtml1-transitional.dtd">
<html xmlns="http://www.w3.org/1999/xhtml" xml:lang="en" lang="en">
 <head>
  <title>
</title>
<meta http-equiv="Content-Type" content="text/html;charset=utf-8" />
  <meta name='ocr-system' content='tesseract 3.04.00' />
  <meta name='ocr-capabilities' content='ocr_page ocr_carea ocr_par ocr_line ocrx_word'/>
</head>
<body>
  <div class='ocr_page' id='page_1' title='image "./supplementumari02arisgoog/supplementumari02arisgoog_0202.png"; bbox 0 0 3540 5610; ppageno 0'>
   <div class='ocr_carea' id='block_1_1' title="bbox 649 327 1558 400">
    <p class='ocr_par' dir='ltr' id='par_1_1' title="bbox 649 327 1558 400">
     <span class='ocr_line' id='line_1_1' title="bbox 649 327 1558 400; baseline 0.014 -16"><span class='ocrx_word' id='word_1_1' title='bbox 649 327 703 399; x_wconf 81' lang='grc' dir='ltr'>[οο</span> <span class='ocrx_word' id='word_1_2' title='bbox 729 331 839 385; x_wconf 77' lang='grc' dir='ltr'>λιιιιοι</span> <span class='ocrx_word' id='word_1_3' title='bbox 862 329 963 384; x_wconf 74' lang='grc' dir='ltr'>ιιοοιι</span> <span class='ocrx_word' id='word_1_4' title='bbox 986 328 1111 400; x_wconf 69' lang='grc' dir='ltr'>λύντο]</span> <span class='ocrx_word' id='word_1_5' title='bbox 1497 331 1558 396; x_wconf 79' lang='lat'>175</span> 
     </span>
    </p>
   </div>
   <div class='ocr_carea' id='block_1_2' title="bbox 210 501 1547 3777">
    <p class='ocr_par' dir='ltr' id='par_1_2' title="bbox 210 501 1547 3777">
     <span class='ocr_line' id='line_1_2' title="bbox 255 501 1505 589; baseline 0.001 -25"><span class='ocrx_word' id='word_1_6' title='bbox 255 501 300 565; x_wconf 81' lang='grc' dir='ltr'>ότι</span> <span class='ocrx_word' id='word_1_7' title='bbox 322 502 400 565; x_wconf 83' lang='grc' dir='ltr'>ἐστίν</span> <span class='ocrx_word' id='word_1_8' title='bbox 423 528 449 567; x_wconf 90' lang='grc' dir='ltr'>τι</span> <span class='ocrx_word' id='word_1_9' title='bbox 476 502 523 588; x_wconf 79' lang='grc' dir='ltr'>ἐφ’</span> <span class='ocrx_word' id='word_1_10' title='bbox 552 505 636 586; x_wconf 76' lang='grc' dir='ltr'>ἡμῖν,</span> <span class='ocrx_word' id='word_1_11' title='bbox 664 506 819 589; x_wconf 80' lang='grc' dir='ltr'>πειρᾶσθαι</span> <span class='ocrx_word' id='word_1_12' title='bbox 843 506 986 568; x_wconf 76' lang='grc' dir='ltr'>δεικνύναι</span> <span class='ocrx_word' id='word_1_13' title='bbox 1013 505 1060 568; x_wconf 82' lang='grc' dir='ltr'>διὰ</span> <span class='ocrx_word' id='word_1_14' title='bbox 1083 504 1176 588; x_wconf 88' lang='grc' dir='ltr'>λόγων</span> <span class='ocrx_word' id='word_1_15' title='bbox 1203 505 1295 575; x_wconf 79' lang='grc' dir='ltr'>οὕτως</span> <span class='ocrx_word' id='word_1_16' title='bbox 1320 504 1437 588; x_wconf 84' lang='grc' dir='ltr'>ἐναργὲς</span> <span class='ocrx_word' id='word_1_17' title='bbox 1463 502 1505 573; x_wconf 84' lang='grc' dir='ltr'>ὄν,</span> 
     </span>
     <span class='ocr_line' id='line_1_3' title="bbox 255 596 1506 692; baseline 0.004 -24"><span class='ocrx_word' id='word_1_18' title='bbox 255 605 308 668; x_wconf 89' lang='grc' dir='ltr'>ούκ</span> <span class='ocrx_word' id='word_1_19' title='bbox 331 605 452 669; x_wconf 86' lang='grc' dir='ltr'>εῖδότων</span> <span class='ocrx_word' id='word_1_20' title='bbox 474 607 578 690; x_wconf 85' lang='grc' dir='ltr'>κρίνειν</span> <span class='ocrx_word' id='word_1_21' title='bbox 595 607 655 670; x_wconf 76' lang='grc' dir='ltr'>ἐστὶ</span> <span class='ocrx_word' id='word_1_22' title='bbox 677 607 710 669; x_wconf 92' lang='grc' dir='ltr'>τό</span> <span class='ocrx_word' id='word_1_23' title='bbox 726 632 758 670; x_wconf 89' lang='grc' dir='ltr'>τε</span> <span class='ocrx_word' id='word_1_24' title='bbox 779 596 921 690; x_wconf 79' lang='grc' dir='ltr'>γνῶρίμον</span> <span class='ocrx_word' id='word_1_25' title='bbox 945 608 993 670; x_wconf 83' lang='grc' dir='ltr'>κοιλ</span> <span class='ocrx_word' id='word_1_26' title='bbox 1016 609 1048 670; x_wconf 81' lang='grc' dir='ltr'>τὸ</span> <span class='ocrx_word' id='word_1_27' title='bbox 1073 631 1128 690; x_wconf 88' lang='grc' dir='ltr'>μη·</span> <span class='ocrx_word' id='word_1_28' title='bbox 1163 609 1250 691; x_wconf 74' lang='grc' dir='ltr'>δῆλον</span> <span class='ocrx_word' id='word_1_29' title='bbox 1272 608 1441 692; x_wconf 76' lang='grc' dir='ltr'>γάρτοῦτο,</span> <span class='ocrx_word' id='word_1_30' title='bbox 1465 610 1506 674; x_wconf 84' lang='grc' dir='ltr'>ῶς</span> 
     </span>
     <span class='ocr_line' id='line_1_4' title="bbox 254 706 1546 795; baseline -0.001 -26"><span class='ocrx_word' id='word_1_31' title='bbox 254 706 376 792; x_wconf 70' lang='grc' dir='ltr'>ἔφαμεν,</span> <span class='ocrx_word' id='word_1_32' title='bbox 400 710 434 772; x_wconf 84' lang='grc' dir='ltr'>ἐκ</span> <span class='ocrx_word' id='word_1_33' title='bbox 456 712 583 779; x_wconf 94' lang='grc' dir='ltr'>πολλῶν,</span> <span class='ocrx_word' id='word_1_34' title='bbox 609 710 643 772; x_wconf 82' lang='grc' dir='ltr'>ἐκ</span> <span class='ocrx_word' id='word_1_35' title='bbox 665 715 715 773; x_wconf 83' lang='grc' dir='ltr'>τοῦ</span> <span class='ocrx_word' id='word_1_36' title='bbox 743 710 943 795; x_wconf 81' lang='grc' dir='ltr'>βουλεύεσθαι,</span> <span class='ocrx_word' id='word_1_37' title='bbox 971 709 1004 772; x_wconf 83' lang='grc' dir='ltr'>ἐκ</span> <span class='ocrx_word' id='word_1_38' title='bbox 1030 714 1080 772; x_wconf 80' lang='grc' dir='ltr'>τοῦ</span> <span class='ocrx_word' id='word_1_39' title='bbox 1109 715 1267 792; x_wconf 74' lang='grc' dir='ltr'>μετανοεῖν,</span> <span class='ocrx_word' id='word_1_40' title='bbox 1300 710 1334 772; x_wconf 80' lang='grc' dir='ltr'>ἐκ</span> <span class='ocrx_word' id='word_1_41' title='bbox 1360 714 1411 772; x_wconf 80' lang='grc' dir='ltr'>τοῦ</span> <span class='ocrx_word' id='word_1_42' title='bbox 1435 727 1546 793; x_wconf 80' lang='grc' dir='ltr'>σομ-εο</span> 
     </span>
     <span class='ocr_line' id='line_1_5' title="bbox 254 811 1505 896; baseline 0.002 -23"><span class='ocrx_word' id='word_1_43' title='bbox 254 811 458 895; x_wconf 74' lang='grc' dir='ltr'>βουλεύεσθαι,</span> <span class='ocrx_word' id='word_1_44' title='bbox 480 811 514 874; x_wconf 82' lang='grc' dir='ltr'>ἐκ</span> <span class='ocrx_word' id='word_1_45' title='bbox 536 815 587 874; x_wconf 84' lang='grc' dir='ltr'>τού</span> <span class='ocrx_word' id='word_1_46' title='bbox 610 815 850 894; x_wconf 68' lang='grc' dir='ltr'>καταγιγνώσκειν</span> <span class='ocrx_word' id='word_1_47' title='bbox 873 817 968 886; x_wconf 91' lang='grc' dir='ltr'>τινῶν,</span> <span class='ocrx_word' id='word_1_48' title='bbox 991 812 1024 874; x_wconf 83' lang='grc' dir='ltr'>ἐκ</span> <span class='ocrx_word' id='word_1_49' title='bbox 1040 817 1091 874; x_wconf 82' lang='grc' dir='ltr'>τοῦ</span> <span class='ocrx_word' id='word_1_50' title='bbox 1107 811 1287 896; x_wconf 76' lang='grc' dir='ltr'>προτρέπειν,</span> <span class='ocrx_word' id='word_1_51' title='bbox 1310 813 1343 875; x_wconf 82' lang='grc' dir='ltr'>ἐκ</span> <span class='ocrx_word' id='word_1_52' title='bbox 1360 817 1411 875; x_wconf 79' lang='grc' dir='ltr'>τοῦ</span> <span class='ocrx_word' id='word_1_53' title='bbox 1427 813 1505 876; x_wconf 83' lang='grc' dir='ltr'>ἐπαι-</span> 
     </span>
     <span class='ocr_line' id='line_1_6' title="bbox 223 914 1505 999; baseline 0.004 -26"><span class='ocrx_word' id='word_1_54' title='bbox 223 918 322 988; x_wconf 72' lang='grc' dir='ltr'>ονεῖν,</span> <span class='ocrx_word' id='word_1_55' title='bbox 345 914 379 976; x_wconf 82' lang='grc' dir='ltr'>ἐκ</span> <span class='ocrx_word' id='word_1_56' title='bbox 401 919 452 977; x_wconf 84' lang='grc' dir='ltr'>τού</span> <span class='ocrx_word' id='word_1_57' title='bbox 474 915 581 999; x_wconf 75' lang='grc' dir='ltr'>ψέγειν,</span> <span class='ocrx_word' id='word_1_58' title='bbox 604 915 637 976; x_wconf 80' lang='grc' dir='ltr'>ἐκ</span> <span class='ocrx_word' id='word_1_59' title='bbox 664 919 714 977; x_wconf 81' lang='grc' dir='ltr'>τοῦ</span> <span class='ocrx_word' id='word_1_60' title='bbox 736 920 832 997; x_wconf 81' lang='grc' dir='ltr'>τιμᾶν,</span> <span class='ocrx_word' id='word_1_61' title='bbox 860 915 892 978; x_wconf 84' lang='grc' dir='ltr'>ἐκ</span> <span class='ocrx_word' id='word_1_62' title='bbox 916 919 966 977; x_wconf 78' lang='grc' dir='ltr'>τοῦ</span> <span class='ocrx_word' id='word_1_63' title='bbox 988 915 1134 986; x_wconf 71' lang='grc' dir='ltr'>κολάζειν,</span> <span class='ocrx_word' id='word_1_64' title='bbox 1159 915 1192 976; x_wconf 85' lang='grc' dir='ltr'>ἐκ</span> <span class='ocrx_word' id='word_1_65' title='bbox 1214 920 1264 978; x_wconf 87' lang='grc' dir='ltr'>τού</span> <span class='ocrx_word' id='word_1_66' title='bbox 1287 916 1448 987; x_wconf 76' lang='grc' dir='ltr'>διδάσκειν,</span> <span class='ocrx_word' id='word_1_67' title='bbox 1471 916 1505 978; x_wconf 81' lang='grc' dir='ltr'>ἐκ</span> 
     </span>
     <span class='ocr_line' id='line_1_7' title="bbox 253 1016 1505 1101; baseline 0 -21"><span class='ocrx_word' id='word_1_68' title='bbox 253 1022 305 1080; x_wconf 82' lang='grc' dir='ltr'>τοῦ</span> <span class='ocrx_word' id='word_1_69' title='bbox 328 1018 468 1088; x_wconf 80' lang='grc' dir='ltr'>κελεύειν,</span> <span class='ocrx_word' id='word_1_70' title='bbox 491 1017 525 1080; x_wconf 83' lang='grc' dir='ltr'>ἐκ</span> <span class='ocrx_word' id='word_1_71' title='bbox 546 1021 597 1080; x_wconf 85' lang='grc' dir='ltr'>τού</span> <span class='ocrx_word' id='word_1_72' title='bbox 621 1017 822 1099; x_wconf 71' lang='grc' dir='ltr'>μαντεύεσθαι,</span> <span class='ocrx_word' id='word_1_73' title='bbox 847 1018 881 1080; x_wconf 83' lang='grc' dir='ltr'>ἐκ</span> <span class='ocrx_word' id='word_1_74' title='bbox 896 1021 947 1080; x_wconf 85' lang='grc' dir='ltr'>τού</span> <span class='ocrx_word' id='word_1_75' title='bbox 963 1016 1114 1101; x_wconf 79' lang='grc' dir='ltr'>εὔχεσθαι,</span> <span class='ocrx_word' id='word_1_76' title='bbox 1142 1017 1175 1080; x_wconf 84' lang='grc' dir='ltr'>ἐκ</span> <span class='ocrx_word' id='word_1_77' title='bbox 1198 1022 1248 1080; x_wconf 81' lang='grc' dir='ltr'>τοῦ</span> <span class='ocrx_word' id='word_1_78' title='bbox 1264 1017 1382 1089; x_wconf 72' lang='grc' dir='ltr'>ἐθίζειν,</span> <span class='ocrx_word' id='word_1_79' title='bbox 1406 1018 1439 1080; x_wconf 83' lang='grc' dir='ltr'>ἐκ</span> <span class='ocrx_word' id='word_1_80' title='bbox 1455 1023 1505 1080; x_wconf 80' lang='grc' dir='ltr'>τοῦ</span> 
     </span>
     <span class='ocr_line' id='line_1_8' title="bbox 253 1119 1506 1204; baseline 0.002 -23"><span class='ocrx_word' id='word_1_81' title='bbox 253 1121 435 1202; x_wconf 86' lang='grc' dir='ltr'>νομοθετεῖν.</span> <span class='ocrx_word' id='word_1_82' title='bbox 479 1119 555 1188; x_wconf 87' lang='grc' dir='ltr'>όλως</span> <span class='ocrx_word' id='word_1_83' title='bbox 581 1119 635 1202; x_wconf 82' lang='grc' dir='ltr'>γὰρ</span> <span class='ocrx_word' id='word_1_84' title='bbox 663 1120 775 1201; x_wconf 74' lang='grc' dir='ltr'>τούτοις</span> <span class='ocrx_word' id='word_1_85' title='bbox 800 1122 848 1182; x_wconf 86' lang='grc' dir='ltr'>καὶ</span> <span class='ocrx_word' id='word_1_86' title='bbox 876 1125 934 1188; x_wconf 89' lang='grc' dir='ltr'>τοῖς</span> <span class='ocrx_word' id='word_1_87' title='bbox 962 1120 1102 1188; x_wconf 87' lang='grc' dir='ltr'>τοιούτοις</span> <span class='ocrx_word' id='word_1_88' title='bbox 1131 1121 1147 1182; x_wconf 93' lang='grc' dir='ltr'>ό</span> <span class='ocrx_word' id='word_1_89' title='bbox 1174 1125 1231 1189; x_wconf 87' lang='grc' dir='ltr'>παῖς</span> <span class='ocrx_word' id='word_1_90' title='bbox 1256 1126 1314 1182; x_wconf 91' lang='grc' dir='ltr'>τῶν</span> <span class='ocrx_word' id='word_1_91' title='bbox 1341 1122 1506 1204; x_wconf 72' lang='grc' dir='ltr'>ἀνθρώπιον</span> 
     </span>
     <span class='ocr_line' id='line_1_9' title="bbox 255 1221 1506 1308; baseline 0.002 -24"><span class='ocrx_word' id='word_1_92' title='bbox 255 1225 317 1307; x_wconf 81' lang='grc' dir='ltr'>βίος</span> <span class='ocrx_word' id='word_1_93' title='bbox 338 1225 492 1308; x_wconf 85' lang='grc' dir='ltr'>χρώμενος</span> <span class='ocrx_word' id='word_1_94' title='bbox 515 1228 654 1306; x_wconf 88' lang='grc' dir='ltr'>μαρτυρεῖ</span> <span class='ocrx_word' id='word_1_95' title='bbox 679 1224 768 1306; x_wconf 85' lang='grc' dir='ltr'>μηδὲν</span> <span class='ocrx_word' id='word_1_96' title='bbox 791 1223 884 1291; x_wconf 78' lang='grc' dir='ltr'>οὕτως</span> <span class='ocrx_word' id='word_1_97' title='bbox 906 1221 977 1285; x_wconf 79' lang='grc' dir='ltr'>ἴδιον</span> <span class='ocrx_word' id='word_1_98' title='bbox 1005 1222 1077 1286; x_wconf 85' lang='grc' dir='ltr'>εῖναι</span> <span class='ocrx_word' id='word_1_99' title='bbox 1104 1227 1154 1285; x_wconf 84' lang='grc' dir='ltr'>τού</span> <span class='ocrx_word' id='word_1_100' title='bbox 1181 1224 1340 1306; x_wconf 81' lang='grc' dir='ltr'>ἀνθρώπου</span> <span class='ocrx_word' id='word_1_101' title='bbox 1369 1224 1448 1307; x_wconf 76' lang='grc' dir='ltr'>παρά.</span> <span class='ocrx_word' id='word_1_102' title='bbox 1471 1224 1506 1286; x_wconf 85' lang='grc' dir='ltr'>τόι</span> 
     </span>
     <span class='ocr_line' id='line_1_10' title="bbox 253 1324 1504 1410; baseline 0 -23"><span class='ocrx_word' id='word_1_103' title='bbox 253 1324 330 1387; x_wconf 82' lang='grc' dir='ltr'>ἄλλα</span> <span class='ocrx_word' id='word_1_104' title='bbox 354 1329 417 1409; x_wconf 74' lang='grc' dir='ltr'>ζῷα</span> <span class='ocrx_word' id='word_1_105' title='bbox 440 1329 480 1394; x_wconf 86' lang='grc' dir='ltr'>ὡς</span> <span class='ocrx_word' id='word_1_106' title='bbox 503 1325 535 1387; x_wconf 81' lang='grc' dir='ltr'>τό</span> <span class='ocrx_word' id='word_1_107' title='bbox 558 1324 605 1410; x_wconf 78' lang='grc' dir='ltr'>ἐφ’</span> <span class='ocrx_word' id='word_1_108' title='bbox 628 1326 707 1408; x_wconf 74' lang='grc' dir='ltr'>ἡμῖν.</span> <span class='ocrx_word' id='word_1_109' title='bbox 753 1324 796 1387; x_wconf 89' lang='grc' dir='ltr'>ότι</span> <span class='ocrx_word' id='word_1_110' title='bbox 819 1327 851 1388; x_wconf 84' lang='grc' dir='ltr'>δὲ</span> <span class='ocrx_word' id='word_1_111' title='bbox 874 1326 992 1388; x_wconf 84' lang='grc' dir='ltr'>καὶτοῦ</span> <span class='ocrx_word' id='word_1_112' title='bbox 1016 1325 1093 1387; x_wconf 87' lang='grc' dir='ltr'>ποιοὶ</span> <span class='ocrx_word' id='word_1_113' title='bbox 1115 1324 1250 1407; x_wconf 82' lang='grc' dir='ltr'>γενέσθαι</span> <span class='ocrx_word' id='word_1_114' title='bbox 1272 1327 1304 1388; x_wconf 80' lang='grc' dir='ltr'>τό</span> <span class='ocrx_word' id='word_1_115' title='bbox 1328 1324 1402 1409; x_wconf 79' lang='grc' dir='ltr'>ἦθος</span> <span class='ocrx_word' id='word_1_116' title='bbox 1424 1327 1504 1389; x_wconf 83' lang='grc' dir='ltr'>αύτολ</span> 
     </span>
     <span class='ocr_line' id='line_1_11' title="bbox 212 1426 1546 1513; baseline 0.001 -27"><span class='ocrx_word' id='word_1_117' title='bbox 212 1443 240 1486; x_wconf 85' lang='grc' dir='ltr'>ιο</span> <span class='ocrx_word' id='word_1_118' title='bbox 254 1429 307 1511; x_wconf 77' lang='grc' dir='ltr'>τὴν</span> <span class='ocrx_word' id='word_1_119' title='bbox 331 1429 427 1512; x_wconf 80' lang='grc' dir='ltr'>ἀρχὴν</span> <span class='ocrx_word' id='word_1_120' title='bbox 450 1426 568 1513; x_wconf 79' lang='grc' dir='ltr'>ἔχομεν,</span> <span class='ocrx_word' id='word_1_121' title='bbox 591 1426 628 1491; x_wconf 80' lang='grc' dir='ltr'>δι’</span> <span class='ocrx_word' id='word_1_122' title='bbox 656 1427 675 1489; x_wconf 81' lang='grc' dir='ltr'><em>ἃ</em></span> <span class='ocrx_word' id='word_1_123' title='bbox 698 1429 746 1490; x_wconf 80' lang='grc' dir='ltr'>καὶ</span> <span class='ocrx_word' id='word_1_124' title='bbox 768 1428 819 1497; x_wconf 79' lang='grc' dir='ltr'>τὰς</span> <span class='ocrx_word' id='word_1_125' title='bbox 840 1428 965 1512; x_wconf 81' lang='grc' dir='ltr'>αἱρέσεις</span> <span class='ocrx_word' id='word_1_126' title='bbox 987 1426 1142 1512; x_wconf 73' lang='grc' dir='ltr'>διαφόρους</span> <span class='ocrx_word' id='word_1_127' title='bbox 1164 1429 1338 1509; x_wconf 77' lang='grc' dir='ltr'>ποιούμεθα,</span> <span class='ocrx_word' id='word_1_128' title='bbox 1362 1430 1449 1512; x_wconf 83' lang='grc' dir='ltr'>δῆλον</span> <span class='ocrx_word' id='word_1_129' title='bbox 1473 1429 1506 1491; x_wconf 83' lang='grc' dir='ltr'>ἐκ</span> <span class='ocrx_word' id='word_1_130' title='bbox 1520 1447 1546 1487; x_wconf 71' lang='grc' dir='ltr'>τε</span> 
     </span>
     <span class='ocr_line' id='line_1_12' title="bbox 255 1530 1500 1616; baseline 0.002 -24"><span class='ocrx_word' id='word_1_131' title='bbox 255 1535 307 1592; x_wconf 82' lang='grc' dir='ltr'>τοῦ</span> <span class='ocrx_word' id='word_1_132' title='bbox 330 1531 378 1593; x_wconf 84' lang='grc' dir='ltr'>διὰ</span> <span class='ocrx_word' id='word_1_133' title='bbox 401 1535 459 1592; x_wconf 92' lang='grc' dir='ltr'>τῶν</span> <span class='ocrx_word' id='word_1_134' title='bbox 482 1530 560 1593; x_wconf 84' lang='grc' dir='ltr'>ἐθῶν</span> <span class='ocrx_word' id='word_1_135' title='bbox 583 1532 662 1614; x_wconf 75' lang='grc' dir='ltr'>ἡμᾶς</span> <span class='ocrx_word' id='word_1_136' title='bbox 689 1530 789 1599; x_wconf 82' lang='grc' dir='ltr'>ποιοὺς</span> <span class='ocrx_word' id='word_1_137' title='bbox 815 1531 971 1614; x_wconf 87' lang='grc' dir='ltr'>γίγνεσθαι,</span> <span class='ocrx_word' id='word_1_138' title='bbox 999 1535 1056 1592; x_wconf 89' lang='grc' dir='ltr'>τῶν</span> <span class='ocrx_word' id='word_1_139' title='bbox 1084 1532 1116 1592; x_wconf 84' lang='grc' dir='ltr'>δὲ</span> <span class='ocrx_word' id='word_1_140' title='bbox 1143 1530 1222 1593; x_wconf 83' lang='grc' dir='ltr'>ἐθῶν</span> <span class='ocrx_word' id='word_1_141' title='bbox 1248 1531 1283 1594; x_wconf 80' lang='grc' dir='ltr'>τὰ</span> <span class='ocrx_word' id='word_1_142' title='bbox 1312 1535 1432 1594; x_wconf 86' lang='grc' dir='ltr'>πλεῖστα</span> <span class='ocrx_word' id='word_1_143' title='bbox 1454 1532 1500 1616; x_wconf 74' lang='grc' dir='ltr'>ἐφ’</span> 
     </span>
     <span class='ocr_line' id='line_1_13' title="bbox 256 1632 1506 1717; baseline 0.002 -22"><span class='ocrx_word' id='word_1_144' title='bbox 256 1635 328 1715; x_wconf 72' lang='grc' dir='ltr'>ἡμῖν</span> <span class='ocrx_word' id='word_1_145' title='bbox 352 1633 434 1696; x_wconf 86' lang='grc' dir='ltr'>εἶναι.</span> <span class='ocrx_word' id='word_1_146' title='bbox 477 1632 601 1716; x_wconf 77' lang='grc' dir='ltr'>καὶγὰρ</span> <span class='ocrx_word' id='word_1_147' title='bbox 631 1633 658 1695; x_wconf 76' lang='grc' dir='ltr'>εἰ</span> <span class='ocrx_word' id='word_1_148' title='bbox 679 1632 714 1694; x_wconf 85' lang='grc' dir='ltr'>τὰ</span> <span class='ocrx_word' id='word_1_149' title='bbox 742 1633 845 1716; x_wconf 85' lang='grc' dir='ltr'>πρῶτοί</span> <span class='ocrx_word' id='word_1_150' title='bbox 871 1656 913 1700; x_wconf 80' lang='grc' dir='ltr'>τις</span> <span class='ocrx_word' id='word_1_151' title='bbox 941 1634 1103 1717; x_wconf 79' lang='grc' dir='ltr'>μοχθηρῶς</span> <span class='ocrx_word' id='word_1_152' title='bbox 1131 1632 1264 1716; x_wconf 75' lang='grc' dir='ltr'>ἐθισθείη</span> <span class='ocrx_word' id='word_1_153' title='bbox 1292 1639 1358 1701; x_wconf 86' lang='grc' dir='ltr'>παῖς</span> <span class='ocrx_word' id='word_1_154' title='bbox 1384 1636 1424 1696; x_wconf 89' lang='grc' dir='ltr'>ῶν</span> <span class='ocrx_word' id='word_1_155' title='bbox 1454 1632 1506 1705; x_wconf 82' lang='grc' dir='ltr'>ἔτι,</span> 
     </span>
     <span class='ocr_line' id='line_1_14' title="bbox 255 1735 1505 1820; baseline 0.002 -22"><span class='ocrx_word' id='word_1_156' title='bbox 255 1736 332 1798; x_wconf 78' lang='grc' dir='ltr'>ἀλλὰ</span> <span class='ocrx_word' id='word_1_157' title='bbox 355 1736 441 1820; x_wconf 70' lang='grc' dir='ltr'>φύσει</span> <span class='ocrx_word' id='word_1_158' title='bbox 463 1759 497 1818; x_wconf 85' lang='grc' dir='ltr'>γε</span> <span class='ocrx_word' id='word_1_159' title='bbox 519 1738 623 1804; x_wconf 85' lang='grc' dir='ltr'>πάντες</span> <span class='ocrx_word' id='word_1_160' title='bbox 645 1735 796 1819; x_wconf 84' lang='grc' dir='ltr'>ἅνθρωποι</span> <span class='ocrx_word' id='word_1_161' title='bbox 819 1736 976 1818; x_wconf 85' lang='grc' dir='ltr'>διορατικοὶ</span> <span class='ocrx_word' id='word_1_162' title='bbox 1002 1739 1060 1797; x_wconf 92' lang='grc' dir='ltr'>τῶν</span> <span class='ocrx_word' id='word_1_163' title='bbox 1083 1738 1180 1797; x_wconf 89' lang='grc' dir='ltr'>καλῶν</span> <span class='ocrx_word' id='word_1_164' title='bbox 1207 1736 1278 1798; x_wconf 78' lang='grc' dir='ltr'>εἰσιν</span> <span class='ocrx_word' id='word_1_165' title='bbox 1301 1738 1505 1820; x_wconf 83' lang='grc' dir='ltr'>τελειούμενοι.</span> 
     </span>
     <span class='ocr_line' id='line_1_15' title="bbox 254 1836 1506 1923; baseline 0.001 -21"><span class='ocrx_word' id='word_1_166' title='bbox 254 1839 352 1908; x_wconf 81' lang='grc' dir='ltr'>οὐδεὶς</span> <span class='ocrx_word' id='word_1_167' title='bbox 372 1844 440 1922; x_wconf 85' lang='grc' dir='ltr'>γοῦν</span> <span class='ocrx_word' id='word_1_168' title='bbox 464 1839 644 1923; x_wconf 79' lang='grc' dir='ltr'>κατὰφύσιν</span> <span class='ocrx_word' id='word_1_169' title='bbox 667 1836 746 1922; x_wconf 77' lang='grc' dir='ltr'>ἔχων</span> <span class='ocrx_word' id='word_1_170' title='bbox 769 1836 939 1921; x_wconf 84' lang='grc' dir='ltr'>ἀνεννόητός</span> <span class='ocrx_word' id='word_1_171' title='bbox 961 1837 1046 1916; x_wconf 78' lang='grc' dir='ltr'>ἐστιν,</span> <span class='ocrx_word' id='word_1_172' title='bbox 1075 1839 1134 1900; x_wconf 90' lang='grc' dir='ltr'>τίνοι</span> <span class='ocrx_word' id='word_1_173' title='bbox 1158 1837 1209 1918; x_wconf 82' lang='grc' dir='ltr'>μέν</span> <span class='ocrx_word' id='word_1_174' title='bbox 1233 1837 1293 1901; x_wconf 81' lang='grc' dir='ltr'>ἐστι</span> <span class='ocrx_word' id='word_1_175' title='bbox 1316 1840 1422 1912; x_wconf 86' lang='grc' dir='ltr'>δίκαια,</span> <span class='ocrx_word' id='word_1_176' title='bbox 1445 1842 1506 1903; x_wconf 89' lang='grc' dir='ltr'>τίνα</span> 
     </span>
     <span class='ocr_line' id='line_1_16' title="bbox 211 1939 1506 2024; baseline 0.004 -24"><span class='ocrx_word' id='word_1_177' title='bbox 211 1958 240 2001; x_wconf 77' lang='lat'>15</span> <span class='ocrx_word' id='word_1_178' title='bbox 255 1944 289 2005; x_wconf 84' lang='grc' dir='ltr'>δὲ</span> <span class='ocrx_word' id='word_1_179' title='bbox 305 1944 401 2015; x_wconf 78' lang='grc' dir='ltr'>ἄδικα,</span> <span class='ocrx_word' id='word_1_180' title='bbox 424 1943 472 2004; x_wconf 86' lang='grc' dir='ltr'>καὶ</span> <span class='ocrx_word' id='word_1_181' title='bbox 488 1943 549 2004; x_wconf 90' lang='grc' dir='ltr'>τίνα</span> <span class='ocrx_word' id='word_1_182' title='bbox 572 1941 623 2023; x_wconf 82' lang='grc' dir='ltr'>μὲν</span> <span class='ocrx_word' id='word_1_183' title='bbox 646 1941 731 2013; x_wconf 84' lang='grc' dir='ltr'>καλοί,</span> <span class='ocrx_word' id='word_1_184' title='bbox 753 1940 815 2002; x_wconf 87' lang='grc' dir='ltr'>τίνα</span> <span class='ocrx_word' id='word_1_185' title='bbox 837 1941 869 2002; x_wconf 83' lang='grc' dir='ltr'>δὲ</span> <span class='ocrx_word' id='word_1_186' title='bbox 892 1940 1009 2024; x_wconf 77' lang='grc' dir='ltr'>αἰσχρά.</span> <span class='ocrx_word' id='word_1_187' title='bbox 1049 1939 1113 2003; x_wconf 77' lang='grc' dir='ltr'>ἀλλ’</span> <span class='ocrx_word' id='word_1_188' title='bbox 1134 1940 1197 2003; x_wconf 77' lang='grc' dir='ltr'>οὐδ’</span> <span class='ocrx_word' id='word_1_189' title='bbox 1220 1939 1263 2003; x_wconf 85' lang='grc' dir='ltr'>ότι</span> <span class='ocrx_word' id='word_1_190' title='bbox 1286 1941 1318 2004; x_wconf 82' lang='grc' dir='ltr'>ἐκ</span> <span class='ocrx_word' id='word_1_191' title='bbox 1341 1947 1391 2005; x_wconf 84' lang='grc' dir='ltr'>τού</span> <span class='ocrx_word' id='word_1_192' title='bbox 1415 1943 1506 2014; x_wconf 74' lang='grc' dir='ltr'>ἐθίζε-</span> 
     </span>
     <span class='ocr_line' id='line_1_17' title="bbox 256 2043 1506 2130; baseline 0.001 -22"><span class='ocrx_word' id='word_1_193' title='bbox 256 2046 331 2108; x_wconf 86' lang='grc' dir='ltr'>σθαί</span> <span class='ocrx_word' id='word_1_194' title='bbox 343 2069 408 2113; x_wconf 91' lang='grc' dir='ltr'>πως</span> <span class='ocrx_word' id='word_1_195' title='bbox 422 2070 440 2128; x_wconf 91' lang='grc' dir='ltr'>η</span> <span class='ocrx_word' id='word_1_196' title='bbox 457 2050 514 2107; x_wconf 91' lang='grc' dir='ltr'>τῶν</span> <span class='ocrx_word' id='word_1_197' title='bbox 537 2047 635 2106; x_wconf 89' lang='grc' dir='ltr'>καλῶν</span> <span class='ocrx_word' id='word_1_198' title='bbox 651 2043 670 2125; x_wconf 79' lang='grc' dir='ltr'>ἢ</span> <span class='ocrx_word' id='word_1_199' title='bbox 686 2048 743 2105; x_wconf 91' lang='grc' dir='ltr'>τῶν</span> <span class='ocrx_word' id='word_1_200' title='bbox 760 2044 890 2127; x_wconf 72' lang='grc' dir='ltr'>αἰσχρῶν</span> <span class='ocrx_word' id='word_1_201' title='bbox 912 2043 1051 2124; x_wconf 87' lang='grc' dir='ltr'>γίγνονται</span> <span class='ocrx_word' id='word_1_202' title='bbox 1068 2044 1263 2127; x_wconf 87' lang='grc' dir='ltr'>προαιρετικοί</span> <span class='ocrx_word' id='word_1_203' title='bbox 1282 2067 1313 2106; x_wconf 87' lang='grc' dir='ltr'>τε</span> <span class='ocrx_word' id='word_1_204' title='bbox 1330 2046 1377 2107; x_wconf 89' lang='grc' dir='ltr'>καὶ</span> <span class='ocrx_word' id='word_1_205' title='bbox 1392 2070 1506 2130; x_wconf 88' lang='grc' dir='ltr'>πρακτι-</span> 
     </span>
     <span class='ocr_line' id='line_1_18' title="bbox 253 2146 1546 2234; baseline -0.003 -23"><span class='ocrx_word' id='word_1_206' title='bbox 253 2149 313 2222; x_wconf 88' lang='grc' dir='ltr'>κοί,</span> <span class='ocrx_word' id='word_1_207' title='bbox 336 2147 405 2211; x_wconf 85' lang='grc' dir='ltr'>ούδὲ</span> <span class='ocrx_word' id='word_1_208' title='bbox 427 2152 511 2210; x_wconf 86' lang='grc' dir='ltr'>τοῦτο</span> <span class='ocrx_word' id='word_1_209' title='bbox 533 2146 639 2214; x_wconf 82' lang='grc' dir='ltr'>αὐτοὺς</span> <span class='ocrx_word' id='word_1_210' title='bbox 664 2146 809 2208; x_wconf 84' lang='grc' dir='ltr'>λανθάνει.</span> <span class='ocrx_word' id='word_1_211' title='bbox 853 2149 879 2208; x_wconf 83' lang='grc' dir='ltr'>οἱ</span> <span class='ocrx_word' id='word_1_212' title='bbox 902 2149 970 2228; x_wconf 79' lang='grc' dir='ltr'>γοῦν</span> <span class='ocrx_word' id='word_1_213' title='bbox 999 2146 1127 2229; x_wconf 79' lang='grc' dir='ltr'>ἀσκησαί</span> <span class='ocrx_word' id='word_1_214' title='bbox 1151 2170 1177 2207; x_wconf 86' lang='grc' dir='ltr'>τι</span> <span class='ocrx_word' id='word_1_215' title='bbox 1203 2147 1250 2209; x_wconf 81' lang='grc' dir='ltr'>καλ</span> <span class='ocrx_word' id='word_1_216' title='bbox 1274 2149 1377 2230; x_wconf 89' lang='grc' dir='ltr'>μαθεῖν</span> <span class='ocrx_word' id='word_1_217' title='bbox 1406 2148 1546 2234; x_wconf 62' lang='lat' dir='ltr'>ponii-30</span> 
     </span>
     <span class='ocr_line' id='line_1_19' title="bbox 257 2248 1505 2335; baseline 0.002 -22"><span class='ocrx_word' id='word_1_218' title='bbox 257 2275 340 2333; x_wconf 83' lang='grc' dir='ltr'>μενοι</span> <span class='ocrx_word' id='word_1_219' title='bbox 370 2251 418 2313; x_wconf 80' lang='grc' dir='ltr'>ἐπὶ</span> <span class='ocrx_word' id='word_1_220' title='bbox 444 2251 477 2313; x_wconf 82' lang='grc' dir='ltr'>τὸ</span> <span class='ocrx_word' id='word_1_221' title='bbox 505 2250 553 2312; x_wconf 78' lang='grc' dir='ltr'>διὰ</span> <span class='ocrx_word' id='word_1_222' title='bbox 579 2255 636 2310; x_wconf 81' lang='grc' dir='ltr'>τῶν</span> <span class='ocrx_word' id='word_1_223' title='bbox 664 2248 742 2311; x_wconf 84' lang='grc' dir='ltr'>ἐθῶν</span> <span class='ocrx_word' id='word_1_224' title='bbox 769 2249 874 2316; x_wconf 84' lang='grc' dir='ltr'>αύτούς</span> <span class='ocrx_word' id='word_1_225' title='bbox 900 2249 1035 2331; x_wconf 77' lang='grc' dir='ltr'>προάγειν</span> <span class='ocrx_word' id='word_1_226' title='bbox 1069 2253 1111 2332; x_wconf 81' lang='grc' dir='ltr'>τῷ</span> <span class='ocrx_word' id='word_1_227' title='bbox 1138 2250 1319 2335; x_wconf 80' lang='grc' dir='ltr'>προκειμένῳ</span> <span class='ocrx_word' id='word_1_228' title='bbox 1346 2251 1505 2334; x_wconf 83' lang='grc' dir='ltr'>τρέπονται,</span> 
     </span>
     <span class='ocr_line' id='line_1_20' title="bbox 257 2350 1506 2440; baseline 0.002 -25"><span class='ocrx_word' id='word_1_229' title='bbox 257 2358 301 2422; x_wconf 88' lang='grc' dir='ltr'>ῶς</span> <span class='ocrx_word' id='word_1_230' title='bbox 323 2353 377 2417; x_wconf 89' lang='grc' dir='ltr'>ούκ</span> <span class='ocrx_word' id='word_1_231' title='bbox 400 2354 568 2436; x_wconf 75' lang='grc' dir='ltr'>ἀγνοοῦντες</span> <span class='ocrx_word' id='word_1_232' title='bbox 589 2353 641 2435; x_wconf 78' lang='grc' dir='ltr'>τὴν</span> <span class='ocrx_word' id='word_1_233' title='bbox 667 2358 724 2414; x_wconf 91' lang='grc' dir='ltr'>τῶν</span> <span class='ocrx_word' id='word_1_234' title='bbox 747 2352 825 2414; x_wconf 78' lang='grc' dir='ltr'>ἐθῶν</span> <span class='ocrx_word' id='word_1_235' title='bbox 849 2350 933 2435; x_wconf 75' lang='grc' dir='ltr'>ἰσχὺν</span> <span class='ocrx_word' id='word_1_236' title='bbox 956 2351 1027 2434; x_wconf 81' lang='grc' dir='ltr'>πρός</span> <span class='ocrx_word' id='word_1_237' title='bbox 1049 2352 1081 2413; x_wconf 85' lang='grc' dir='ltr'>τὸ</span> <span class='ocrx_word' id='word_1_238' title='bbox 1103 2357 1161 2413; x_wconf 91' lang='grc' dir='ltr'>τῶν</span> <span class='ocrx_word' id='word_1_239' title='bbox 1183 2354 1378 2435; x_wconf 89' lang='grc' dir='ltr'>προκειμένων</span> <span class='ocrx_word' id='word_1_240' title='bbox 1401 2358 1506 2440; x_wconf 80' lang='grc' dir='ltr'>τυγχά-</span> 
     </span>
     <span class='ocr_line' id='line_1_21' title="bbox 210 2453 1505 2541; baseline 0.003 -24"><span class='ocrx_word' id='word_1_241' title='bbox 210 2474 326 2520; x_wconf 75' lang='grc' dir='ltr'>νονειν.</span> <span class='ocrx_word' id='word_1_242' title='bbox 370 2457 422 2519; x_wconf 89' lang='grc' dir='ltr'>τίνι</span> <span class='ocrx_word' id='word_1_243' title='bbox 445 2456 497 2540; x_wconf 79' lang='grc' dir='ltr'>γάρ</span> <span class='ocrx_word' id='word_1_244' title='bbox 524 2455 643 2539; x_wconf 78' lang='grc' dir='ltr'>ἄδηλον,</span> <span class='ocrx_word' id='word_1_245' title='bbox 670 2453 713 2517; x_wconf 87' lang='grc' dir='ltr'>ότι</span> <span class='ocrx_word' id='word_1_246' title='bbox 741 2453 789 2516; x_wconf 86' lang='grc' dir='ltr'>διὰ</span> <span class='ocrx_word' id='word_1_247' title='bbox 815 2457 866 2516; x_wconf 81' lang='grc' dir='ltr'>τοῦ</span> <span class='ocrx_word' id='word_1_248' title='bbox 885 2454 928 2515; x_wconf 78' lang='grc' dir='ltr'>.τὰ</span> <span class='ocrx_word' id='word_1_249' title='bbox 955 2454 1122 2538; x_wconf 71' lang='grc' dir='ltr'>σωφρονικὰ</span> <span class='ocrx_word' id='word_1_250' title='bbox 1152 2459 1244 2517; x_wconf 91' lang='grc' dir='ltr'>ποιεῖν</span> <span class='ocrx_word' id='word_1_251' title='bbox 1272 2457 1442 2541; x_wconf 77' lang='grc' dir='ltr'>περιγίνεται</span> <span class='ocrx_word' id='word_1_252' title='bbox 1472 2461 1505 2521; x_wconf 81' lang='grc' dir='ltr'>τό</span> 
     </span>
     <span class='ocr_line' id='line_1_22' title="bbox 256 2554 1505 2645; baseline 0.001 -23"><span class='ocrx_word' id='word_1_253' title='bbox 256 2565 435 2645; x_wconf 73' lang='grc' dir='ltr'>σωρρονεῖν;</span> <span class='ocrx_word' id='word_1_254' title='bbox 469 2559 495 2622; x_wconf 83' lang='grc' dir='ltr'>εἰ</span> <span class='ocrx_word' id='word_1_255' title='bbox 517 2559 549 2621; x_wconf 83' lang='grc' dir='ltr'>δὲ</span> <span class='ocrx_word' id='word_1_256' title='bbox 573 2558 646 2641; x_wconf 81' lang='grc' dir='ltr'>μήτε</span> <span class='ocrx_word' id='word_1_257' title='bbox 668 2557 705 2619; x_wconf 78' lang='grc' dir='ltr'>τὰ</span> <span class='ocrx_word' id='word_1_258' title='bbox 726 2556 800 2619; x_wconf 83' lang='grc' dir='ltr'>καλά</span> <span class='ocrx_word' id='word_1_259' title='bbox 823 2561 882 2624; x_wconf 88' lang='grc' dir='ltr'>τοῖς</span> <span class='ocrx_word' id='word_1_260' title='bbox 904 2555 976 2618; x_wconf 84' lang='grc' dir='ltr'>κατόι</span> <span class='ocrx_word' id='word_1_261' title='bbox 999 2557 1084 2641; x_wconf 80' lang='grc' dir='ltr'>φύσιν</span> <span class='ocrx_word' id='word_1_262' title='bbox 1108 2555 1225 2642; x_wconf 87' lang='grc' dir='ltr'>ἔχουσιν</span> <span class='ocrx_word' id='word_1_263' title='bbox 1248 2554 1290 2620; x_wconf 85' lang='grc' dir='ltr'>ἔτι</span> <span class='ocrx_word' id='word_1_264' title='bbox 1312 2559 1359 2621; x_wconf 78' lang='grc' dir='ltr'>καί</span> <span class='ocrx_word' id='word_1_265' title='bbox 1383 2559 1505 2644; x_wconf 80' lang='grc' dir='ltr'>μηδέπω</span> 
     </span>
     <span class='ocr_line' id='line_1_23' title="bbox 257 2659 1500 2747; baseline -0.002 -20"><span class='ocrx_word' id='word_1_266' title='bbox 257 2663 307 2727; x_wconf 85' lang='grc' dir='ltr'>διὰ</span> <span class='ocrx_word' id='word_1_267' title='bbox 340 2662 440 2726; x_wconf 83' lang='grc' dir='ltr'>κακίαν</span> <span class='ocrx_word' id='word_1_268' title='bbox 473 2660 737 2745; x_wconf 67' lang='grc' dir='ltr'>πεπηρωμένοιςγ</span> <span class='ocrx_word' id='word_1_269' title='bbox 764 2659 816 2722; x_wconf 84' lang='grc' dir='ltr'>οὐκ</span> <span class='ocrx_word' id='word_1_270' title='bbox 845 2660 987 2741; x_wconf 85' lang='grc' dir='ltr'>ἀγνοεῖται</span> <span class='ocrx_word' id='word_1_271' title='bbox 1020 2684 1038 2743; x_wconf 95' lang='grc' dir='ltr'>η</span> <span class='ocrx_word' id='word_1_272' title='bbox 1065 2684 1097 2742; x_wconf 91' lang='grc' dir='ltr'>γε</span> <span class='ocrx_word' id='word_1_273' title='bbox 1125 2661 1192 2729; x_wconf 79' lang='grc' dir='ltr'>όδός</span> <span class='ocrx_word' id='word_1_274' title='bbox 1223 2685 1242 2744; x_wconf 90' lang='grc' dir='ltr'>η</span> <span class='ocrx_word' id='word_1_275' title='bbox 1274 2661 1321 2745; x_wconf 74' lang='grc' dir='ltr'>ἐφ’</span> <span class='ocrx_word' id='word_1_276' title='bbox 1354 2662 1426 2724; x_wconf 83' lang='grc' dir='ltr'>αὑτά</span> <span class='ocrx_word' id='word_1_277' title='bbox 1454 2663 1500 2747; x_wconf 80' lang='grc' dir='ltr'>ἐρ’</span> 
     </span>
     <span class='ocr_line' id='line_1_24' title="bbox 257 2760 1505 2850; baseline -0.002 -21"><span class='ocrx_word' id='word_1_278' title='bbox 257 2769 329 2850; x_wconf 71' lang='grc' dir='ltr'>ἡμῖν</span> <span class='ocrx_word' id='word_1_279' title='bbox 352 2790 384 2828; x_wconf 82' lang='grc' dir='ltr'>τε</span> <span class='ocrx_word' id='word_1_280' title='bbox 409 2765 456 2827; x_wconf 76' lang='grc' dir='ltr'>καὶ</span> <span class='ocrx_word' id='word_1_281' title='bbox 482 2767 634 2849; x_wconf 80' lang='grc' dir='ltr'>γνώριμος,</span> <span class='ocrx_word' id='word_1_282' title='bbox 667 2760 714 2846; x_wconf 79' lang='grc' dir='ltr'>ἐφ’</span> <span class='ocrx_word' id='word_1_283' title='bbox 743 2763 812 2844; x_wconf 79' lang='grc' dir='ltr'>ἡμῖν</span> <span class='ocrx_word' id='word_1_284' title='bbox 839 2761 873 2824; x_wconf 77' lang='grc' dir='ltr'>ἂν</span> <span class='ocrx_word' id='word_1_285' title='bbox 899 2761 947 2845; x_wconf 86' lang='grc' dir='ltr'>εἴη</span> <span class='ocrx_word' id='word_1_286' title='bbox 974 2764 1020 2825; x_wconf 87' lang='grc' dir='ltr'>καὶ</span> <span class='ocrx_word' id='word_1_287' title='bbox 1049 2763 1081 2824; x_wconf 86' lang='grc' dir='ltr'>τὸ</span> <span class='ocrx_word' id='word_1_288' title='bbox 1109 2767 1201 2831; x_wconf 90' lang='grc' dir='ltr'>ποιοῖς</span> <span class='ocrx_word' id='word_1_289' title='bbox 1227 2764 1355 2850; x_wconf 82' lang='grc' dir='ltr'>γίνεσθαι</span> <span class='ocrx_word' id='word_1_290' title='bbox 1382 2765 1417 2827; x_wconf 85' lang='grc' dir='ltr'>τὰ</span> <span class='ocrx_word' id='word_1_291' title='bbox 1445 2765 1505 2850; x_wconf 76' lang='grc' dir='ltr'>ἤθη</span> 
     </span>
     <span class='ocr_line' id='line_1_25' title="bbox 257 2864 1546 2952; baseline -0.005 -19"><span class='ocrx_word' id='word_1_292' title='bbox 257 2871 308 2933; x_wconf 78' lang='grc' dir='ltr'>καὶ</span> <span class='ocrx_word' id='word_1_293' title='bbox 323 2869 375 2937; x_wconf 79' lang='grc' dir='ltr'>τὰς</span> <span class='ocrx_word' id='word_1_294' title='bbox 391 2867 463 2937; x_wconf 80' lang='grc' dir='ltr'>ἕξεις</span> <span class='ocrx_word' id='word_1_295' title='bbox 478 2867 651 2949; x_wconf 83' lang='grc' dir='ltr'>κτήσασθαι,</span> <span class='ocrx_word' id='word_1_296' title='bbox 674 2865 725 2950; x_wconf 78' lang='grc' dir='ltr'>ἀφ’</span> <span class='ocrx_word' id='word_1_297' title='bbox 747 2865 787 2927; x_wconf 87' lang='grc' dir='ltr'>ῶν</span> <span class='ocrx_word' id='word_1_298' title='bbox 811 2865 829 2948; x_wconf 78' lang='grc' dir='ltr'>ἢ</span> <span class='ocrx_word' id='word_1_299' title='bbox 846 2866 915 2928; x_wconf 87' lang='grc' dir='ltr'>τάδε</span> <span class='ocrx_word' id='word_1_300' title='bbox 937 2865 968 2948; x_wconf 76' lang='grc' dir='ltr'>(η</span> <span class='ocrx_word' id='word_1_301' title='bbox 985 2864 1069 2948; x_wconf 81' lang='grc' dir='ltr'>τάδε)</span> <span class='ocrx_word' id='word_1_302' title='bbox 1090 2865 1277 2950; x_wconf 86' lang='grc' dir='ltr'>αἱρησόμεθά</span> <span class='ocrx_word' id='word_1_303' title='bbox 1291 2891 1323 2930; x_wconf 88' lang='grc' dir='ltr'>τε</span> <span class='ocrx_word' id='word_1_304' title='bbox 1342 2869 1390 2929; x_wconf 82' lang='grc' dir='ltr'>καὶ</span> <span class='ocrx_word' id='word_1_305' title='bbox 1406 2868 1506 2952; x_wconf 77' lang='grc' dir='ltr'>πράξο-</span> <span class='ocrx_word' id='word_1_306' title='bbox 1519 2885 1546 2927; x_wconf 71' lang='grc' dir='ltr'>τι</span> 
     </span>
     <span class='ocr_line' id='line_1_26' title="bbox 213 2965 1506 3056; baseline 0 -22"><span class='ocrx_word' id='word_1_307' title='bbox 213 2989 321 3056; x_wconf 70' lang='grc' dir='ltr'>νομεν.</span> <span class='ocrx_word' id='word_1_308' title='bbox 366 2973 397 3033; x_wconf 87' lang='grc' dir='ltr'>αῖ</span> <span class='ocrx_word' id='word_1_309' title='bbox 420 2972 453 3033; x_wconf 84' lang='grc' dir='ltr'>δὲ</span> <span class='ocrx_word' id='word_1_310' title='bbox 475 2969 592 3054; x_wconf 80' lang='grc' dir='ltr'>εύφυῖοιι</span> <span class='ocrx_word' id='word_1_311' title='bbox 614 2992 645 3031; x_wconf 90' lang='grc' dir='ltr'>τε</span> <span class='ocrx_word' id='word_1_312' title='bbox 667 2967 739 3052; x_wconf 89' lang='grc' dir='ltr'>πρός</span> <span class='ocrx_word' id='word_1_313' title='bbox 761 2992 823 3031; x_wconf 88' lang='grc' dir='ltr'>τινα</span> <span class='ocrx_word' id='word_1_314' title='bbox 850 2968 897 3030; x_wconf 81' lang='grc' dir='ltr'>καὶ</span> <span class='ocrx_word' id='word_1_315' title='bbox 919 2968 1019 3052; x_wconf 75' lang='grc' dir='ltr'>άρυῖαι</span> <span class='ocrx_word' id='word_1_316' title='bbox 1045 2965 1105 3031; x_wconf 82' lang='grc' dir='ltr'>ἔστ’</span> <span class='ocrx_word' id='word_1_317' title='bbox 1133 2967 1167 3030; x_wconf 78' lang='grc' dir='ltr'>άν</span> <span class='ocrx_word' id='word_1_318' title='bbox 1191 2969 1221 3030; x_wconf 84' lang='grc' dir='ltr'>ἐν</span> <span class='ocrx_word' id='word_1_319' title='bbox 1248 2971 1399 3053; x_wconf 76' lang='grc' dir='ltr'>τῇόἰκείογ</span> <span class='ocrx_word' id='word_1_320' title='bbox 1422 2972 1506 3054; x_wconf 74' lang='grc' dir='ltr'>φύσει</span> 
     </span>
     <span class='ocr_line' id='line_1_27' title="bbox 258 3070 1506 3160; baseline -0.001 -23"><span class='ocrx_word' id='word_1_321' title='bbox 258 3080 389 3160; x_wconf 89' lang='grc' dir='ltr'>τηρῶσιν</span> <span class='ocrx_word' id='word_1_322' title='bbox 417 3076 464 3137; x_wconf 82' lang='grc' dir='ltr'>τόν</span> <span class='ocrx_word' id='word_1_323' title='bbox 493 3072 659 3155; x_wconf 81' lang='grc' dir='ltr'>ἄνθρωπον,</span> <span class='ocrx_word' id='word_1_324' title='bbox 689 3072 760 3154; x_wconf 81' lang='grc' dir='ltr'>πρὸς</span> <span class='ocrx_word' id='word_1_325' title='bbox 786 3070 984 3154; x_wconf 87' lang='grc' dir='ltr'>εύκολωτέραν</span> <span class='ocrx_word' id='word_1_326' title='bbox 1011 3071 1153 3155; x_wconf 71' lang='grc' dir='ltr'>ἀνάληψιν</span> <span class='ocrx_word' id='word_1_327' title='bbox 1185 3071 1293 3135; x_wconf 88' lang='grc' dir='ltr'>τούτων</span> <span class='ocrx_word' id='word_1_328' title='bbox 1323 3076 1506 3136; x_wconf 82' lang='grc' dir='ltr'>συντελοῦσιν</span> 
     </span>
     <span class='ocr_line' id='line_1_28' title="bbox 258 3170 1506 3262; baseline -0.002 -21"><span class='ocrx_word' id='word_1_329' title='bbox 258 3178 346 3262; x_wconf 88' lang='grc' dir='ltr'>μόνον</span> <span class='ocrx_word' id='word_1_330' title='bbox 374 3174 635 3262; x_wconf 74' lang='grc' dir='ltr'>ἧχαλεπωτέραν,</span> <span class='ocrx_word' id='word_1_331' title='bbox 666 3174 739 3257; x_wconf 84' lang='grc' dir='ltr'>πρδς</span> <span class='ocrx_word' id='word_1_332' title='bbox 764 3173 783 3236; x_wconf 83' lang='grc' dir='ltr'>ά</span> <span class='ocrx_word' id='word_1_333' title='bbox 810 3175 968 3258; x_wconf 76' lang='grc' dir='ltr'>πεφύκασιν</span> <span class='ocrx_word' id='word_1_334' title='bbox 997 3170 1030 3235; x_wconf 85' lang='grc' dir='ltr'>εὖ</span> <span class='ocrx_word' id='word_1_335' title='bbox 1056 3197 1087 3237; x_wconf 86' lang='grc' dir='ltr'>τε</span> <span class='ocrx_word' id='word_1_336' title='bbox 1114 3175 1162 3237; x_wconf 77' lang='grc' dir='ltr'>καὶ</span> <span class='ocrx_word' id='word_1_337' title='bbox 1190 3180 1295 3244; x_wconf 84' lang='grc' dir='ltr'>κακῶς.</span> <span class='ocrx_word' id='word_1_338' title='bbox 1340 3180 1425 3239; x_wconf 78' lang='grc' dir='ltr'>πᾶσιν</span> <span class='ocrx_word' id='word_1_339' title='bbox 1453 3177 1506 3261; x_wconf 77' lang='grc' dir='ltr'>γὰρ</span> 
     </span>
     <span class='ocr_line' id='line_1_29' title="bbox 257 3273 1504 3365; baseline -0.002 -21"><span class='ocrx_word' id='word_1_340' title='bbox 257 3282 428 3365; x_wconf 77' lang='grc' dir='ltr'>ἀνθρώποις</span> <span class='ocrx_word' id='word_1_341' title='bbox 449 3283 509 3346; x_wconf 86' lang='grc' dir='ltr'>τοῖς</span> <span class='ocrx_word' id='word_1_342' title='bbox 535 3276 609 3340; x_wconf 80' lang='grc' dir='ltr'>κατὰ</span> <span class='ocrx_word' id='word_1_343' title='bbox 636 3278 720 3361; x_wconf 81' lang='grc' dir='ltr'>φύσιν</span> <span class='ocrx_word' id='word_1_344' title='bbox 746 3300 777 3339; x_wconf 85' lang='grc' dir='ltr'>τε</span> <span class='ocrx_word' id='word_1_345' title='bbox 804 3273 920 3360; x_wconf 80' lang='grc' dir='ltr'>ἔχουσιν</span> <span class='ocrx_word' id='word_1_346' title='bbox 948 3277 996 3339; x_wconf 84' lang='grc' dir='ltr'>καὶ</span> <span class='ocrx_word' id='word_1_347' title='bbox 1022 3276 1177 3361; x_wconf 82' lang='grc' dir='ltr'>ἀστρόροις</span> <span class='ocrx_word' id='word_1_348' title='bbox 1203 3276 1251 3338; x_wconf 87' lang='grc' dir='ltr'>ἐπὶ</span> <span class='ocrx_word' id='word_1_349' title='bbox 1278 3279 1329 3360; x_wconf 76' lang='grc' dir='ltr'>τὴν</span> <span class='ocrx_word' id='word_1_350' title='bbox 1357 3279 1447 3363; x_wconf 87' lang='grc' dir='ltr'>κρίσιν</span> <span class='ocrx_word' id='word_1_351' title='bbox 1474 3303 1504 3342; x_wconf 88' lang='grc' dir='ltr'>τε</span> 
     </span>
     <span class='ocr_line' id='line_1_30' title="bbox 256 3379 1506 3467; baseline -0.003 -19"><span class='ocrx_word' id='word_1_352' title='bbox 256 3386 306 3448; x_wconf 81' lang='grc' dir='ltr'>καὶ</span> <span class='ocrx_word' id='word_1_353' title='bbox 333 3384 387 3467; x_wconf 78' lang='grc' dir='ltr'>τὴν</span> <span class='ocrx_word' id='word_1_354' title='bbox 413 3381 523 3465; x_wconf 75' lang='grc' dir='ltr'>αἵρεσιν</span> <span class='ocrx_word' id='word_1_355' title='bbox 557 3381 677 3442; x_wconf 79' lang='grc' dir='ltr'>δυνατόν</span> <span class='ocrx_word' id='word_1_356' title='bbox 701 3380 806 3462; x_wconf 81' lang='grc' dir='ltr'>ἀρετὴν</span> <span class='ocrx_word' id='word_1_357' title='bbox 834 3379 998 3461; x_wconf 75' lang='grc' dir='ltr'>κτήσασθαι</span> <span class='ocrx_word' id='word_1_358' title='bbox 1020 3381 1068 3442; x_wconf 88' lang='grc' dir='ltr'>καὶ</span> <span class='ocrx_word' id='word_1_359' title='bbox 1096 3381 1214 3442; x_wconf 82' lang='grc' dir='ltr'>δυνατόν</span> <span class='ocrx_word' id='word_1_360' title='bbox 1242 3379 1279 3442; x_wconf 91' lang='grc' dir='ltr'>δι’</span> <span class='ocrx_word' id='word_1_361' title='bbox 1312 3381 1411 3444; x_wconf 73' lang='grc' dir='ltr'>αὑτοῦ.</span> <span class='ocrx_word' id='word_1_362' title='bbox 1462 3383 1506 3444; x_wconf 78' lang='grc' dir='ltr'>διὸ</span> 
     </span>
     <span class='ocr_line' id='line_1_31' title="bbox 215 3472 1507 3567; baseline 0.007 -29"><span class='ocrx_word' id='word_1_363' title='bbox 215 3506 244 3550; x_wconf 60' lang='grc' dir='ltr'>ω</span> <span class='ocrx_word' id='word_1_364' title='bbox 258 3491 377 3551; x_wconf 64' lang='grc' dir='ltr'>πολλῶν</span> <span class='ocrx_word' id='word_1_365' title='bbox 399 3489 497 3552; x_wconf 84' lang='grc' dir='ltr'>καλῶς</span> <span class='ocrx_word' id='word_1_366' title='bbox 514 3486 587 3567; x_wconf 77' lang='grc' dir='ltr'>πρὸς</span> <span class='ocrx_word' id='word_1_367' title='bbox 602 3482 706 3565; x_wconf 79' lang='grc' dir='ltr'>αἱρετὴν</span> <span class='ocrx_word' id='word_1_368' title='bbox 722 3481 892 3565; x_wconf 73' lang='grc' dir='ltr'>πεφυκότων</span> <span class='ocrx_word' id='word_1_369' title='bbox 908 3481 1085 3567; x_wconf 77' lang='grc' dir='ltr'>φαολότερόν</span> <span class='ocrx_word' id='word_1_370' title='bbox 1102 3472 1175 3549; x_wconf 83' lang='grc' dir='ltr'>τινες</span> <span class='ocrx_word' id='word_1_371' title='bbox 1190 3481 1349 3565; x_wconf 80' lang='grc' dir='ltr'>πεφυκότες</span> <span class='ocrx_word' id='word_1_372' title='bbox 1371 3485 1507 3566; x_wconf 75' lang='grc' dir='ltr'>ἀμείνους</span> 
     </span>
     <span class='ocr_line' id='line_1_32' title="bbox 256 3582 1547 3675; baseline -0.007 -21"><span class='ocrx_word' id='word_1_373' title='bbox 256 3594 400 3675; x_wconf 81' lang='grc' dir='ltr'>γίγνονται</span> <span class='ocrx_word' id='word_1_374' title='bbox 435 3588 571 3653; x_wconf 76' lang='grc' dir='ltr'>πολλάκις</span> <span class='ocrx_word' id='word_1_375' title='bbox 604 3586 656 3668; x_wconf 79' lang='grc' dir='ltr'>τὴν</span> <span class='ocrx_word' id='word_1_376' title='bbox 690 3582 799 3647; x_wconf 84' lang='grc' dir='ltr'>ἔνδειαν</span> <span class='ocrx_word' id='word_1_377' title='bbox 826 3608 878 3668; x_wconf 87' lang='grc' dir='ltr'>της</span> <span class='ocrx_word' id='word_1_378' title='bbox 904 3584 1020 3669; x_wconf 79' lang='grc' dir='ltr'>φύσεως</span> <span class='ocrx_word' id='word_1_379' title='bbox 1054 3586 1202 3666; x_wconf 84' lang='grc' dir='ltr'>ἰασάμενοι</span> <span class='ocrx_word' id='word_1_380' title='bbox 1232 3609 1270 3668; x_wconf 84' lang='grc' dir='ltr'>τη</span> <span class='ocrx_word' id='word_1_381' title='bbox 1305 3586 1373 3670; x_wconf 83' lang='grc' dir='ltr'>παρ’</span> <span class='ocrx_word' id='word_1_382' title='bbox 1409 3586 1505 3649; x_wconf 86' lang='grc' dir='ltr'>αύτῶν</span> <span class='ocrx_word' id='word_1_383' title='bbox 1519 3606 1547 3646; x_wconf 89' lang='grc' dir='ltr'>ιο</span> 
     </span>
     <span class='ocr_line' id='line_1_33' title="bbox 256 3695 383 3777; baseline -0.039 -17"><span class='ocrx_word' id='word_1_384' title='bbox 256 3695 383 3777; x_wconf 71' lang='grc' dir='ltr'>ἐξουσίᾳ.</span> 
     </span>
    </p>
   </div>
   <div class='ocr_carea' id='block_1_3' title="bbox 201 4014 1562 5009">
    <p class='ocr_par' dir='ltr' id='par_1_3' title="bbox 202 4014 1561 4212">
     <span class='ocr_line' id='line_1_34' title="bbox 202 4014 1561 4127; baseline 0 -19"><span class='ocrx_word' id='word_1_385' title='bbox 202 4062 216 4111; x_wconf 72' lang='lat' dir='ltr'>i</span> <span class='ocrx_word' id='word_1_386' title='bbox 237 4059 305 4114; x_wconf 66' lang='lat' dir='ltr'>iim:</span> <span class='ocrx_word' id='word_1_387' title='bbox 324 4057 371 4127; x_wconf 68' lang='grc' dir='ltr'>γὰρ</span> <span class='ocrx_word' id='word_1_388' title='bbox 389 4055 487 4112; x_wconf 80' lang='grc' dir='ltr'>τούτοις</span> <span class='ocrx_word' id='word_1_389' title='bbox 505 4055 608 4121; x_wconf 69' lang='lat' dir='ltr'>scripsi:</span> <span class='ocrx_word' id='word_1_390' title='bbox 628 4014 693 4111; x_wconf 74' lang='grc' dir='ltr'>ύλύύς</span> <span class='ocrx_word' id='word_1_391' title='bbox 712 4053 747 4119; x_wconf 88' lang='lat' dir='ltr'>(m</span> <span class='ocrx_word' id='word_1_392' title='bbox 754 4053 771 4118; x_wconf 89' lang='lat'>¹)</span> <span class='ocrx_word' id='word_1_393' title='bbox 789 4051 886 4110; x_wconf 81' lang='grc' dir='ltr'>τούτοις</span> <span class='ocrx_word' id='word_1_394' title='bbox 904 4054 949 4126; x_wconf 77' lang='grc' dir='ltr'>γὰρ</span> <span class='ocrx_word' id='word_1_395' title='bbox 962 4054 998 4105; x_wconf 71' lang='lat' dir='ltr'>V:</span> <span class='ocrx_word' id='word_1_396' title='bbox 1017 4050 1082 4112; x_wconf 86' lang='grc' dir='ltr'>όλοις</span> <span class='ocrx_word' id='word_1_397' title='bbox 1100 4054 1146 4123; x_wconf 78' lang='grc' dir='ltr'>γάρ</span> <span class='ocrx_word' id='word_1_398' title='bbox 1165 4052 1259 4112; x_wconf 78' lang='grc' dir='ltr'>τούτοις</span> <span class='ocrx_word' id='word_1_399' title='bbox 1273 4053 1309 4106; x_wconf 64' lang='grc' dir='ltr'>(λι</span> <span class='ocrx_word' id='word_1_400' title='bbox 1398 4054 1413 4107; x_wconf 86' lang='grc'><strong>9</strong></span> <span class='ocrx_word' id='word_1_401' title='bbox 1433 4052 1469 4112; x_wconf 83' lang='grc' dir='ltr'>ὥς</span> <span class='ocrx_word' id='word_1_402' title='bbox 1487 4074 1510 4107; x_wconf 88' lang='grc' dir='ltr'>τι</span> <span class='ocrx_word' id='word_1_403' title='bbox 1524 4059 1561 4108; x_wconf 69' lang='lat' dir='ltr'>Ua</span> 
     </span>
     <span class='ocr_line' id='line_1_35' title="bbox 205 4141 1456 4212; baseline -0.004 -12"><span class='ocrx_word' id='word_1_404' title='bbox 205 4149 235 4200; x_wconf 74' lang='lat'>12</span> <span class='ocrx_word' id='word_1_405' title='bbox 255 4145 332 4198; x_wconf 76' lang='grc' dir='ltr'>ἐσθίει</span> <span class='ocrx_word' id='word_1_406' title='bbox 351 4146 387 4194; x_wconf 81' lang='lat' dir='ltr'>Ca</span> <span class='ocrx_word' id='word_1_407' title='bbox 497 4143 526 4193; x_wconf 84' lang='lat'>14</span> <span class='ocrx_word' id='word_1_408' title='bbox 545 4142 700 4211; x_wconf 78' lang='grc' dir='ltr'>ἀνεννόητος</span> <span class='ocrx_word' id='word_1_409' title='bbox 719 4142 744 4208; x_wconf 90' lang='grc' dir='ltr'>(ν</span> <span class='ocrx_word' id='word_1_410' title='bbox 762 4146 822 4209; x_wconf 78' lang='lat' dir='ltr'>post</span> <span class='ocrx_word' id='word_1_411' title='bbox 840 4161 855 4193; x_wconf 88' lang='grc' dir='ltr'>οι</span> <span class='ocrx_word' id='word_1_412' title='bbox 874 4143 902 4194; x_wconf 89' lang='lat' dir='ltr'>in</span> <span class='ocrx_word' id='word_1_413' title='bbox 921 4158 972 4209; x_wconf 80' lang='lat' dir='ltr'>mg.</span> <span class='ocrx_word' id='word_1_414' title='bbox 991 4142 1039 4206; x_wconf 88' lang='lat' dir='ltr'>m¹)</span> <span class='ocrx_word' id='word_1_415' title='bbox 1060 4143 1093 4192; x_wconf 88' lang='lat' dir='ltr'>V:</span> <span class='ocrx_word' id='word_1_416' title='bbox 1113 4143 1218 4212; x_wconf 76' lang='grc' dir='ltr'>ἀνοητος</span> <span class='ocrx_word' id='word_1_417' title='bbox 1237 4142 1269 4193; x_wconf 83' lang='lat' dir='ltr'>G:</span> <span class='ocrx_word' id='word_1_418' title='bbox 1289 4141 1422 4212; x_wconf 84' lang='grc' dir='ltr'>ἀνενόητος</span> <span class='ocrx_word' id='word_1_419' title='bbox 1441 4160 1456 4194; x_wconf 80' lang='lat' dir='ltr'>a</span> 
     </span>
    </p>

    <p class='ocr_par' dir='ltr' id='par_1_4' title="bbox 201 4227 1562 5009">
     <span class='ocr_line' id='line_1_36' title="bbox 201 4227 1562 4301; baseline -0.004 -14"><span class='ocrx_word' id='word_1_420' title='bbox 201 4238 233 4287; x_wconf 76' lang='grc' dir='ltr'>τά</span> <span class='ocrx_word' id='word_1_421' title='bbox 251 4234 337 4286; x_wconf 78' lang='grc' dir='ltr'>δίκαιοι</span> <span class='ocrx_word' id='word_1_422' title='bbox 357 4231 394 4282; x_wconf 79' lang='lat' dir='ltr'>Ca</span> <span class='ocrx_word' id='word_1_423' title='bbox 503 4229 532 4281; x_wconf 86' lang='lat'>15</span> <span class='ocrx_word' id='word_1_424' title='bbox 551 4229 583 4281; x_wconf 73' lang='grc' dir='ltr'>τὰ</span> <span class='ocrx_word' id='word_1_425' title='bbox 601 4228 674 4280; x_wconf 80' lang='grc' dir='ltr'>ἄδικα</span> <span class='ocrx_word' id='word_1_426' title='bbox 693 4227 730 4280; x_wconf 81' lang='lat' dir='ltr'>Ga</span> <span class='ocrx_word' id='word_1_427' title='bbox 834 4231 865 4281; x_wconf 79' lang='lat' dir='ltr'>lii</span> <span class='ocrx_word' id='word_1_428' title='bbox 884 4230 1054 4301; x_wconf 79' lang='grc' dir='ltr'>πραιρττοικοί</span> <span class='ocrx_word' id='word_1_429' title='bbox 1071 4249 1086 4280; x_wconf 89' lang='grc' dir='ltr'>α</span> <span class='ocrx_word' id='word_1_430' title='bbox 1190 4230 1221 4280; x_wconf 88' lang='lat'>18</span> <span class='ocrx_word' id='word_1_431' title='bbox 1240 4228 1330 4287; x_wconf 73' lang='grc' dir='ltr'>αύτούς</span> <span class='ocrx_word' id='word_1_432' title='bbox 1348 4232 1452 4297; x_wconf 77' lang='lat' dir='ltr'>scripsi:</span> <span class='ocrx_word' id='word_1_433' title='bbox 1472 4230 1562 4288; x_wconf 70' lang='grc' dir='ltr'>αὐτούς</span> 
     </span>
     <span class='ocr_line' id='line_1_37' title="bbox 202 4315 1561 4386; baseline -0.003 -13"><span class='ocrx_word' id='word_1_434' title='bbox 202 4321 263 4374; x_wconf 63' lang='lat' dir='ltr'>VC:</span> <span class='ocrx_word' id='word_1_435' title='bbox 388 4316 500 4370; x_wconf 69' lang='lat'><strong>22—23</strong></span> <span class='ocrx_word' id='word_1_436' title='bbox 523 4316 539 4386; x_wconf 72' lang='grc' dir='ltr'><strong>ἦ</strong></span> <span class='ocrx_word' id='word_1_437' title='bbox 559 4334 585 4385; x_wconf 87' lang='grc' dir='ltr'>γε</span> <span class='ocrx_word' id='word_1_438' title='bbox 603 4315 838 4386; x_wconf 78' lang='grc' dir='ltr'>ὁδὸς-γνώριμος]</span> <span class='ocrx_word' id='word_1_439' title='bbox 864 4319 901 4380; x_wconf 75' lang='grc' dir='ltr'>,τί</span> <span class='ocrx_word' id='word_1_440' title='bbox 918 4320 1011 4383; x_wconf 81' lang='lat' dir='ltr'>quidem</span> <span class='ocrx_word' id='word_1_441' title='bbox 1030 4320 1069 4368; x_wconf 79' lang='grc' dir='ltr'>υῖο</span> <span class='ocrx_word' id='word_1_442' title='bbox 1089 4319 1123 4368; x_wconf 80' lang='lat' dir='ltr'>ad</span> <span class='ocrx_word' id='word_1_443' title='bbox 1140 4319 1196 4383; x_wconf 77' lang='grc' dir='ltr'>ι’ριιι</span> <span class='ocrx_word' id='word_1_444' title='bbox 1219 4320 1243 4368; x_wconf 84' lang='lat' dir='ltr'>in</span> <span class='ocrx_word' id='word_1_445' title='bbox 1262 4331 1343 4368; x_wconf 78' lang='lat' dir='ltr'><em>nostro</em></span> <span class='ocrx_word' id='word_1_446' title='bbox 1362 4319 1464 4368; x_wconf 80' lang='lat' dir='ltr'>arbitrio</span> <span class='ocrx_word' id='word_1_447' title='bbox 1483 4329 1561 4370; x_wconf 75' lang='lat' dir='ltr'><em>estet</em></span> 
     </span>
     <span class='ocr_line' id='line_1_38' title="bbox 201 4403 1561 4473; baseline -0.001 -14"><span class='ocrx_word' id='word_1_448' title='bbox 201 4413 274 4460; x_wconf 63' lang='lat' dir='ltr'>now</span> <span class='ocrx_word' id='word_1_449' title='bbox 296 4406 434 4459; x_wconf 83' lang='lat' dir='ltr'>Caninius.</span> <span class='ocrx_word' id='word_1_450' title='bbox 465 4407 526 4457; x_wconf 78' lang='lat' dir='ltr'><strong>anto</strong></span> <span class='ocrx_word' id='word_1_451' title='bbox 545 4403 592 4456; x_wconf 82' lang='grc' dir='ltr'>ούκ</span> <span class='ocrx_word' id='word_1_452' title='bbox 610 4404 733 4473; x_wconf 82' lang='grc' dir='ltr'>ἀγνοεῖται</span> <span class='ocrx_word' id='word_1_453' title='bbox 752 4404 826 4471; x_wconf 80' lang='lat' dir='ltr'>plura</span> <span class='ocrx_word' id='word_1_454' title='bbox 845 4406 1004 4458; x_wconf 80' lang='lat' dir='ltr'>exciderunt.</span> <span class='ocrx_word' id='word_1_455' title='bbox 1035 4422 1138 4458; x_wconf 87' lang='lat' dir='ltr'><strong>sensum</strong></span> <span class='ocrx_word' id='word_1_456' title='bbox 1163 4405 1271 4458; x_wconf 73' lang='lat' dir='ltr'>fortasse</span> <span class='ocrx_word' id='word_1_457' title='bbox 1294 4407 1357 4457; x_wconf 80' lang='lat' dir='ltr'><strong>haec</strong></span> <span class='ocrx_word' id='word_1_458' title='bbox 1376 4409 1561 4473; x_wconf 81' lang='lat' dir='ltr'>assequuntur:</span> 
     </span>
     <span class='ocr_line' id='line_1_39' title="bbox 202 4491 1562 4567; baseline -0.001 -22"><span class='ocrx_word' id='word_1_459' title='bbox 202 4495 394 4567; x_wconf 63' lang='grc' dir='ltr'>πεπηρωμένοις</span> <span class='ocrx_word' id='word_1_460' title='bbox 411 4494 546 4562; x_wconf 76' lang='grc' dir='ltr'>(ἀγνοεῖται</span> <span class='ocrx_word' id='word_1_461' title='bbox 559 4491 623 4562; x_wconf 69' lang='grc' dir='ltr'>μήτε</span> <span class='ocrx_word' id='word_1_462' title='bbox 635 4492 667 4544; x_wconf 75' lang='grc' dir='ltr'>τά</span> <span class='ocrx_word' id='word_1_463' title='bbox 679 4491 770 4564; x_wconf 75' lang='grc' dir='ltr'>αἰσχρὰ</span> <span class='ocrx_word' id='word_1_464' title='bbox 789 4491 929 4564; x_wconf 83' lang='grc' dir='ltr'>(ἀμφύτερα</span> <span class='ocrx_word' id='word_1_465' title='bbox 945 4493 1002 4564; x_wconf 78' lang='grc' dir='ltr'>γὰρ)</span> <span class='ocrx_word' id='word_1_466' title='bbox 1020 4492 1066 4545; x_wconf 84' lang='grc' dir='ltr'>ούκ</span> <span class='ocrx_word' id='word_1_467' title='bbox 1085 4493 1217 4561; x_wconf 78' lang='grc' dir='ltr'>ἀγνοεῖται,</span> <span class='ocrx_word' id='word_1_468' title='bbox 1236 4491 1265 4545; x_wconf 81' lang='grc' dir='ltr'>τί</span> <span class='ocrx_word' id='word_1_469' title='bbox 1280 4511 1307 4561; x_wconf 84' lang='grc' dir='ltr'>γε</span> <span class='ocrx_word' id='word_1_470' title='bbox 1322 4491 1405 4561; x_wconf 76' lang='grc' dir='ltr'>ύδύςη</span> <span class='ocrx_word' id='word_1_471' title='bbox 1424 4491 1469 4543; x_wconf 84' lang='grc' dir='ltr'>ἐπ’</span> <span class='ocrx_word' id='word_1_472' title='bbox 1485 4492 1562 4544; x_wconf 74' lang='grc' dir='ltr'>αὐτὰ</span> 
     </span>
     <span class='ocr_line' id='line_1_40' title="bbox 203 4577 1525 4654; baseline -0.005 -18"><span class='ocrx_word' id='word_1_473' title='bbox 203 4583 244 4654; x_wconf 72' lang='grc' dir='ltr'>ἐρ’</span> <span class='ocrx_word' id='word_1_474' title='bbox 265 4584 327 4653; x_wconf 70' lang='grc' dir='ltr'>ἡμῖν</span> <span class='ocrx_word' id='word_1_475' title='bbox 344 4599 373 4634; x_wconf 87' lang='grc' dir='ltr'>τι</span> <span class='ocrx_word' id='word_1_476' title='bbox 391 4582 435 4633; x_wconf 84' lang='grc' dir='ltr'>καὶ</span> <span class='ocrx_word' id='word_1_477' title='bbox 453 4578 589 4653; x_wconf 80' lang='grc' dir='ltr'>γνώριμος)</span> <span class='ocrx_word' id='word_1_478' title='bbox 678 4578 711 4631; x_wconf 73' lang='grc' dir='ltr'>θθ</span> <span class='ocrx_word' id='word_1_479' title='bbox 730 4577 788 4637; x_wconf 82' lang='grc' dir='ltr'>ύδὸς</span> <span class='ocrx_word' id='word_1_480' title='bbox 805 4580 870 4632; x_wconf 83' lang='grc' dir='ltr'>ἐστὶν</span> <span class='ocrx_word' id='word_1_481' title='bbox 888 4579 943 4649; x_wconf 75' lang='grc' dir='ltr'>ἠύ</span> <span class='ocrx_word' id='word_1_482' title='bbox 1032 4581 1065 4632; x_wconf 77' lang='lat'>‘23</span> <span class='ocrx_word' id='word_1_483' title='bbox 1084 4587 1184 4633; x_wconf 84' lang='grc' dir='ltr'>ποιοῖο</span> <span class='ocrx_word' id='word_1_484' title='bbox 1272 4579 1306 4630; x_wconf 71' lang='grc'>24</span> <span class='ocrx_word' id='word_1_485' title='bbox 1325 4577 1341 4649; x_wconf 70' lang='grc' dir='ltr'>η</span> <span class='ocrx_word' id='word_1_486' title='bbox 1360 4577 1418 4630; x_wconf 82' lang='grc' dir='ltr'>τάδε</span> <span class='ocrx_word' id='word_1_487' title='bbox 1437 4579 1525 4630; x_wconf 84' lang='lat' dir='ltr'>addidi</span> 
     </span>
     <span class='ocr_line' id='line_1_41' title="bbox 204 4666 1560 4740; baseline -0.003 -19"><span class='ocrx_word' id='word_1_488' title='bbox 204 4672 237 4724; x_wconf 72' lang='lat'>25</span> <span class='ocrx_word' id='word_1_489' title='bbox 264 4667 376 4738; x_wconf 81' lang='grc' dir='ltr'>ιδφοΐοιι]</span> <span class='ocrx_word' id='word_1_490' title='bbox 395 4686 421 4719; x_wconf 84' lang='grc' dir='ltr'>αι</span> <span class='ocrx_word' id='word_1_491' title='bbox 438 4668 467 4720; x_wconf 88' lang='lat' dir='ltr'>in</span> <span class='ocrx_word' id='word_1_492' title='bbox 486 4669 525 4719; x_wconf 89' lang='lat' dir='ltr'>lit.</span> <span class='ocrx_word' id='word_1_493' title='bbox 536 4668 558 4718; x_wconf 78' lang='lat' dir='ltr'>V</span> <span class='ocrx_word' id='word_1_494' title='bbox 675 4685 703 4720; x_wconf 82' lang='grc' dir='ltr'>τι</span> <span class='ocrx_word' id='word_1_495' title='bbox 721 4668 783 4740; x_wconf 84' lang='grc' dir='ltr'>πρός</span> <span class='ocrx_word' id='word_1_496' title='bbox 799 4686 854 4719; x_wconf 88' lang='grc' dir='ltr'>τινα</span> <span class='ocrx_word' id='word_1_497' title='bbox 873 4668 915 4719; x_wconf 82' lang='grc' dir='ltr'>καὶ</span> <span class='ocrx_word' id='word_1_498' title='bbox 935 4667 961 4732; x_wconf 83' lang='grc' dir='ltr'>(α</span> <span class='ocrx_word' id='word_1_499' title='bbox 980 4685 1058 4735; x_wconf 80' lang='lat' dir='ltr'><strong>supra</strong></span> <span class='ocrx_word' id='word_1_500' title='bbox 1076 4668 1121 4720; x_wconf 88' lang='lat' dir='ltr'>lin.</span> <span class='ocrx_word' id='word_1_501' title='bbox 1141 4669 1184 4719; x_wconf 82' lang='grc' dir='ltr'>καὶ</span> <span class='ocrx_word' id='word_1_502' title='bbox 1203 4683 1281 4735; x_wconf 82' lang='lat' dir='ltr'><strong>supra</strong></span> <span class='ocrx_word' id='word_1_503' title='bbox 1298 4667 1346 4718; x_wconf 89' lang='lat' dir='ltr'>lin.</span> <span class='ocrx_word' id='word_1_504' title='bbox 1365 4670 1391 4718; x_wconf 82' lang='lat' dir='ltr'>et</span> <span class='ocrx_word' id='word_1_505' title='bbox 1410 4666 1506 4732; x_wconf 84' lang='lat' dir='ltr'>iniit.)</span> <span class='ocrx_word' id='word_1_506' title='bbox 1527 4667 1560 4717; x_wconf 71' lang='lat' dir='ltr'>V:</span> 
     </span>
     <span class='ocr_line' id='line_1_42' title="bbox 203 4753 1561 4828; baseline -0.004 -18"><span class='ocrx_word' id='word_1_507' title='bbox 203 4778 231 4810; x_wconf 83' lang='grc' dir='ltr'>τι</span> <span class='ocrx_word' id='word_1_508' title='bbox 249 4759 293 4810; x_wconf 80' lang='grc' dir='ltr'>καὶ</span> <span class='ocrx_word' id='word_1_509' title='bbox 311 4776 330 4809; x_wconf 89' lang='grc' dir='ltr'>π</span> <span class='ocrx_word' id='word_1_510' title='bbox 350 4774 373 4813; x_wconf 72' lang='grc' dir='ltr'>ις</span> <span class='ocrx_word' id='word_1_511' title='bbox 390 4773 459 4813; x_wconf 80' lang='grc' dir='ltr'>τινας</span> <span class='ocrx_word' id='word_1_512' title='bbox 477 4757 509 4809; x_wconf 80' lang='lat'>0:</span> <span class='ocrx_word' id='word_1_513' title='bbox 528 4774 556 4808; x_wconf 80' lang='grc' dir='ltr'>τι</span> <span class='ocrx_word' id='word_1_514' title='bbox 575 4755 634 4828; x_wconf 90' lang='grc' dir='ltr'>πρός</span> <span class='ocrx_word' id='word_1_515' title='bbox 652 4774 720 4813; x_wconf 85' lang='grc' dir='ltr'>τινας</span> <span class='ocrx_word' id='word_1_516' title='bbox 737 4772 753 4806; x_wconf 86' lang='lat' dir='ltr'>a</span> <span class='ocrx_word' id='word_1_517' title='bbox 854 4753 951 4824; x_wconf 58' lang='lat' dir='ltr'>deputat]</span> <span class='ocrx_word' id='word_1_518' title='bbox 971 4754 1070 4825; x_wconf 82' lang='grc' dir='ltr'>εύφοίαι</span> <span class='ocrx_word' id='word_1_519' title='bbox 1088 4773 1103 4806; x_wconf 84' lang='lat' dir='ltr'>a</span> <span class='ocrx_word' id='word_1_520' title='bbox 1207 4754 1239 4805; x_wconf 75' lang='lat' dir='ltr'>‘2ss</span> <span class='ocrx_word' id='word_1_521' title='bbox 1258 4753 1378 4825; x_wconf 84' lang='grc' dir='ltr'>τηρῶσιν]</span> <span class='ocrx_word' id='word_1_522' title='bbox 1399 4753 1506 4806; x_wconf 78' lang='lat' dir='ltr'><strong>fortasse</strong></span> <span class='ocrx_word' id='word_1_523' title='bbox 1526 4754 1561 4824; x_wconf 76' lang='grc' dir='ltr'>μὴ</span> 
     </span>
     <span class='ocr_line' id='line_1_43' title="bbox 206 4841 1561 4917; baseline -0.001 -20"><span class='ocrx_word' id='word_1_524' title='bbox 206 4853 317 4917; x_wconf 78' lang='grc' dir='ltr'>τηρῶσιν</span> <span class='ocrx_word' id='word_1_525' title='bbox 335 4844 367 4895; x_wconf 72' lang='grc' dir='ltr'>τί.</span> <span class='ocrx_word' id='word_1_526' title='bbox 385 4851 436 4901; x_wconf 86' lang='grc' dir='ltr'>τοῖς</span> <span class='ocrx_word' id='word_1_527' title='bbox 455 4842 611 4913; x_wconf 77' lang='grc' dir='ltr'>κατὰφύσιν</span> <span class='ocrx_word' id='word_1_528' title='bbox 630 4844 728 4913; x_wconf 74' lang='grc' dir='ltr'>ἔχουσιν</span> <span class='ocrx_word' id='word_1_529' title='bbox 747 4841 783 4895; x_wconf 76' lang='grc' dir='ltr'>ἔτι</span> <span class='ocrx_word' id='word_1_530' title='bbox 801 4844 843 4894; x_wconf 81' lang='grc' dir='ltr'>καὶ</span> <span class='ocrx_word' id='word_1_531' title='bbox 863 4841 968 4911; x_wconf 81' lang='grc' dir='ltr'>μηδέπω</span> <span class='ocrx_word' id='word_1_532' title='bbox 987 4841 1026 4894; x_wconf 74' lang='grc' dir='ltr'>διὰ</span> <span class='ocrx_word' id='word_1_533' title='bbox 1045 4842 1136 4894; x_wconf 83' lang='grc' dir='ltr'>κακίαν</span> <span class='ocrx_word' id='word_1_534' title='bbox 1155 4843 1345 4914; x_wconf 75' lang='grc' dir='ltr'>πεπηρωμένοις</span> <span class='ocrx_word' id='word_1_535' title='bbox 1424 4842 1457 4895; x_wconf 77' lang='lat'>&#39;28</span> <span class='ocrx_word' id='word_1_536' title='bbox 1475 4843 1561 4915; x_wconf 74' lang='grc' dir='ltr'>ἀστρο-</span> 
     </span>
     <span class='ocr_line' id='line_1_44' title="bbox 208 4929 882 5009; baseline -0.007 -21"><span class='ocrx_word' id='word_1_537' title='bbox 208 4937 290 5009; x_wconf 52' lang='lat' dir='ltr'>qipa:</span> <span class='ocrx_word' id='word_1_538' title='bbox 309 4935 345 4987; x_wconf 66' lang='grc' dir='ltr'>(ὀ</span> <span class='ocrx_word' id='word_1_539' title='bbox 451 4931 484 4984; x_wconf 71' lang='grc' dir='ltr'>θθ</span> <span class='ocrx_word' id='word_1_540' title='bbox 504 4929 581 4986; x_wconf 71' lang='grc' dir='ltr'>αὑτοῦ</span> <span class='ocrx_word' id='word_1_541' title='bbox 600 4932 708 5001; x_wconf 75' lang='lat' dir='ltr'>scripsi:</span> <span class='ocrx_word' id='word_1_542' title='bbox 726 4930 803 4984; x_wconf 79' lang='grc' dir='ltr'>αἰτοῦ</span> <span class='ocrx_word' id='word_1_543' title='bbox 822 4930 882 4985; x_wconf 66' lang='lat' dir='ltr'>vva</span> 
     </span>
    </p>
   </div>
   <div class='ocr_carea' id='block_1_4' title="bbox 0 0 1777 5610">
    <p class='ocr_par' dir='ltr' id='par_1_5' title="bbox 0 0 1777 5610">
     <span class='ocr_line' id='line_1_45' title="bbox 0 0 1777 5610; baseline 0 0"><span class='ocrx_word' id='word_1_544' title='bbox 0 0 1777 5610; x_wconf 95' lang='lat' dir='ltr'> </span> 
     </span>
    </p>
   </div>
  </div>
 </body>
</html>
