3540 5610
207 293 266 356 192
644 291 871 350 ΑΛΕΞΑΝΔΡΟΥ
889 292 1114 349 mmmmm

257 465 394 548 διοίκησιν
416 463 505 527 ἀιδιον
528 464 601 528 κατὰ
623 464 722 548 είρμόν
745 489 805 528 τινα
838 468 885 529 καὶ
907 467 983 536 τάξιν
1006 471 1174 552 προιούσαν,
1207 471 1266 530 τῶν
1288 469 1414 551 πρώτων
1436 469 1496 535 τοῖς

258 566 329 648 μετά
350 571 440 630 ταῦτα
461 566 619 650 γινομένοις
640 567 738 630 αἰτίων
760 568 916 652 γινομένων
937 571 986 632 καί
1008 570 1101 653 τούτῳ
1124 573 1168 653 τιγῖ
1188 568 1287 654 τρόπῳ
1303 567 1502 650 συνδεομένων

258 670 393 751 ἀλλήλοις
416 670 560 744 ἁπάντων,
583 671 631 733 καί
655 671 728 753 μήτε
749 671 841 739 οὕτως
862 673 937 741 τινὸς
959 670 989 733 ἐν
1010 671 1091 755 αὐτῷ
1113 670 1274 752 γινομένου,
1305 674 1346 740 ὡς
1369 672 1410 754 μὴ
1433 672 1502 732 πάν·

256 794 313 839 τως
334 771 543 834 ἐπακολουθεῖν
565 771 645 856 αύτῷ
673 773 720 834 καί
748 773 894 857 συνῆφθαι
922 777 962 842 ύνς
988 774 1071 857 αἰτίῳ
1094 772 1191 858 ἕτερόν
1215 797 1251 850 τι,
1286 773 1353 857 μήτ’
1380 772 1418 837 αὖ
1442 776 1501 835 τῶν
1516 789 1544 831 ει

223 894 237 941 5
257 872 464 955 ἐπιγινομένων
487 873 561 942 τινὸς
584 875 781 937 ἀπολελύσθαι
803 876 962 958 δυναμένου
984 880 1042 938 τῶν
1065 876 1289 960 προγεγονότων,
1321 879 1362 944 ὡς
1384 877 1425 960 μή
1449 898 1504 937 τινι

258 976 287 1046 ἐξ
317 976 414 1040 αὐτῶν
447 975 619 1038 ἀκολουθεῖν
653 978 752 1060 ὥσπερ
786 976 988 1061 συνδεόμενον,
1021 978 1097 1042 ἀλλά
1124 979 1211 1042 παντί
1233 1002 1265 1042 τε
1287 984 1330 1064 τῷ
1355 977 1504 1062 γενομένῳ

256 1079 354 1163 έτερόν
375 1102 401 1141 τι
423 1077 643 1153 ἐπακολουθεῖν,
666 1079 826 1163 ἠρτημένον
848 1079 904 1163 (ἐξ)
926 1080 1014 1143 αὐτοῦ
1049 1080 1079 1149 ἐξ
1102 1081 1228 1165 ἀνάγκης
1250 1085 1291 1150 ὡς
1313 1080 1416 1155 αἰτίου,
1449 1080 1498 1142 καί
1512 1095 1540 1137 ει

257 1186 313 1244 πᾶν
343 1183 376 1245 τὸ
401 1183 548 1263 γινόμενον
575 1178 654 1266 ἔχειν
680 1204 708 1244 τι
733 1182 789 1265 πρὸ
816 1183 917 1259 αὑτοῦ,
950 1179 975 1267 ᾧ
1002 1187 1043 1251 ὡς
1069 1184 1152 1268 αἰτίῳ
1181 1185 1365 1268 συνήρτηται.
1411 1183 1502 1265 μηδὲν

256 1283 309 1366 γάρ
342 1284 476 1354 ἀναιτίως
498 1285 573 1367 μήτε
594 1283 667 1346 είναι
701 1284 775 1366 μήτε
797 1284 926 1366 γίνεσθαι
954 1291 1011 1348 τῶν
1034 1286 1128 1369 ἐντῷ
1152 1288 1255 1372 κόσμῳ
1286 1287 1388 1349 διὰτὸ
1411 1286 1503 1368 μηδὲν

208 1406 238 1453 10
257 1386 328 1448 εἰναι
350 1391 407 1448 τῶν
430 1387 460 1448 έν
483 1387 563 1470 αύτῷ
588 1386 801 1467 ἀπολελυμένον
834 1409 865 1449 τε
888 1388 935 1449 καί
958 1387 1174 1473 κεχωρισμένον
1207 1392 1265 1451 τῶν
1288 1386 1503 1472 προγεγονότων

256 1492 400 1553 ἁπάντων.
445 1491 623 1554 διασπᾶσθαι
644 1489 698 1574 γὰρ
721 1490 768 1552 καί
790 1490 963 1573 διαιρεῖσθαι
984 1492 1032 1552 καί
1060 1488 1162 1574 μηκέτι
1184 1492 1233 1554 τόν
1255 1488 1366 1573 κόσμον
1389 1490 1440 1553 ένα
1455 1488 1544 1572 μέν)

257 1617 313 1655 νειν
335 1594 402 1667 αἰεί,
424 1595 497 1656 κατὰ
521 1594 586 1675 μίαν
608 1592 685 1661 τάξιν
706 1616 737 1654 τε
759 1593 807 1654 καί
831 1592 995 1674 οἰκονομίαν
1018 1594 1224 1675 διοικούμενον,
1257 1594 1283 1656 εἰ
1313 1593 1439 1660 ἀναίτιός
1461 1616 1504 1661 τις

258 1697 400 1778 εἰσάγοιτο
433 1696 555 1778 κίνησις·
590 1697 626 1778 ἢν
658 1693 836 1776 εἰσάγεσθαι,
870 1695 896 1756 εἰ
919 1695 959 1777 μὴ
983 1696 1075 1757 πάντα
1097 1695 1134 1757 τὰ
1156 1694 1223 1760 ὄντα
1246 1719 1278 1758 τε
1300 1697 1348 1758 καὶ
1370 1694 1504 1777 γινόμενα

257 1798 322 1883 ἔχοι
355 1799 417 1861 τινὰ
450 1797 526 1861 αἴτια
558 1796 761 1882 προγεγονότα,
786 1792 790 1881 ί
815 1798 858 1864 οἷς
880 1797 911 1866 ἐξ
943 1798 1069 1880 ἀνάγκης
1102 1796 1215 1861 ἕπεται·
1250 1797 1351 1880 όμοιόν
1377 1821 1408 1860 τε
1435 1796 1510 1860 εἰναί
1526 1805 1558 1859 72

207 1922 238 1970 15
257 1922 344 1986 φασιν
365 1903 414 1965 καί
436 1903 546 1983 ὁμοίως
568 1901 707 1963 ἀδύνατον
729 1901 762 1963 τό
786 1899 919 1967 ἀναιτίως
940 1904 982 1983 τῷ
1006 1901 1138 1982 γίνεσθαί
1157 1924 1183 1964 τι
1205 1901 1239 1964 έκ
1262 1903 1302 1985 μὴ
1325 1898 1415 1968 ὄντος.
1449 1923 1505 1963 τοι·

257 2005 346 2086 αύτην
368 2004 401 2067 δὲ
424 2002 512 2066 οὖσαν
533 2003 586 2086 τὴν
608 2007 659 2064 τού
681 2003 787 2070 παντός
809 2003 948 2085 διοίκησιν
971 2001 1000 2070 έέ
1023 2003 1143 2085 ἀπείρου
1165 2004 1207 2072 εἰς
1228 2002 1348 2088 ἄπειρον
1374 2002 1505 2087 ἐναργῶς

257 2130 287 2170 τε
310 2108 357 2170 καί
380 2106 606 2189 ἀκαταστρύφως
627 2104 763 2187 γίνεσθαι.
808 2102 898 2187 οὔσης
920 2105 952 2167 δέ
974 2127 1049 2171 τινος
1081 2108 1222 2190 διαφορᾶς
1248 2106 1279 2169 έν
1308 2110 1369 2175 τοῖς
1390 2107 1501 2185 αἰτίοις,
1530 2123 1544 2166 ι

257 2210 292 2293 ἣν
315 2208 475 2277 ἐκτιθέντες
505 2210 632 2291 (σμῆνος
652 2209 707 2290 γάρ
733 2207 833 2269 αἰτίων
862 2208 1074 2290 καταλέγουσιν,
1109 2207 1144 2270 τὰ
1175 2209 1226 2289 μέν
1259 2212 1504 2293 προκαταρκτικά,

257 2313 293 2376 τὰ
316 2314 349 2375 δέ
371 2312 508 2385 συναίτια,
530 2310 565 2372 τά
588 2311 621 2373 δὲ
643 2311 751 2384 έκτικά,
775 2310 810 2372 τά
833 2311 865 2372 δέ
886 2313 1046 2384 συνεκτικά,
1073 2311 1109 2373 τά
1132 2311 1165 2373 δὲ
1186 2310 1257 2374 ἄλλο
1280 2334 1320 2373 τι·
1343 2310 1505 2395 οὐδὲνγὰρ

203 2436 237 2482 20
256 2420 302 2480 δεῖ
321 2418 370 2477 τόν
392 2414 477 2496 λόγον
501 2413 635 2496 μηκύνειν
658 2413 808 2476 πάντατὰ
834 2411 975 2494 λεγόμενα
1003 2411 1218 2496 παρατιθέμενα
1244 2414 1277 2476 τδ
1300 2413 1434 2498 βούλημα
1456 2414 1506 2477 αύ
1520 2433 1548 2474 ιο

256 2524 314 2582 τῶν
330 2517 418 2586 δεῖξαι
433 2521 483 2580 τοῦ
506 2517 572 2599 περί
593 2521 645 2598 τῆς
666 2515 842 2599 εἱμαρμένης
865 2513 1031 2596 δόγματος),
1055 2513 1146 2577 ὄντων
1168 2516 1204 2598 δὴ
1229 2515 1370 2578 πλειόνων
1390 2517 1502 2591 αἰτίων,

257 2622 303 2685 ἐπ’
332 2620 396 2704 ίσης
418 2620 465 2681 έπί
488 2621 603 2680 πάντων
625 2617 720 2680 αὐτῶν
756 2616 867 2700 ἀληθές
889 2638 975 2701 φασιν
1007 2615 1079 2679 εἶναι
1107 2619 1140 2679 τδ
1167 2619 1306 2681 ἀδύνατον
1329 2618 1411 2692 εἰναι,
1446 2624 1506 2681 τῶν

257 2725 351 2788 αὐτῶν
374 2723 508 2786 ἁπάντων
530 2725 761 2804 περιεστηκότων
782 2721 850 2803 περί
868 2742 900 2782 τε
921 2720 954 2783 τό
977 2718 1068 2782 αἴτιον
1091 2721 1139 2783 καί
1161 2717 1187 2807 ιβ
1212 2720 1288 2784 ἐστιν
1315 2720 1417 2797 αίτιον,
1452 2722 1503 2784 ότὲ

256 2828 367 2911 μὲνδὴ
401 2827 441 2909 μὴ
465 2823 573 2886 οὑτωσί
593 2847 656 2892 πως
681 2823 856 2906 συμβαίνειν,
890 2823 939 2884 ότὲ
966 2824 999 2885 δὲ
1027 2823 1128 2893 οὕτως.
1173 2823 1291 2887 ἔσεσθαι
1313 2827 1378 2907 γάρ,
1410 2825 1436 2887 εἰ
1458 2824 1505 2887 ού·
1519 2842 1546 2884 ιε

204 2952 236 3000 25
256 2954 312 2998 τως
333 2929 447 3011 γίνοιτο,
470 2927 594 2989 ἀναίτιόν
616 2948 680 2988 τινα
703 2927 821 3010 κίνησιν.
865 2928 917 3010 την
940 2926 972 2988 δὲ
993 2926 1171 3010 εἱμαρμένην
1193 2927 1283 3011 αὐτὴν
1305 2929 1354 2989 καί
1376 2929 1429 3010 τὴν
1452 2928 1504 3012 φό·

258 3057 300 3098 σιν
323 3032 371 3095 καί
393 3032 441 3093 τὸν
463 3030 558 3111 λόγον,
580 3027 648 3090 καθ’
677 3027 709 3089 ὃν
731 3030 880 3091 διοικεῖται
902 3030 934 3090 τό
957 3032 1023 3103 πᾶν,
1047 3029 1117 3091 θεὸν
1139 3028 1212 3093 εἶναί
1233 3051 1330 3115 φασιν,
1359 3028 1448 3092 οόσαν
1473 3030 1503 3091 ἐν

257 3141 316 3204 τοῖς
338 3133 418 3197 οὗσίν
440 3155 471 3194 τε
494 3133 541 3193 καί
563 3131 722 3213 γινομένοις
756 3131 861 3193 ἀπασιν
894 3133 942 3193 καί
973 3132 1065 3199 οὕτως
1098 3131 1253 3215 χρωμένην
1283 3133 1419 3194 ἀπάντων
1447 3135 1507 3194 τῶν

257 3238 347 3302 όντων
370 3241 407 3320 τῇ
432 3236 522 3318 οἰκείᾳ
544 3234 629 3317 φύσει
650 3234 722 3316 πρός
743 3233 795 3316 τὴν
818 3237 869 3294 τοῦ
891 3234 995 3301 παντὸς
1011 3234 1186 3317 οἰκονομίαν.
1236 3236 1284 3297 καὶ
1309 3234 1428 3318 τοιαύτη
1453 3235 1506 3316 μέν

202 3479 421 3548 θσυνδεδεμένων
440 3478 468 3529 εἰ
572 3474 729 3527 3ἁπάντων
747 3473 864 3544 ἀλληλοις
883 3473 922 3526 ³¹²
1027 3475 1161 3545 γενομένου
1179 3475 1278 3529 Gercke
1384 3474 1560 3528 όίπακολου-

201 3568 254 3622 θεῖν
272 3568 397 3621 Lond‚0
503 3564 578 3617 παντί
596 3562 671 3615 B’O:
691 3564 771 3631 πάντη
791 3563 855 3613 Va¹²
961 3562 1020 3623 ῖέξ
1040 3564 1142 3616 add.0
1248 3563 1387 3634 8πρδ]ἰξ
1408 3567 1430 3616 Η
1450 3565 1489 3628 (in
1509 3579 1558 3632 mg.

202 3675 260 3744 πρό)
385 3673 417 3723 10
434 3687 472 3738 pr.
491 3675 543 3721 τῶν
561 3671 652 3720 om.0
778 3667 810 3719 13
837 3667 858 3719 εἰ
877 3683 934 3719 s.v.
954 3667 989 3718 V¹
1110 3668 1141 3719 14
1169 3668 1221 3740 έχει
1239 3665 1279 3719 ιιη
1404 3669 1436 3722 15
1454 3656 1502 3722 τίοι
1521 3670 1559 3722 sic

203 3778 227 3814 ν.
240 3779 262 3814 c.
274 3779 294 3812 s.
307 3779 331 3812 v.
345 3765 377 3812 V:
397 3775 447 3811 om.
466 3761 513 3810 ΕΗ
625 3754 655 3806 16
675 3755 780 3824 ἐνεργῶς
800 3755 897 3808 Usener
1005 3754 1035 3806 17
1055 3770 1133 3822 supra
1151 3754 1361 3824 ἀκαταστρόφωςε
1382 3757 1445 3823 μετὰ
1463 3754 1499 3808 13²

206 3850 236 3901 18
262 3846 403 3900 ἐκτίθενται
422 3849 532 3914 Ηγρ.Ε
638 3846 771 3911 σμηνοςΕ
796 3842 853 3894 Cas,
873 3845 904 3894 0:
928 3841 1006 3912 μηνός
1025 3841 1090 3894 Va¹’
1195 3843 1282 3895 αἰτίων
1301 3846 1323 3893 Ε
1343 3843 1403 3895 (λου.
1422 3846 1455 3896 0:
1481 3843 1559 3895 αἰτιον

203 3937 267 3988 Va¹²
385 3930 620 4002 σμῆνος-αἰτίων]
646 3929 736 4000 [μηδέν
754 3929 875 3994 ἀναίτιον]
899 3931 937 3982 sic
955 3929 1037 3982 Lond.
1159 3929 1189 3981 19
1218 3931 1307 3982 έκτιιιά
1330 3933 1353 3981 Κ
1378 3929 1436 3982 Cas.
1461 3930 1558 3982 Lond.:

201 4025 294 4075 ἀκτιεαί
312 4026 344 4073 V:
372 4021 480 4091 ἀρκτικά
499 4023 536 4071 Ει
564 4019 653 4070 έκτικά
670 4018 710 4069 8¹²
815 4017 850 4069 20
873 4017 908 4073 εἰς
926 4019 1008 4069 πάντα
1026 4017 1108 4070 Lond.
1128 4021 1160 4071 O:
1188 4017 1205 4088 ἢ
1229 4016 1360 4085 σύμπαντα
1378 4017 1491 4071 Usener:
1519 4017 1559 4069 διὰ

201 4112 250 4175 (νεί
269 4111 313 4173 εἰς)
341 4109 370 4160 τό
389 4111 469 4160 πάντα
488 4107 587 4160 Gereke
705 4104 889 4175 παρατιθέμενα
914 4107 978 4156 Va¹:
1007 4103 1218 4175 παρατιθεμένους
1239 4109 1314 4157 ΗΚΕ
1339 4104 1396 4157 Cas.
1418 4104 1502 4157 Lond.
1527 4107 1559 4157 0:

202 4195 414 4270 παρατιθέμενους
433 4194 472 4246 8²:
492 4191 670 4264 παρατιθέντας
689 4195 717 4245 in
735 4194 774 4245 lit.
793 4196 814 4245 B
833 4197 863 4257 (s.
878 4209 900 4244 ν.
916 4191 1081 4261 βουλομένους
1100 4192 1155 4257 B¹):
1175 4191 1372 4263 παρατιθέμενον
1391 4193 1490 4245 Gercke

202 4287 231 4337 21
259 4285 284 4336 δέ
304 4288 339 4338 0:
364 4279 389 4335 δ’
413 4283 503 4354 ἤδηΕ
646 4282 687 4333 23.
708 4280 742 4332 24
770 4280 811 4332 ότέ
830 4285 875 4346 μέν
895 4279 924 4348 δὴ
945 4281 981 4349 μὴ
1003 4281 1097 4333 οὖτωσί
1118 4299 1174 4338 πως
1192 4281 1334 4350 συμβαίνειν
1353 4280 1495 4334 Usenems:
1518 4277 1559 4332 ότί

202 4372 227 4425 δε
251 4374 286 4442 μη
310 4372 325 4442 ὴ
345 4372 386 4424 ότε
407 4371 410 4440 ἰ
432 4369 457 4422 δε
481 4389 516 4438 μη
540 4368 621 4425 οὕτως
644 4368 721 4424 εἰπως
745 4367 873 4436 συμβαίνει
897 4369 945 4432 (sic
964 4384 1017 4419 acc.
1036 4376 1062 4419 et
1084 4370 1146 4435 spir.
1164 4384 1244 4435 supra
1261 4387 1292 4438 η,
1317 4385 1372 4432 οτι,
1395 4384 1478 4424 ουτως
1499 4367 1560 4430 (ἰοί.)

204 4465 234 4511 V:
259 4459 300 4512 ότε
319 4459 345 4510 δέ
365 4460 399 4529 μὴ
423 4458 547 4527 ηοτεδεμη
572 4455 654 4512 οὕτως
677 4473 731 4511 πως
754 4455 882 4524 συμβαίνει
900 4457 945 4506 13¹:
974 4453 1016 4506 ότὲ
1040 4457 1085 4522 μέν
1111 4455 1151 4507 ότί
1177 4455 1203 4507 δέ
1227 4456 1271 4525 μη,
1296 4453 1378 4513 οὕτως
1403 4455 1482 4511 εῖπως
1499 4469 1560 4522 συμ-

203 4549 280 4617 βαίνει
299 4552 336 4598 H:
360 4546 402 4598 δτέ
426 4551 471 4613 μὲν
494 4545 536 4597 ότέ
558 4544 584 4596 δέ
608 4545 642 4613 μὴ
667 4541 748 4601 οὕτως
773 4561 827 4599 πως
850 4541 992 4610 συμβαίνειν
1010 4546 1046 4593 E:
1076 4541 1117 4594 ότε
1141 4547 1186 4610 μέν
1212 4543 1254 4594 καί
1277 4539 1358 4611 ᾤόττ
1381 4541 1408 4593 δέ
1431 4541 1467 4610 μὴ
1491 4539 1559 4593 οὕτω

202 4633 344 4703 συμβαίνειν
358 4637 393 4684 K:
413 4633 454 4684 ότε
475 4638 520 4699 μέν
539 4631 633 4683 οὑτωσί
650 4649 703 4687 πως
722 4630 863 4698 συμβαίνειν
876 4630 926 4682 13²:
946 4630 987 4681 ότὲ
1007 4631 1052 4696 μέν
1065 4628 1091 4681 δὲ
1111 4630 1146 4698 μη
1166 4628 1247 4687 οὕτως
1265 4629 1408 4698 συμβαίνειν
1421 4629 1447 4678 εἰ
1463 4628 1559 4680 Lond.=

203 4723 243 4774 ότε
257 4722 301 4790 μέν
315 4720 356 4773 ότέ
375 4721 401 4773 δέ
414 4720 450 4789 μὴ
469 4718 537 4771 οὕτω
550 4718 692 4787 συμβαίνειν
706 4718 740 4769 ⁸²:
760 4717 802 4769 δτε
822 4723 866 4784 μέν
880 4718 915 4786 μὴ
935 4715 1002 4768 οὕτω
1016 4717 1159 4786 συμβαίνειν
1170 4716 1239 4769 Casa
1258 4717 1300 4769 ότέ
1318 4723 1364 4786 μὲν
1385 4715 1416 4784 δὴ
1436 4717 1471 4785 μὴ
1491 4713 1559 4767 οὕτω

202 4808 345 4878 συμβαίνειν
367 4811 390 4861 O
533 4807 566 4858 ‘24
594 4804 675 4863 ούτως
698 4804 732 4868 (εἰ
754 4823 809 4863 πως
832 4803 980 4873 συμβαίνει).
1007 4802 1106 4857 ἰσεσθαι
1129 4808 1152 4857 0
1286 4805 1319 4856 27
1347 4803 1484 4876 χρωμένην
1507 4802 1558 4853 ⁸¹²:

202 4897 337 4968 ινννίνον
355 4900 380 4948 V
