3540 5610
689 333 833 392 ΒΙΒΛΙΟΝ
852 333 1032 392 ΔΕΥΤΕΡίλΝ
1052 336 1076 398 3,
1092 337 1140 389 1.2
1547 339 1590 402 49

291 529 347 569 των
369 509 419 571 καὶ
440 510 492 592 τὴν
515 510 597 573 θείαν
621 510 750 592 δύναμιν,
772 510 808 595 ἧς
831 512 1101 595 μεταλαμβάνουσιν
1123 511 1197 573 κατὰ
1221 513 1272 595 τὴν
1294 511 1456 593 γειτνίασιν.
1475 507 1530 572 .δι’
1551 524 1577 565 ¹⁰

289 609 322 692 ἣν
348 610 468 694 δύναμιν
495 612 592 677 οὐκέτι
619 617 710 676 ταῦτα
736 611 827 696 μόνης
853 618 905 696 τῆς
927 614 999 675 κατὰ
1028 615 1080 696 τὴν
1109 614 1200 698 ῥοπὴν
1224 614 1365 696 κινήσεως
1387 615 1482 699 ἀρχὴν
1506 613 1535 675 ἐν

286 714 384 783 αὑτοῖς
399 712 473 801 ἔχει,
496 716 572 778 ἀλλά
592 738 655 778 τινα
676 716 726 778 καὶ
748 717 874 801 ψυχικὴν
895 716 1072 801 προσειληρε
1094 718 1146 800 τὴν
1163 719 1257 802 ἀρχὴν
1281 719 1328 780 καὶ
1350 718 1403 801 τὴν
1425 715 1535 799 γένεσιν

287 814 412 902 ἔχωσαν
439 819 497 882 ἀπὸ
528 824 580 902 τῆς
609 818 690 887 θείας
717 819 878 901 δυνάμεως.
928 820 990 903 ἣτις
1017 820 1101 904 φύσις
1130 844 1161 882 τε
1190 821 1237 882 καὶ
1268 822 1350 905 ψυχὴ
1382 821 1455 882 κατὰ
1483 820 1577 901 τὴνιυ

259 919 434 1004 υποσότητα
454 924 513 982 τῶν
535 921 636 983 ἁπλῶν
664 922 823 1001 σωμάτων,
850 919 880 989 ἐξ
902 923 943 984 ῶν
967 922 1027 985 ἐστι
1050 924 1082 985 τὸ
1105 921 1175 1008 ἔχον
1201 922 1291 1006 αὐτὴν
1315 929 1402 1006 σῶμα
1423 922 1480 1004 (ῶν
1503 923 1535 984 τὸ

287 1022 337 1105 μίν
361 1023 409 1085 ἐπὶ
429 1022 516 1086 πλέον
540 1021 599 1108 [ὃν]
623 1029 757 1087 κοινωνεῖ
775 1028 827 1106 τῆς
846 1025 929 1092 θείας
950 1025 1102 1106 δυνάμεως
1123 1029 1165 1110 τῷ
1183 1025 1325 1109 ἐγγυτέρω
1348 1049 1379 1088 τε
1394 1025 1467 1088 εἶναι
1488 1029 1531 1108 τῷ

286 1125 359 1209 θείην
382 1128 496 1208 σώματι
518 1128 567 1190 καὶ
589 1126 662 1190 εἶναι
683 1126 858 1210 λεπτομερές
879 1150 911 1189 τε
932 1128 981 1189 καὶ
1003 1128 1218 1211 καθαρώτερον,
1241 1130 1273 1190 τὸ
1297 1126 1322 1190 δ’
1348 1126 1395 1190 ἐπ’
1416 1127 1534 1190 ἔλαττον
1548 1144 1576 1185 νυ

285 1229 331 1291 θιὰ
352 1229 432 1292 τετὸ
452 1228 608 1313 ἀπόστημα
630 1231 663 1292 τό
679 1233 778 1293 πλεῖον
800 1231 848 1293 καὶ
870 1229 918 1293 διὰ
941 1232 992 1313 τὴν
1014 1236 1066 1314 τῆς
1086 1234 1254 1299 συστάσεως
1275 1231 1454 1317 παχύτητα),
1478 1232 1534 1293 διά-

285 1353 374 1413 φορον
396 1332 446 1395 καὶ
472 1332 546 1416 αὐτὴ
573 1334 688 1415 γίνεται.
735 1332 790 1396 ὅσα
812 1334 864 1416 μὲν
890 1333 946 1417 γὰρ
972 1337 1031 1396 τῶν
1058 1336 1206 1397 συνθέτων
1234 1336 1379 1417 σωμάτων
1402 1335 1434 1396 τὸ
1458 1337 1534 1395 πλεῖ-

244 1454 269 1501 10
285 1455 350 1498 στυν
372 1440 427 1519 γῆς
449 1433 523 1521 ἔχει,
544 1435 568 1519 γι
590 1436 694 1500 ταύτόν
721 1441 774 1519 γῆς
797 1459 872 1505 τινος
893 1440 1026 1499 κοινωνεῖ
1046 1443 1175 1521 ψυχικῆς
1196 1441 1345 1520 δυνάμεως
1366 1441 1409 1521 τῷ
1433 1436 1480 1500 καὶ
1503 1437 1535 1498 τό

285 1539 335 1622 τὴν
358 1538 495 1621 πλείστην
524 1543 626 1624 μοῖραν
653 1545 706 1623 τῆς
732 1539 830 1608 οὐσίας
858 1538 954 1602 αὐτῶν
982 1544 1069 1620 σῶμα
1094 1539 1096 1623 i
1122 1538 1239 1603 ἔλαττον
1266 1546 1318 1624 τῆς
1341 1541 1422 1608 θείας
1452 1563 1534 1622 μετα·
1547 1554 1575 1595 2⁵

284 1642 424 1725 λαμβάνει
450 1642 612 1725 δυνάμεως·
645 1641 701 1705 ὅσα
727 1642 760 1704 δὲ
781 1644 880 1703 πλεῖον
907 1641 937 1704 ἐν
959 1643 1057 1711 αὐτοῖς
1084 1641 1148 1729 ἔχει
1175 1649 1227 1726 τῆς
1254 1645 1405 1727 πυρώδους
1431 1666 1463 1706 τε
1484 1645 1532 1705 καὶ
1557 1650 1585 1705 sl

284 1747 396 1829 θερμῆς
412 1744 520 1819 οὐσίας,
542 1744 621 1808 ταῦτ’
644 1741 724 1808 ἔσται
746 1750 844 1828 ψυχῆς
866 1745 1041 1829 τελειοτέρας
1058 1748 1315 1831 μεταλαμβάνοντα
1337 1750 1379 1830 τῷ
1401 1746 1435 1807 τό
1451 1749 1532 1808 πλεο-

284 1848 367 1919 νὰζον
384 1853 471 1930 σῶμα
493 1849 523 1910 ἐν
542 1847 640 1917 αὐτοῖς
662 1847 709 1910 ἐπὶ
730 1847 817 1910 πλέον
839 1852 892 1930 τῆς
914 1849 994 1916 θείας
1011 1851 1238 1934 μεταλαμβάνειν
1261 1851 1420 1931 δυνάμεως.
1456 1849 1532 1911 ούτω
1559 1865 1573 1906 ο

244 1969 268 2016 15
284 1948 308 2013 θ’
335 1949 370 2012 ἁν
397 1949 444 2034 εἴη
474 1950 593 2035 δευτέρα
619 1951 717 2035 φύσις,
749 1951 784 2030 ἣν
811 1951 968 2034 εἰρήκαμεν
994 1951 1076 2013 θείαν
1103 1952 1222 2033 δύναμιν
1249 1952 1321 2015 εἶναι
1348 1952 1531 2034 ἐγγινομένην

284 2058 341 2122 τοῖς
362 2055 420 2116 ύπό
442 2056 567 2138 σελήνην
591 2056 706 2135 σώμασι
734 2053 781 2116 διὰ
809 2054 862 2136 τὴν
883 2053 954 2137 πρὸς
982 2055 1094 2138 ἐκείνην
1119 2055 1285 2136 γειτνίασιν,
1314 2058 1354 2123 ὡς
1377 2056 1432 2136 όλη
1455 2078 1532 2139 χρω·

285 2156 354 2240 μένη
377 2161 438 2226 τοῖς
460 2158 561 2225 ἁπλῶς
586 2159 719 2241 φυσικοῖς
745 2158 864 2239 σώμασι
891 2157 962 2239 πρὸς
990 2158 1042 2238 τὴν
1069 2163 1126 2219 τῶν
1148 2157 1332 2241 τελειοτέραν
1359 2181 1391 2220 τε
1414 2159 1459 2219 καὶ
1483 2159 1531 2241 ἐμ.
1546 2173 1572 2214 ιο

286 2259 387 2344 ψύχων
409 2260 519 2342 γένεσιν
542 2262 696 2343 σωμάτων.
741 2259 777 2321 τά
800 2261 852 2342 μὲν
875 2258 926 2323 ούν
952 2260 1026 2322 κατὰ
1049 2264 1150 2342 κρᾶσιν
1176 2268 1234 2323 τῶν
1262 2262 1363 2323 ἁπλῶν
1386 2262 1530 2340 σωμάτων

286 2363 331 2424 καὶ
354 2361 416 2426 κατ’
445 2364 600 2427 ἀλλοίωσιν
622 2360 756 2444 γινόμενα
779 2361 904 2426 σύνθετα
929 2365 1052 2442 σώματα
1074 2367 1117 2447 τῷ
1142 2361 1220 2447 ἔχειν
1247 2365 1296 2426 καὶ
1324 2364 1375 2446 τὴν
1397 2363 1530 2444 τοιαύτην

246 2480 272 2528 ιο
285 2465 400 2546 δύναμιν
422 2465 453 2528 ἐν
475 2470 511 2548 τῇ
535 2471 594 2528 τῶν
616 2465 745 2549 ἐχόντων
767 2464 858 2547 αὐτὴν
886 2467 1031 2547 σωμάτων
1055 2466 1127 2546 μίξει
1150 2467 1372 2549 συγκρινομένην
1395 2490 1459 2534 πως
1480 2469 1528 2530 καί
1544 2484 1570 2525 ιο

286 2569 454 2652 μιγνυμένην
481 2566 545 2632 κατ’
573 2568 664 2652 αὐτὴν
690 2568 852 2651 τελειότερα
878 2569 982 2650 γίνεται
1011 2571 1133 2650 σώματα
1159 2570 1207 2631 καί
1236 2568 1386 2653 θειοτέρας
1412 2569 1529 2653 φύσεως

286 2674 329 2735 καὶ
350 2674 448 2757 ἀρχῆς
472 2672 712 2754 κεκοινωνηκότα,
743 2669 799 2734 ὅσα
822 2672 854 2734 δὲ
877 2671 1012 2734 συνθέσει
1040 2694 1071 2733 τε
1094 2672 1142 2734 καὶ
1164 2671 1324 2755 παραθέσει
1346 2677 1404 2734 τῶν
1427 2673 1528 2735 ἁπλῶν

286 2779 425 2856 σωμάτων
446 2777 576 2858 γίνεσθαι
599 2779 678 2839 δοκεῖ
700 2778 822 2856 σώματα
849 2775 982 2849 σύνθετα,
1010 2779 1099 2837 ταῦτα
1122 2774 1218 2837 οὐκέτι
1239 2779 1291 2857 τῆς
1317 2774 1450 2858 τοιαύτης
1472 2798 1528 2838 κοι·

285 2884 378 2942 νωνεῖν
401 2880 552 2961 δυνάμεώς
573 2901 606 2941 τε
627 2879 674 2941 καὶ
697 2878 813 2961 φύσεως
834 2878 884 2940 οἶά
904 2901 945 2953 τε,
969 2879 1009 2940 ὧν
1033 2877 1155 2940 ἕκαστον
1177 2883 1234 2940 τῶν
1256 2879 1357 2940 ἁπλῶν
1381 2879 1525 2961 σωμάτων
1540 2895 1568 2936 νο

249 2997 273 3046 ιο
287 2981 405 3066 ἐνεργείᾳ
428 2985 518 3054 σώζει
541 2981 593 3065 τὴν
608 2983 697 3044 αὑτοῦ
720 2982 804 3065 φύσιν
827 2981 858 3043 ἐν
880 2985 917 3061 τῇ
934 2981 1053 3062 τοιαύτη
1077 2980 1149 3060 μίξει
1172 2982 1219 3043 καὶ
1236 2981 1381 3043 συνθέσει.
1416 2981 1449 3043 ού
1473 2983 1526 3064 γὰρ

287 3085 322 3153 είς
345 3088 397 3169 τἠν
424 3089 483 3146 τῶν
510 3084 603 3151 ούτως
630 3083 775 3146 συνθέτων
804 3084 949 3165 σωμάτων
979 3081 1077 3145 οὐσίαν
1108 3085 1126 3164 ἡ
1157 3083 1224 3145 θεία
1252 3083 1370 3165 δύναμις
1397 3088 1529 3146 συντελεῖ

289 3188 404 3268 μένουσα
426 3188 457 3250 έν
479 3189 595 3271 έκὰστιμ
617 3186 724 3258 αὐτῶν,
748 3187 834 3249 ὁποία
856 3187 904 3248 καὶ
926 3187 982 3270 πρὸ
1005 3192 1056 3269 τῆς
1080 3186 1246 3254 συνθέσεως
1269 3187 1374 3250 αὐτῶν.
1400 3185 1403 3270 ί
1540 3205 1567 3246 ιο

349 3293 379 3356 2.
394 3289 437 3355 ”H
452 3295 504 3374 τῆς
519 3291 592 3375 πρὸς
606 3287 719 3374 ἁλληλα
736 3290 853 3352 δύναταί
866 3312 908 3357 τις
922 3290 1014 3370 λέγειν
1031 3288 1092 3372 [καὶ
1109 3289 1173 3373 της]
1189 3294 1247 3351 τῶν
1263 3292 1364 3351 ἁπλῶν
1380 3293 1524 3373 σωμάτων
1545 3301 1579 3356 92

288 3394 416 3470 γενέσεως
438 3395 489 3477 τὴν
512 3394 571 3457 άπὸ
593 3397 650 3456 τῶν
674 3394 763 3456 θείων
785 3394 903 3474 δύναμιν
926 3393 1018 3454 αἰτίαν
1045 3391 1117 3454 είναι
1140 3392 1230 3475 αὐτὴν
1253 3394 1403 3476 γινομένην
1426 3394 1522 3455 αὐτῶν

246 3504 273 3554 30
287 3493 351 3568 εἶδός
371 3521 404 3561 τε
419 3499 466 3560 καί
482 3497 576 3581 φύσιν.
613 3521 633 3579 η
655 3496 710 3580 γὰρ
733 3499 787 3578 ύλη
810 3495 855 3579 (ἢ)
878 3495 951 3558 κατὰ
972 3497 1022 3557 τὸν
1045 3496 1152 3578 ἑαυτῆς
1175 3495 1258 3577 λόγον
1282 3495 1384 3564 ἁποιός
1406 3519 1436 3558 τε
1451 3496 1524 3560 ούσα
1551 3516 1565 3556 ο

286 3601 324 3662 καί
345 3601 563 3686 ἀσχημάτιστος
586 3599 642 3662 ὑπὸ
665 3605 716 3682 τῆς
739 3599 797 3660 ἀπὸ
820 3597 898 3682 (της)
920 3604 978 3660 τῶν
1002 3597 1088 3661 θείων
1112 3601 1255 3679 σωμάτων
1279 3600 1428 3681 δυνάμεως
1449 3624 1520 3682 γινο-

284 3700 361 3787 μένης
387 3703 457 3768 ἁνευ
480 3708 531 3786 τῆς
559 3702 703 3786 ἐνεργείας
730 3707 817 3785 σῶμα
845 3700 905 3764 ἔστι
934 3725 964 3763 τε
990 3703 1037 3763 καί
1059 3702 1179 3782 γίνεται,
1210 3702 1396 3764 εἰόοποιεῖταί
1420 3727 1450 3765 τε
1474 3707 1520 3767 καὶ

281 3808 498 3891 σχηματίζεται,
525 3809 566 3875 ῶς
588 3808 620 3868 τὸ
644 3806 696 3889 μὲν
723 3806 795 3890 πρὸς
821 3809 863 3888 τῷ
887 3805 959 3888 θείῳ
989 3806 1102 3885 σώματι
1129 3804 1220 3888 αὐτῆς
1246 3807 1293 3868 καὶ
1315 3811 1443 3888 γειτνιῶν
1468 3805 1520 3891 [τι]

239 3932 618 3965 χ*-

230 4012 372 4092 3’θεοισν
444 4036 507 4091 siv
526 4037 575 4090 del.
586 4039 631 4104 Sp.
703 4035 840 4108 ἐγγυτέρω]
860 4037 989 4108 ἐγγύτερον
1004 4037 1070 4088 vict.
1081 4039 1125 4104 Sp.
1197 4054 1224 4088 τε
1244 4039 1349 4105 scripsi:
1369 4039 1398 4090 τό
1417 4040 1490 4092 libri:
1510 4041 1574 4094 αύτό

226 4121 256 4172 '⁰¹
268 4131 327 4196 del.
339 4147 383 4213 Sp.
463 4144 479 4195 9
499 4142 563 4212 αὑτὴ
586 4143 692 4211 scripsi:
711 4142 789 4211 αὐτῆς
807 4143 866 4195 libri
958 4142 990 4193 10
1008 4147 1054 4211 γῆς
1067 4147 1148 4195 HBF:
1167 4129 1197 4195 τό
1215 4163 1230 4213 η
1250 4144 1310 4211 (sic)
1330 4148 1377 4212 γῆς
1396 4149 1427 4194 V:
1446 4145 1475 4197 τὸ
1494 4145 1509 4215 ἠ
1529 4152 1573 4216 γῆς

219 4203 245 4257 ⁸⁵
259 4219 294 4274 τὸ
319 4237 362 4302 γῆς
380 4251 397 4285 α
414 4234 459 4298 Sp.
547 4228 750 4297 ταύτόν-τινος]
764 4230 872 4282 fortasse
890 4226 997 4282 ταύτέί
1016 4232 1060 4282 καί
1077 4249 1142 4288 τινος
1230 4233 1268 4300 τιγῖ
1286 4232 1329 4283 καὶ
1347 4230 1387 4299 τό]
1406 4232 1515 4286 fortasse
1534 4237 1572 4304 τῷ

214 4292 293 4370 iam)
318 4322 381 4373 κατὰ
471 4320 500 4371 ll
520 4318 606 4371 αὐτῶν
619 4319 725 4387 scripsi:
744 4317 814 4387 a'urqi
828 4321 972 4371 vflssssa:
992 4318 1076 4370 αὐτῶν
1095 4319 1177 4382 (εἶναι)
1194 4320 1259 4371 Viet.
1279 4322 1325 4386 Sp.
1423 4320 1509 4371 11.Ιῖ
1529 4341 1571 4388 με·

210 4378 382 4471 ταλαμβάνων
399 4408 481 4460 vics:
505 4405 702 4476 μεταλαμβάνειν
721 4410 744 4457 Η
846 4406 876 4457 12
895 4406 979 4458 πλεῖον
998 4408 1065 4458 coni.
1084 4409 1141 4472 Sp.:
1161 4405 1275 4464 πλείονος
1293 4407 1352 4458 libri
1445 4407 1475 4458 13
1495 4406 1569 4460 ταῦτ’

212 4551 217 4561 ,
257 4494 271 4528 ⁸
299 4496 406 4563 scripsi:
424 4494 521 4567 ταύτησ
537 4499 586 4562 riis
604 4495 676 4547 libri:
695 4499 774 4546 ταῦτα
792 4498 837 4564 τῖγς
855 4497 899 4562 Sp.
1002 4493 1226 4564 μιταλαμβάνοντα
1245 4495 1349 4562 scripsi:
1370 4493 1569 4563 μεταλαμβάνειν

203 4545 275 4658 hb'f‘
308 4582 490 4652 μεταλαμβάνει
508 4585 553 4649 Sp.
653 4584 691 4650 τῷ
708 4583 737 4634 τό
756 4583 894 4649 viet.sp.:
913 4587 988 4635 wito
1008 4586 1128 4635 VFHSs:
1148 4585 1233 4634 τοῦΒ
1335 4583 1366 4633 14
1385 4582 1479 4650 αὺτοῖς]
1500 4584 1570 4652 αὐτη]

199 4651 270 4702 ωω·
301 4671 347 4736 Sp.
430 4671 462 4724 15
481 4670 588 4723 fortasse
606 4668 643 4739 ιίνγ
663 4671 702 4740 (η)
791 4670 820 4721 21
843 4666 997 4722 mr'Vict.:
1016 4670 1060 4721 καὶ
1079 4670 1137 4723 iibri
1218 4671 1251 4722 ⁶24
1271 4668 1319 4737 ὧν]
1339 4669 1539 4737 όιότιλ’ίυῑ.8γι.

199 4737 230 4797 2⁵
247 4760 344 4826 αὔοι
362 4778 386 4825 ν
469 4772 503 4826 νυ
521 4774 537 4842 γ
558 4777 616 4828 Gr:
640 4762 672 4846 γὸ
691 4776 728 4827 sic
747 4779 783 4824 v:
807 4774 836 4844 ης
859 4776 956 4826 ssrra:
986 4773 1016 4843 ην
1036 4773 1103 4826 νιω.
1122 4776 1166 4839 sp.
1257 4774 1290 4825 ιιι
1309 4776 1352 4825 ιιι
1371 4779 1415 4843 της
1434 4776 1515 4827 ‹rerevr

261 4843 290 4919 ἢ
323 4862 405 4916 rddidi
530 4861 562 4914 31
591 4861 640 4914 ἀπό
663 4866 738 4932 (τῆς)
761 4863 853 4929 scripsi
977 4860 1123 4928 δυνάμεως]
1152 4861 1283 4928 δυνάμεων
1307 4882 1323 4912 υ
1447 4862 1480 4913 32
1508 4863 1568 4914 ἄνευ

201 4922 264 4994 τθςθ
304 4946 407 5004 fortasse
430 4946 529 5002 ἁνωθτν
636 4949 670 5002 33
693 4957 819 5018 γιιτνιιῶν
839 4954 861 5000 V
968 4967 992 5002 τι
1010 4949 1059 5001 del.
1079 4953 1122 5015 Sp.

260 5038 420 5103 Qirmisin.
435 5054 483 5098 112
510 5058 572 5097 Alex.
587 5058 769 5107 ιιτῐριιιιιιίιιονο.
1347 5039 1367 5099 4
