3540 5610
207 317 249 382 98
686 318 889 372 ALEXANDRI
909 318 953 372 1)ss
971 318 1082 373 ANmA

261 489 416 554 δεικνόυιτο
439 490 474 554 ἀν
497 489 571 554 οὖσα
593 515 611 573 η
629 491 769 576 όρμητική
793 493 894 555 τεκαὶ
916 493 1049 577 δρεκτική
1072 492 1190 575 δόναμις
1212 492 1276 575 περὶ
1299 491 1424 574 καρδίαν.
1459 490 1508 553 καί

262 593 381 662 εἰκότως
407 592 462 676 ἀρα
491 595 509 676 ή
533 594 635 677 καρδία
657 592 767 679 ἔχουσα
795 595 842 657 καὶ
868 595 920 678 τήν
942 595 1114 677 αἰσθητικὴν
1144 593 1261 676 δύναμιν
1288 593 1318 656 ἐν
1342 593 1432 675 ἑαυτῇ
1459 593 1507 655 καὶ

261 695 313 777 τήν
336 696 481 779 κινητικὴν
505 699 548 778 πή
572 696 623 778 μὲν
646 696 821 780 όμοιυμερής
843 697 903 760 ἐστι
925 697 1066 779 (τοιοῦτον
1089 696 1142 780 γάρ
1164 697 1197 758 τδ
1220 693 1423 779 αἰσθητήριον)
1463 698 1507 778 πή

260 797 292 859 δὲ
314 799 535 881 ἀνομοιομερής,
558 803 684 861 τοιοῦτον
706 799 760 882 γὰρ
783 804 840 861 πᾶν
862 800 1016 884 πρακτικὸν
1040 798 1148 883 μόριον,
1171 803 1213 868 ὡς
1234 799 1309 884 χείρ,
1332 797 1412 865 πυός.
1446 794 1508 860 ἔστι

233 898 313 982 ὁγὰρ
336 901 511 983 όμοιομερὴς
534 901 585 980 μὲν
609 903 682 964 κατὰ
704 903 737 964 τδ
759 907 860 984 σῶμα,
891 904 1101 985 ἀνυμοιορερής
1123 903 1155 965 δὲ
1177 900 1250 964 κατά
1273 902 1305 963 τδ
1328 906 1440 985 σχῆμα.
1485 901 1547 982 ήεε

261 1003 312 1083 μὲν
334 1003 388 1088 γὰρ
411 1003 480 1086 σὰρξ
503 1002 537 1066 οδ
560 1004 633 1066 κατὰ
656 1009 759 1088 σχῆμα
782 1005 862 1087 σάρξ,
885 1007 904 1087 ή
928 1005 960 1067 δὲ
982 1006 1085 1088 καρδία
1108 1005 1181 1067 κατὰ
1204 1006 1235 1067 τδ
1253 1009 1356 1089 σχῆμα
1378 1003 1507 1088 τοιαύτη,

260 1105 359 1188 ὥσπερ
381 1107 429 1167 καὶ
452 1107 471 1188 ή
494 1106 567 1190 χείρ.
613 1106 702 1187 μάθοι
725 1105 749 1169 δ’
777 1106 812 1169 ἀν
834 1130 889 1178 τις,
917 1106 960 1169 ότι
987 1109 1019 1169 τὸ
1048 1113 1099 1191 τῆς
1121 1112 1221 1192 ψυχῆς
1247 1105 1418 1189 ήγεμονικδν
1441 1108 1508 1190 περὶ

260 1210 388 1293 καρδίαν,
411 1208 458 1270 καὶ
481 1208 538 1270 ἀπδ
561 1213 613 1292 τῆς
631 1207 720 1272 αὐτοῦ
743 1214 793 1272 τυδ
814 1211 982 1294 σπλάγχνου
1005 1215 1196 1294 κατασκευης,
1219 1210 1254 1291 ἣν
1270 1206 1333 1293 ἔχει
1356 1208 1433 1291 παρὰ
1455 1212 1508 1291 τῆς

259 1311 374 1395 φύσεως
402 1316 455 1394 τῆς
483 1312 572 1394 μηδὲν
603 1310 742 1394 ποιούσης
764 1312 866 1396 μάτην.
911 1314 941 1374 ἐν
964 1314 1175 1396 ἀσφαλεστάτῳ
1203 1334 1234 1374 τε
1260 1312 1314 1395 γάρ
1341 1315 1433 1373 κεῖται
1455 1314 1506 1374 τοδ

220 1428 246 1473 10
259 1415 395 1497 σώματος
428 1413 585 1494 (πλείστοις
610 1413 664 1497 γάρ
693 1414 741 1476 καὶ
764 1415 962 1499 ἰσχυροτάτας
995 1416 1091 1483 ἀστοῖς
1125 1416 1173 1477 καί
1202 1414 1298 1498 σαρξὶν
1326 1412 1507 1497 περιέχεται)

260 1517 441 1601 ἰσχυροτάτῳ
463 1539 495 1578 τε
510 1521 610 1600 χιτῶνι
632 1515 829 1600 περιειληπται
850 1521 893 1600 τῷ
910 1518 1082 1601 καλουμένῳ
1105 1517 1289 1600 περικαρδίῳ,
1312 1516 1345 1584 δς
1366 1515 1427 1579 οὐδ’
1448 1516 1505 1578 ὑπὸ

259 1621 378 1703 σιδήρου
402 1620 549 1702 διαιρεῖται
572 1620 691 1703 ῥηιδίως,
717 1618 807 1702 αὐτῆς
829 1643 861 1682 τε
883 1621 914 1682 τδ
937 1625 1023 1703 σῶμα
1051 1619 1154 1700 μεταξύ
1182 1621 1244 1688 πώς
1267 1619 1326 1681 ἐστι
1347 1614 1544 1702 νεόρουτευυ

258 1723 305 1783 καί
328 1719 447 1805 σαρκός,
476 1722 547 1805 πρδς
573 1727 609 1804 τῇ
633 1722 681 1784 διά
709 1723 760 1805 τήν
787 1723 820 1785 ἐκ
846 1722 982 1785 τοιούτων
1010 1724 1154 1804 σωμάτων
1182 1722 1314 1784 σύνθεσιν
1341 1721 1504 1806 στερεότητι

258 1824 427 1906 ἐπιτηδείως
443 1821 555 1907 ἔχουσα
578 1823 649 1908 πρός
671 1848 702 1887 τε
717 1826 767 1893 τάς
782 1824 953 1908 αἰσθητικάς
968 1826 1132 1907 ἀντιλήψεις
1154 1825 1296 1905 (τοιοῦτον
1316 1824 1370 1907 γάρ
1386 1826 1404 1905 ή
1422 1824 1508 1909 σάρΕ)

219 1927 304 1988 15καί
327 1928 398 2010 πρδς
424 1928 475 2007 τὴν
498 1927 593 2010 ἀρχὴν
620 1932 673 2009 τῆς
699 1930 840 2012 κινήσεως
867 1928 999 2010 (τοιαῦτα
1020 1927 1075 2010 γὰρ
1103 1927 1138 1989 τά
1160 1926 1270 2009 νεῦρα).
1314 1924 1377 2010 ἔχει
1404 1928 1506 1990 δὲκαὶ

259 2030 330 2112 πρὸς
354 2030 405 2111 μὲν
428 2031 476 2091 τὸν
499 2033 550 2112 τῆς
576 2028 755 2112 θερμότητος
777 2031 930 2113 ἀναγκαῖον
953 2029 1133 2111 πλεονασμόν
1160 2029 1309 2112 ἐπίκουρον
1332 2030 1365 2091 τδ
1389 2030 1507 2093 ἀναπνε-

258 2131 361 2213 όμενυν
384 2137 513 2212 πνεῦμα,
544 2129 591 2214 ὑφ’
620 2130 654 2194 οὔ
677 2131 724 2194 διὰ
745 2133 798 2214 τήν
821 2133 970 2217 συνέχειαν
998 2134 1054 2195 ὑπδ
1083 2138 1135 2215 τῆς
1163 2128 1212 2193 ἀπ’
1240 2130 1330 2194 αὐτοῦ
1356 2132 1507 2215 γινομένης

257 2234 407 2319 ἐμψόξεως
434 2235 475 2303 είς
500 2235 533 2296 τδ
560 2232 722 2316 σύμμετρον
750 2233 862 2316 ἄγεται,
890 2237 961 2320 πρδς
988 2237 1020 2298 δὲ
1045 2234 1095 2302 τάς
1118 2235 1259 2318 πηδήσεις
1285 2232 1335 2302 τάς
1363 2233 1422 2296 ἀπδ
1448 2240 1506 2297 τῶν

256 2343 421 2420 φαντασιῶν
438 2336 618 2418 ἐγγινομένας
640 2337 714 2419 αὐτῇ
740 2338 755 2399 ό
773 2337 908 2419 πλεύμων
927 2338 1132 2421 περικείμενος,
1155 2334 1254 2419 ἀραιός
1276 2359 1307 2398 τε
1322 2337 1369 2398 καί
1384 2337 1506 2405 εἰκτικδς
1520 2354 1548 2396 ετ

217 2456 244 2500 20
258 2441 313 2513 ὤν,
346 2440 450 2524 βοηθεῖ
475 2439 546 2522 πρὸς
573 2440 604 2501 τδ
629 2440 756 2522 μηδεμιᾷ
784 2439 959 2522 περιπίπτειν
983 2441 1089 2526 βλάβη.
1134 2437 1252 2507 εἰκότως
1273 2439 1306 2500 δὲ
1329 2439 1385 2501 ὑπδ
1408 2442 1506 2503 τοσού-

257 2567 313 2605 των
337 2543 499 2627 βοηθεῖται·
523 2548 565 2624 τῳ
588 2541 642 2624 γάρ
664 2538 742 2626 ἔχειν
765 2542 815 2609 τάς
831 2543 928 2626 κυρίας
950 2543 1043 2627 ἀρχὰς
1066 2542 1096 2605 ἐν
1117 2543 1193 2624 αὐτή
1216 2542 1263 2604 καί
1287 2542 1319 2603 τδ
1342 2543 1432 2625 τυχὸν
1456 2566 1506 2605 ιτα·

258 2646 352 2708 θυῦσα
379 2644 526 2712 ἀπωλείας
553 2644 630 2706 αἰτία
657 2648 699 2728 τῷ
732 2641 828 2727 ἔχοντι
855 2644 944 2728 αὐτὴν
978 2643 1048 2731 ζῴῳ
1076 2646 1191 2727 γίνεται.
1237 2645 1256 2726 ή
1284 2643 1337 2727 γὰρ
1366 2645 1506 2728 λεγομένη

257 2747 397 2830 καρδιακή
420 2744 516 2819 νόσος,
546 2747 581 2829 ήν
603 2745 686 2810 νόσυν
709 2747 836 2816 σώζεταί
856 2771 917 2810 τινα
938 2749 1115 2831 νοσήσαντα,
1137 2746 1171 2809 οδ
1194 2746 1319 2830 καρδίας,
1344 2746 1419 2809 ἀλλὰ
1441 2768 1505 2810 στο-

258 2850 355 2934 μάχου
381 2849 476 2916 πάθος
498 2848 583 2912 ἐστίν.
629 2849 671 2912 ότι
698 2850 801 2912 δὲκαὶ
827 2850 860 2912 τδ
887 2851 1047 2932 λογιστικὸν
1075 2848 1174 2933 μόριον
1200 2855 1252 2933 τῆς
1274 2855 1389 2934 ψυχῆς,
1419 2848 1435 2911 ὃ
1458 2852 1507 2914 καὶ

215 2969 242 3012 ευ
256 2951 334 3021 ἰδίως
356 2952 525 3034 ήγεμονικδν
548 2954 690 3026 καλεῖται,
714 2952 744 3014 ἐν
766 2956 803 3033 τῇ
827 2953 928 3036 καρδία
951 2954 999 3015 καί
1021 2951 1106 3023 αὐτό,
1130 2953 1286 3016 δεικνύοιτο
1309 2952 1343 3015 ἀν
1366 2958 1409 3036 τῷ
1433 2951 1505 3015 εἶναι
1520 2970 1549 3012 ευ

256 3056 308 3138 μὲν
330 3059 380 3117 τοῦ
403 3057 563 3136 λογιστικοῦ
587 3055 619 3115 τδ
644 3055 695 3137 μὲν
718 3053 883 3138 πρακτικόν,
910 3054 944 3117 οὔ
968 3055 1107 3138 ἀμηγέπη
1130 3057 1258 3119 καὶτῶν
1281 3054 1394 3137 ἀλόγων
1419 3054 1506 3140 ζῳων

255 3162 388 3221 κυινωνεῖ
405 3181 476 3232 τινα,
498 3159 530 3218 τδ
553 3157 585 3218 δὲ
608 3155 794 3239 θεωρητικόν,
819 3156 921 3220 δίδιον
944 3158 1111 3241 ἀνθρώπου.
1146 3159 1186 3220 ὧν
1211 3159 1242 3220 τδ
1266 3160 1318 3239 μὲν
1341 3159 1506 3242 πρακτικόν,

256 3261 272 3324 ὃ
299 3261 347 3323 καί
369 3257 554 3344 βουλευτικόν
581 3281 613 3320 τε
635 3259 683 3320 καί
705 3261 862 3340 λογιστικὸν
885 3263 1045 3342 καλοῦμεν,
1073 3258 1237 3323 ἀκόλουθον
1258 3260 1346 3334 εἶναι,
1375 3259 1447 3323 ἔνθα
1474 3263 1506 3325 τδ

256 3361 401 3448 ὀρεκτικόν
425 3386 455 3424 τε
477 3363 524 3424 καὶ
546 3360 619 3423 κατὰ
645 3361 732 3424 τόπον
759 3361 911 3446 κινητικόν.
955 3360 1027 3424 ἔνθα
1048 3360 1101 3446 γάρ
1129 3362 1161 3424 τδ
1185 3362 1347 3446 ὀρεκτικόν,
1375 3362 1437 3425 ἐκεῖ
1459 3365 1507 3427 καί

204 3652 270 3706 1-3
298 3652 341 3704 καί
360 3648 661 3722 είκότως-δμοιυμερής
679 3650 741 3721 ἐστι]
766 3654 832 3705 auch
851 3654 952 3721 ergiebt
970 3655 1040 3719 sich,
1066 3655 1125 3707 dass
1144 3655 1205 3717 das,
1227 3654 1346 3707 wodurch
1365 3654 1412 3706 das
1431 3654 1499 3707 Herz
1519 3654 1560 3709 die

202 3740 330 3793 sinuliche
349 3738 423 3791 Κιυίί
447 3737 500 3790 und
523 3737 565 3790 die
584 3739 735 3807 bewegende
754 3740 828 3792 Κνοίί
848 3742 953 3794 besitzt.
980 3757 1030 3793 von
1053 3741 1125 3793 einer
1142 3742 1212 3794 Seite
1235 3741 1396 3809 gleichteilig
1418 3742 1454 3793 ist

200 3828 268 3878 4-7
289 3826 338 3878 ίστι
357 3824 464 3897 γὰρ-ἡ
483 3823 548 3895 χείρ]
568 3823 614 3875 das
632 3825 697 3877 Ηειν,
716 3827 750 3876 ist
768 3828 878 3879 nfimlich
899 3828 1059 3896 gleichteilig
1077 3831 1104 3879 in
1124 3831 1220 3882 seinem
1235 3829 1333 3896 Κδτρυι
1351 3827 1404 3880 und
1423 3830 1560 3898 ungleich·

201 3916 269 3982 artig
288 3916 314 3966 in
334 3915 418 3965 seiner
437 3912 546 3965 Gestalt.
582 3912 656 3963 Uenu
675 3913 720 3963 das·
741 3915 818 3979 Herz,
837 3914 953 3967 insofern
972 3932 999 3968 es
1018 3917 1060 3967 ein
1080 3916 1178 3983 Κόιρυι
1197 3918 1244 3977 ist,
1267 3917 1303 3968 ist
1321 3932 1348 3967 es
1367 3915 1484 3981 Fleiseh,
1503 3917 1558 3970 und

202 4001 317 4054 insofern
342 4016 369 4051 es
393 4001 420 4051 in
440 3999 523 4051 dieser
541 3998 642 4050 Gestalt
660 4000 703 4064 ist,
722 4001 751 4051 in
770 4002 877 4054 ιιυίιίιει
895 4018 922 4054 es
941 4004 984 4061 ist,
1006 4004 1040 4054 ist
1058 4019 1085 4055 es
1104 4003 1179 4065 Ηεικ,
1197 4004 1252 4055 und
1273 4004 1367 4056 ebenso
1386 4003 1428 4056 die
1446 4005 1525 4057 Hand

201 4089 216 4140 ’ἰ
244 4090 300 4160 περὶ
318 4085 432 4157 καρδίαν]
456 4100 515 4138 vom
533 4085 633 4137 Herzen
652 4087 750 4139 kommt
873 4089 890 4141 8
917 4088 1071 4160 σπλάγχνου]
1093 4090 1205 4157 Κότρειυ
1336 4089 1365 4142 ll
1394 4090 1559 4162 περικαρδίῳ]

201 4174 289 4228 Schild
307 4173 352 4226 des
371 4174 485 4226 Herzens
593 4173 624 4226 13
640 4174 775 4245 τοιυθτων]
794 4176 882 4229 diesen
901 4178 962 4229 zwei
982 4175 1123 4246 [Κότρετιι]
1230 4176 1383 4249 στερεότητι]
1404 4178 1561 4232 Zuversicht

200 4265 255 4314 und
273 4260 408 4327 Hoffnung
516 4261 546 4313 14
565 4260 721 4330 ἐπιτηδείως]
741 4265 824 4316 bereit
841 4264 895 4316 und
914 4265 1068 4318 vorbereitet
1177 4265 1207 4317 18
1226 4262 1366 4334 ἐμψόξιως]
1387 4267 1519 4319 Αυννείιευ

201 4349 302 4402 20-21
323 4348 465 4406 εἰκότως-
477 4346 615 4420 βοηθεῖται]
635 4350 784 4418 notwendig
802 4352 837 4403 ist
856 4368 883 4403 σε
901 4351 1041 4418 νυιίτιιδρίι
1059 4353 1107 4403 mit
1125 4353 1194 4404 allen
1212 4353 1301 4405 diesen
1320 4353 1455 4407 Gelenken

202 4436 235 4488 22
253 4434 399 4506 τιγῑ-ίιίιῳ]
419 4435 460 4488 ἰῖιτ
478 4437 534 4502 das,
552 4453 603 4490 was
623 4437 726 4491 Leben
745 4439 839 4491 besitzt
945 4436 978 4490 24
997 4438 1089 4509 πάθος]
1108 4440 1252 4492 Krankheit

204 4711 370 4765 1δνοσι.ε
476 4711 541 4783 περὶ]
562 4731 584 4784 ρι
602 4715 630 4765 in
649 4712 688 4766 lit.
698 4715 721 4765 V
822 4714 882 4766 ’Ζέν
901 4714 1001 4788 αδτήυ
1104 4715 1301 4786 θσπλάχνουυ
1406 4719 1437 4771 ἰθ
1459 4719 1559 4791 ἰσχυρυ·

200 4802 284 4859 τάτυις
302 4817 330 4854 a:
349 4801 566 4872 ἰσχυρωτάτυιςίἰ
658 4799 689 4853 19
707 4800 824 4871 πνεθμων
842 4803 1030 4872 ἰπικιίμενυςε
1122 4804 1153 4856 ‘21
1175 4803 1242 4877 αὐτη·
1262 4806 1300 4859 Va
1392 4806 1426 4858 22
1445 4805 1560 4861 αἰτιονε

201 4887 235 4943 24
254 4884 292 4942 ὅτι
311 4888 345 4943 V:
364 4889 447 4963 ἅραε
551 4888 584 4942 26
602 4888 722 4961 ἀμηγεπὴ
742 4903 757 4939 ο
