3540 5610
696 324 837 385 BIBAION
858 324 997 384 ΠΡΩΤΟΝ
1017 328 1085 383 8-9
1531 328 1571 392 19

260 505 334 587 πρύς
356 502 471 587 ἄλληλα
495 502 570 566 αὐτὰ
596 502 747 585 λέγεσθαι,
775 503 811 566 τὰ
834 505 866 567 δὲ
888 505 960 587 πρός
986 503 1099 585 ἄλληλα
1127 502 1269 586 λεγόμενα
1296 504 1357 585 ἅμα
1385 502 1457 565 εἶναι
1479 504 1560 583 τηέο

259 605 356 689 φύσει,
379 603 452 687 εἴγε
467 605 540 689 πρός
561 607 590 669 τί
604 606 692 679 ἐστιν,
715 606 758 676 οἷς
781 609 813 669 τό
829 606 901 669 εἶναι
923 606 1028 669 ταύτόν
1048 607 1109 669 ἐστι
1132 611 1173 690 τῷ
1192 605 1263 691 πρός
1286 607 1315 668 τί
1328 630 1390 674 πιυς
1413 605 1517 689 ἔχειν),

260 706 323 770 οὐδ’
351 708 445 776 οὑτως
472 705 506 768 ἂν
532 710 566 771 τὸ
588 707 667 777 είδος
691 708 738 793 εἴη
766 709 796 771 ἐν
824 708 1006 792 ὑποκειμένῳ
1035 714 1071 791 τῇ
1100 710 1165 791 ὐύη.
1212 709 1231 790 ᾖ
1255 708 1372 770 ὐὺναται
1399 709 1446 770 καὶ
1469 707 1518 769 ἐπί

260 815 315 893 τῆς
336 810 409 894 ὑλης
430 809 577 891 λέγεσθαι,
600 810 644 874 ότι
666 812 760 896 χωρίς
783 812 835 893 μὲν
859 811 956 879 είύους
979 810 1035 895 οὐχ
1058 811 1106 874 οία
1128 835 1159 874 τε
1182 810 1264 888 εἶναι,
1288 813 1387 894 ὥσπερ
1411 810 1479 872 οὐδὲ
1502 809 1517 870 ό

222 912 350 996 σκηρύς
375 912 468 996 χωρίς
495 911 665 997 σχήματος,
693 913 785 998 χωρίς
807 914 840 976 δὲ
865 918 916 976 τοὺ
940 912 1035 980 είύους
1062 915 1145 975 εούὐε
1173 912 1234 975 οίόν
1262 937 1293 975 τε
1321 913 1411 995 αὐτὴν
1434 912 1517 981 εἶναι,
1532 927 1559 968 νο

261 1017 304 1082 ὡς
326 1014 374 1076 καί
397 1015 446 1079 τόν
468 1017 556 1100 κηρύν
577 1018 668 1101 χιυρὶς
691 1017 776 1079 τούὐε
799 1020 849 1079 τοὺ
872 1016 1034 1101 σχήματος.
1072 1016 1091 1099 ἢ
1115 1019 1141 1078 εί
1164 1017 1282 1101 ἡψυχὴ
1306 1015 1359 1078 οὐκ
1381 1016 1412 1078 ἐν
1435 1016 1517 1099 ἄλλῳ

261 1119 313 1179 τινί
337 1120 453 1201 σώματι
479 1118 527 1181 οία
549 1143 581 1182 τε
603 1119 676 1183 εἶναι
703 1120 722 1203 ἣ
745 1119 894 1203 γενέσθαι,
922 1120 941 1201 ἢ
965 1119 994 1181 ἐν
1021 1123 1065 1203 τιγῑ
1090 1120 1249 1204 ὐργανικῴ,
1277 1120 1379 1183 τούτου
1403 1118 1428 1181 δ’
1457 1116 1518 1180 ἔστι

262 1218 365 1302 μέρος,
391 1221 445 1285 οὐκ
474 1220 478 1307 ί
507 1221 541 1284 ἂν
568 1220 614 1306 εἴη
641 1222 672 1284 ἐν
700 1221 897 1306 ὑποκειμένῳ,
924 1226 982 1283 τῶν
1010 1223 1042 1283 δὲ
1069 1225 1230 1307 σχημάτων
1258 1221 1379 1284 ἕκαστον
1407 1221 1460 1283 οὐκ
1487 1221 1517 1282 ἐν
1540 1227 1570 1282 ίί

261 1322 460 1409 ἀφωρισμένην
488 1325 593 1406 γίνεται
615 1326 740 1408 σώματι.
785 1323 827 1386 ἔτι
850 1325 865 1386 ό
889 1323 1044 1407 ἅνίίριυπός
1074 1323 1135 1385 ἐστι
1164 1324 1215 1405 μὲν
1244 1327 1289 1386 καὶ
1315 1324 1386 1404 μετὰ
1409 1329 1517 1408 ιὐυχῇς,

206 1444 240 1490 10
261 1421 323 1486 ἔστι
345 1426 442 1488 δὲκαὶ
465 1426 538 1508 μετὰ
559 1426 719 1511 χρώματός
741 1449 772 1489 τε
792 1427 839 1489 καί
864 1428 1027 1509 σχήματος,
1052 1423 1111 1488 ἀλλ’
1133 1424 1190 1510 οὐχ
1214 1427 1331 1508 ὁμοίως,
1355 1426 1429 1488 ἀλλὰ
1446 1425 1518 1505 μετὰ

262 1528 315 1608 μέν
337 1534 436 1612 ψυχῆς
458 1533 500 1597 όνς
522 1531 627 1612 μέρους
649 1531 697 1593 καί
720 1530 845 1610 μάλιστα
867 1531 907 1598 είς
930 1530 963 1592 τὸ
986 1529 1136 1612 ὐνύριύπιρ
1159 1529 1230 1591 εἶναι
1255 1529 1453 1613 συντελούσης.
1489 1529 1518 1591 ἐν
1546 1545 1560 1585 ε

260 1624 288 1714 ᾦ
314 1630 367 1715 γὰρ
391 1629 425 1694 ἂν
447 1627 468 1715 ᾖ
492 1633 511 1715 ἡ
539 1631 658 1715 τοιαύτη
680 1632 780 1716 ψυχή,
807 1630 885 1695 τοῦτ’
912 1631 1076 1715 ἅνθρωπος.
1122 1629 1221 1693 οὐκέθ’
1250 1632 1327 1694 οὑτω
1355 1634 1386 1694 τό
1411 1639 1518 1716 χρῶμα

260 1734 310 1795 καί
337 1735 369 1797 τό
397 1740 502 1820 σχῆμα
530 1736 561 1798 ἐν
582 1739 626 1820 τῷ
655 1735 820 1818 ἀνθρώπῳ·
853 1734 963 1817 οὐγὰρ
986 1739 1042 1797 πᾶν
1065 1737 1098 1798 τό
1121 1735 1191 1819 ἔχον
1219 1740 1348 1797 τοιοῦτον
1371 1740 1475 1819 σχῆμα
1499 1735 1517 1815 ἢ

261 1840 372 1919 χρῶμα
399 1835 563 1922 ἅνθρωπος.
610 1839 653 1900 διὸ
683 1837 720 1900 τὰ
748 1838 799 1920 μὲν
834 1837 864 1899 ἐν
894 1837 1076 1922 ὑποκειμένῳ
1107 1839 1204 1922 αὐτῷ,
1236 1838 1334 1900 οὐκέτι
1361 1839 1393 1899 ὑὲ
1426 1839 1475 1900 καὶ
1499 1840 1560 1920 ηιο

206 1957 239 2005 15
260 1939 356 2022 ψυχή.
401 1941 417 2001 ό
440 1940 467 2003 δ’
495 1940 581 2009 αὐτός
604 1940 688 2022 λόγος
712 1943 759 2002 καὶ
783 1940 830 2002 ἐπὶ
854 1945 911 2002 τῶν
934 1939 1030 2002 σόλων
1053 1947 1111 2002 τῶν
1135 1946 1265 2025 φυσικῶν
1289 1943 1383 2003 είύὧν.

260 2178 317 2242 lx.
356 2178 433 2249 Πῶς
455 2179 537 2265 οὐχί
558 2183 601 2263 τῇ
617 2178 733 2262 εὐεξία
749 2180 767 2262 ί,
784 2177 885 2248 νόσος
907 2180 1101 2242 ἀντίκειται
1119 2184 1250 2261 μᾶλλον
1267 2185 1327 2263 τῆς
1343 2177 1516 2263 καχεξίας.

345 2346 509 2434 Ἐξητήύη,
532 2355 596 2419 πῶς
618 2349 684 2434 οὐχὶ
700 2354 738 2432 τῇ
755 2349 850 2432 εὐεξία
866 2347 942 2432 οὑση
959 2350 1151 2433 ἐπιεεταμένη
1170 2351 1251 2434 ὑγεία
1268 2375 1286 2433 η
1308 2353 1393 2418 νόσος
1411 2352 1518 2430 μᾶλλον
1534 2365 1560 2405 ιε

260 2457 315 2535 τῆς
337 2453 475 2537 καχεξίας
496 2453 665 2526 ἀντίκειται,
694 2451 726 2514 εί
743 2475 776 2534 γε
797 2452 834 2514 τόι
857 2453 970 2514 ἐναντία
994 2457 1127 2515 πλεῖστον
1151 2454 1286 2534 ἀλλήλων
1316 2453 1464 2535 διέστηκεν
1488 2451 1518 2513 ἐν

261 2558 307 2638 τῷ
330 2555 411 2640 αὐτῷ
433 2553 520 2638 γένει.
565 2555 592 2617 εί
612 2555 666 2639 γὰρ
690 2557 709 2638 ἡ
732 2553 852 2638 καχεξία
875 2554 905 2617 ἐν
929 2555 1080 2635 ὑγιαίνοντι
1102 2557 1224 2636 γίνεται,
1254 2555 1300 2637 εἴη
1323 2554 1358 2617 ἂν
1382 2554 1517 2636 ἀνειμένη

200 2677 240 2723 εο
258 2679 304 2725 τις
329 2655 404 2720 οὐσα
430 2657 522 2738 ὑγεία,
555 2656 633 2720 οὑτω
660 2657 693 2720 δὲ
719 2654 799 2720 ἔσται
826 2660 862 2737 τῇ
891 2656 1083 2740 ἐπιτεταμένη
1118 2659 1198 2740 ὑγεία
1228 2660 1246 2741 ἡ
1276 2657 1410 2740 ἀνειμένη
1439 2657 1519 2738 ὑγεία

258 2759 383 2822 ἐναντία.
432 2758 541 2822 ἄτοπον
565 2760 598 2823 δὲ
619 2782 656 2843 τη
682 2759 734 2840 μὲν
759 2759 840 2842 ὑγεία
862 2758 914 2842 τὴν
937 2759 1022 2822 νόσον
1044 2759 1136 2841 λέγειν
1160 2760 1231 2823 εἶναι
1255 2761 1391 2829 ἐναντίον,
1416 2759 1518 2843 μηκέτι
1532 2774 1560 2815 2⁰

259 2862 296 2923 δὲ
317 2863 356 2943 τό
379 2860 573 2945 ἑπιτεταμένη
596 2861 678 2945 ὑγεία
700 2861 753 2945 τὴν
776 2862 861 2924 νόσον
883 2861 902 2944 ἡ
926 2863 977 2945 τὴν
1001 2864 1076 2925 κατὰ
1098 2864 1150 2946 τἠν
1166 2863 1251 2927 νόσον
1267 2862 1407 2925 ἐπίτασιν.
1442 2863 1516 2945 αὐτη

258 2963 315 3047 γὰρ
338 2961 418 3027 ἔσται
441 2967 575 3029 πλεῖστον
596 2963 688 3047 αὐτῆς
710 2965 861 3027 διεστῶσα.
907 2964 926 3045 ἢ
951 2965 977 3026 εί
1006 2966 1056 3046 μὲν
1082 2968 1146 3049 περί
1176 2965 1279 3028 ταύτόν
1307 2965 1415 3046 ἐγίνετο
1443 2966 1462 3048 ἧ
1486 2987 1518 3025 τε

259 3066 343 3148 ὑγεία
364 3067 413 3130 καί
434 3067 455 3150 ἡ
478 3066 511 3131 εὐ
553 3090 583 3142 α,
606 3064 647 3129 ἔτι
671 3064 697 3129 δ’
718 3067 737 3149 ἡ
761 3065 845 3135 νόσος
867 3069 915 3130 καὶ
939 3064 943 3149 ί
968 3069 986 3148 εἰ,
1011 3066 1142 3152 καχεξία,
1166 3066 1201 3150 ἦν
1226 3066 1259 3129 όν
1283 3068 1360 3156 ὑγιὲς
1383 3069 1415 3128 τό
1437 3066 1514 3147 λεγό-
1533 3074 1569 3130 42

199 3189 236 3237 25
258 3191 356 3252 μενον,
379 3169 481 3254 ἐπειδὴ
504 3171 551 3233 δεῖ
571 3170 636 3252 περί
658 3169 762 3233 ταύτόν
784 3169 820 3232 τὰ
843 3169 955 3232 ἐναντία
977 3170 1114 3251 γίνεσίίαι.
1159 3172 1184 3232 εί
1207 3169 1233 3232 δ’
1259 3170 1289 3231 ἐν
1313 3168 1395 3253 ἄλλῳ
1420 3171 1471 3249 μὲν
1495 3171 1514 3252 ἡ

259 3272 353 3354 ὑγεία,
376 3273 405 3335 ἐν
429 3272 511 3357 ἄλλῳ
534 3274 567 3336 δὲ
589 3274 609 3354 ἡ
632 3270 737 3346 εὐεξία,
760 3273 808 3334 καί
830 3272 861 3334 ἐν
884 3268 909 3357 ᾧ
935 3274 986 3353 μὲν
1010 3275 1028 3354 η
1053 3273 1143 3354 ὑγεία,
1167 3274 1196 3335 ἐν
1213 3273 1306 3356 τοὺτιρ
1323 3276 1371 3334 καί
1386 3275 1404 3355 η
1421 3272 1514 3347 νόσος,

257 3375 290 3438 ἐν
312 3368 339 3460 ᾧ
358 3376 390 3439 δὲ
405 3400 425 3458 η
441 3374 571 3460 καχεξία,
595 3375 625 3438 ἐν
648 3373 742 3458 τοὺτιρ
758 3376 806 3437 καί
822 3399 841 3458 η
857 3374 961 3446 εὐεξία,
985 3373 1046 3437 οὐτ’
1067 3374 1186 3459 (εὐεξία)
1202 3376 1282 3457 ὑγεία
1304 3374 1366 3458 <ἂν>
1389 3374 1435 3459 εἴη
1458 3363 1517 3437 ἐπί·
1543 3390 1557 3432 ι»

257 3477 414 3560 τεταμένη,
436 3475 496 3540 οὐτ’
517 3478 643 3540 ἐναντίον
665 3477 742 3561 αὐτῇ
765 3476 811 3559 εἴη
834 3501 854 3559 η
877 3477 971 3551 νόσος,
994 3479 1046 3560 τἠν
1070 3479 1167 3562 ἀρχὴν
1192 3479 1268 3560 μηδὲ
1290 3477 1426 3560 γινομένη
1450 3480 1514 3561 περὶ

256 3578 295 3640 τό
317 3577 392 3641 αὐτὰ
414 3578 500 3663 αὐτῇ.
539 3581 645 3661 γίνεται
667 3579 721 3664 γὰρ
744 3582 763 3663 ἡ
788 3580 839 3662 μὲν
864 3580 944 3662 ὑγεία
966 3581 1013 3642 καὶ
1038 3579 1121 3648 νόσος
1145 3582 1212 3664 περί
1234 3581 1285 3647 τὰς
1308 3581 1440 3661 δυνάμεις
1457 3586 1514 3641 τῶν

198 3701 235 3750 30
256 3683 384 3765 πρώτων
410 3683 557 3764 σωμάτιον
584 3681 615 3751 ἐξ
647 3684 687 3745 ὧν
717 3681 751 3744 τὰ
780 3685 858 3766 (qh,
894 3682 967 3766 ἅπερ
991 3683 1052 3744 ἐστὶ
1079 3683 1114 3744 τὰ
1138 3688 1282 3767 στοιχεῖα,
1316 3683 1356 3744 ὧν
1379 3684 1514 3765 ὐυνοίμεις
1530 3701 1556 3741 ιο

256 3910 316 3949 των
339 3887 412 3970 πρὸς
433 3884 547 3971 ἄλληλα
568 3887 732 3971 συμμετρίᾳ
754 3888 774 3970 ἡ
798 3887 893 3968 ὑγεία,
925 3887 955 3949 ἐν
978 3884 1003 3949 δ’
1032 3888 1214 3971 ἀσυμμετρία
1242 3894 1300 3950 τῶν
1327 3888 1423 3950 αὐτῶν
1452 3890 1513 3952 τοὺ-

199 4125 253 4201 ὐῇ
274 4145 291 4180 ε
362 4127 535 4181 όοίοντιειίι
548 4131 624 4193 (corr.
636 4128 681 4191 W)
751 4129 766 4181 6
786 4129 894 4182 fortasse
914 4126 967 4181 ἀλλ’
988 4131 1009 4182 εί
1084 4128 1369 4198 ’ίῆίννίΒὸίεὸμι
1389 4130 1531 4184 ἐννίίίΡΙ,

199 4216 253 4268 lm
272 4218 333 4268 VB:
351 4213 399 4269 οὐκ
418 4214 458 4282 (in
477 4231 541 4284 τινες.
559 4213 590 4268 οὐ
608 4214 655 4282 0¹)
673 4216 725 4268 ίστι
743 4216 908 4286 G²FSaSpa
928 4217 1013 4269 υύκίτι
1033 4218 1066 4270 (3¹
1148 4216 1342 4284 ὐύποκειμένιυ
1363 4223 1385 4268 V
1468 4235 1566 4291 σχημα·

198 4322 256 4356 τιον
275 4307 299 4356 V
391 4302 423 4354 12
441 4301 471 4354 ἄν
488 4296 507 4376 ᾗ
525 4301 542 4371 ἡ
561 4301 643 4357 B²s¹a
664 4302 721 4368 Sp.:
749 4303 813 4374 ἃνίγ
834 4306 945 4357 GFS¹L2
969 4304 999 4356 ἂν
1018 4305 1034 4373 η
1056 4307 1101 4355 VB
1190 4300 1293 4373 οὐκέθ’]
1312 4304 1398 4357 οὐκέτι
1416 4305 1441 4356 ὐέ
1463 4307 1530 4358 vict.

131 4408 137 4417 ·
200 4390 273 4444 αὐτον
291 4389 318 4443 ὐί
338 4388 396 4443 V'B
488 4390 520 4442 18
546 4388 675 4463 ὐιίστηειεν
694 4391 721 4443 in
740 4391 779 4442 lit.
798 4391 951 4458 B²s²asp.:
979 4391 1137 4461 καύίστηκεν
1155 4393 1281 4444 VGS'FL
1365 4392 1398 4443 25
1426 4393 1516 4444 ταύτόν
1534 4395 1566 4444 τοὶ

199 4476 313 4546 ίνανιία]
331 4476 375 4529 τόν
393 4477 425 4529 τό
443 4478 470 4530 ίν
488 4477 516 4529 in
536 4476 574 4530 lit.
593 4480 617 4527 V
724 4477 757 4528 ‘27
782 4478 871 4542 εὐεξία,
891 4475 947 4531 οὐτ’
968 4478 1071 4543 (εὐεξία)
1090 4478 1159 4547 ὑγεία
1178 4478 1229 4541 (ἂν)
1248 4479 1303 4547 sp.:
1328 4479 1409 4539 εὐεξία
1428 4479 1498 4548 ὑγεία
1518 4483 1564 4530 V¹:

199 4562 284 4623 εὐεξία
301 4564 318 4634 ἡ
336 4560 363 4616 δ’
381 4562 462 4623 εὐεξία
480 4563 551 4633 ὑγεία
564 4563 636 4616 WB:
656 4563 750 4624 εὐεξία·
770 4564 827 4617 οὐτε
847 4566 931 4631 (νόσος
949 4577 1008 4633 ροσε
1028 4565 1084 4617 οὐτε
1104 4566 1152 4617 del.
1166 4567 1195 4631 S)
1215 4564 1284 4635 ὑγεία
1304 4566 1333 4617 ἂν
1346 4570 1463 4619 GFSLa:
1484 4567 1565 4626 εὐεξία

200 4647 260 4704 οὐδ’
280 4650 360 4710 εὐεξία
379 4652 449 4720 ὑγεία
467 4649 498 4702 ἂν
517 4652 584 4704 vict
705 4652 739 4703 ‘28
758 4653 824 4724 αὐτῇ,
843 4652 880 4720 εἴη
900 4654 915 4721 ί,
935 4652 1006 4709 νότος
1025 4658 1083 4705 GL:
1104 4651 1167 4721 αὐτη
1187 4654 1224 4723 είη
1246 4655 1261 4722 η
1281 4654 1351 4710 νόσος
1370 4658 1440 4707 Fsa:
1460 4655 1523 4723 αὐτη
1544 4655 1565 4705 εί

199 4740 216 4809 ί,
236 4739 312 4796 νότος
329 4742 361 4789 V:
379 4737 445 4809 αὐτῆ
462 4736 503 4807 είη
520 4738 593 4796 νόσος
610 4741 644 4790 B:
664 4738 809 4791 τούναντίον
827 4739 892 4809 αὐτη·
912 4740 949 4809 είη
969 4741 1040 4797 νόσος
1060 4740 1103 4806 Sp.
1218 4739 1250 4789 29
1269 4745 1301 4791 τό
1320 4739 1384 4791 αὐτὰ
1403 4741 1466 4811 αὐτη
1487 4742 1563 4810 (αὐτῇ

200 4825 255 4891 σι’)
267 4829 300 4876 V:
318 4826 350 4878 τὰ
368 4825 433 4878 αὐτὰ
451 4822 516 4897 αὐτη
529 4827 627 4879 effi:
645 4826 677 4878 τό
695 4826 759 4878 αὐτὰ
777 4825 840 4896 αὐτη
861 4826 937 4895 (αὐτη
952 4827 999 4891 111¹)
1014 4828 1059 4878 13²:
1079 4826 1143 4878 αὐτοί
1161 4825 1225 4895 αὐτη
1240 4831 1287 4877 Sat
1307 4827 1386 4879 ταύτὰ
1405 4828 1470 4898 αὐτη]
1483 4831 1527 4896 Sp.

198 4913 236 4966 30
254 4911 358 4982 ὐύναμις
377 4930 393 4967 ε

1317 5000 1362 5045 9*
