3540 5610
683 310 887 364 ALEXANDRI
904 311 948 364 DE
968 310 1078 363 ANIMA
1517 308 1551 372 11

253 483 329 552 εἶδος
358 485 429 567 μετὰ
452 485 604 567 δυνάμεων
627 483 783 562 πλειύνων,
811 484 863 546 ἅτε
890 483 921 546 δν
948 483 1025 552 εἶδος
1052 485 1099 546 καὶ
1126 481 1270 564 τελειύτης
1299 482 1448 565 ὀργανικοῦ
1471 504 1503 542 τε

256 588 304 649 καί
327 588 457 650 ποικίλου
478 591 627 669 σώματος·
652 588 696 649 διὸ
718 591 769 649 τοῦ
784 585 916 648 τοιούτου
941 589 1075 668 σώματος
1098 585 1173 653 εἶδος
1188 583 1245 668 ἤδη
1268 586 1287 666 ἡ
1310 587 1404 669 ψυχή.
1438 581 1497 644 ἀλλ’

256 690 275 770 ἡ
300 689 353 770 μὲν
376 689 574 774 ἁπλουστέρα,
601 690 636 773 ἧς
659 689 706 752 καί
733 689 766 751 τδ
789 694 876 772 σῶμα
898 689 931 751 τδ
958 689 1107 773 ὀργανικὸν
1135 687 1345 771 ἁπλούστερον,
1374 689 1392 769 ἡ
1416 685 1504 749 δὲέκ

255 792 397 854 πλειόνων
421 793 570 873 δυνάμεων
593 792 642 854 καί
664 790 836 874 τελεωτέρα,
859 791 895 874 ἧς
917 792 965 853 καὶ
987 791 1019 852 τδ
1040 790 1226 873 ὑποκείμενον
1250 795 1346 872 σῶμα,
1369 789 1403 852 ού
1426 789 1503 851 ἐστιν

225 891 333 960 οεῖδος
355 894 374 975 ἡ
398 895 494 956 τοιάδε
517 895 611 978 ψυχή,
633 893 838 976 ποικιλώτερύν
861 916 892 956 τε
915 894 962 956 καί
986 894 1221 977 δργανικῶτερον.
1259 893 1285 954 εί
1307 892 1339 955 δέ
1362 915 1403 976 τῳ
1426 893 1508 954 δοκεῖ

254 994 379 1058 αύτύδεν
406 996 561 1059 ἀκούσαντι
588 995 748 1080 παράδοξον
775 993 847 1058 εἶναι
873 996 905 1058 τὸ
932 996 985 1078 τὴν
1008 996 1107 1080 ψυχὴν
1135 992 1210 1063 εἶδος
1238 994 1309 1057 είναι
1335 995 1427 1076 λέγειν
1453 996 1503 1055 τοῦ

253 1098 384 1160 τοιούτου
407 1100 543 1181 σώματος
569 1099 617 1160 καὶ
639 1097 738 1183 φύσιν,
766 1100 806 1166 ῶς
828 1102 878 1160 τοῦ
906 1099 995 1180 πυρὸς
1022 1099 1073 1181 τὴν
1096 1096 1277 1181 κουφότητα,
1305 1097 1347 1165 εἰς
1372 1096 1424 1178 τὴν
1447 1099 1504 1157 τῶν
1518 1111 1545 1152 ιυ

257 1201 404 1283 σωμάτων
426 1201 539 1263 ἀπιδὼν
562 1201 712 1284 διαφοράν,
735 1200 776 1262 ῶν
798 1203 888 1262 ταῦτα
910 1198 985 1283 εἴδη,
1008 1201 1054 1263 καί
1077 1200 1129 1282 τὴν
1151 1200 1181 1262 ἐν
1203 1204 1264 1267 τοῖς
1285 1199 1428 1283 ἐμψύχοις
1449 1200 1505 1264 σώ-

258 1324 344 1383 μασιν
368 1292 437 1366 ίδῶν
465 1302 647 1385 κατασκευὴν
674 1301 825 1387 ἀμύθητον
852 1300 921 1364 ὅσον
944 1302 1136 1386 διαφέρουσαν
1164 1307 1216 1385 τῆς
1242 1307 1299 1364 τῶν
1327 1303 1427 1364 ἁπλῶν
1451 1321 1528 1362 σω-·

214 1422 243 1464 ιο
256 1407 371 1488 μάτων,
396 1404 449 1467 οὐκ
472 1403 505 1467 ἄν
529 1402 572 1467 ἔτι
593 1403 740 1488 παράδοξα
762 1403 854 1486 λέγειν
876 1404 941 1472 τούς
957 1404 1034 1467 οὕτω
1049 1404 1184 1485 λέγοντας
1206 1404 1415 1488 ὑπολαμβάνοι,
1431 1402 1504 1484 εἴγε

256 1509 297 1591 μὴ
321 1507 497 1590 παράδοξον,
525 1506 600 1570 ἀλλὰ
626 1509 732 1575 παντὸς
762 1510 871 1590 μᾶλλον
899 1505 1032 1589 εὔλογον,
1059 1508 1091 1569 τὸ
1118 1507 1152 1589 ἢν
1179 1504 1243 1591 ἔχει
1269 1507 1304 1569 τὰ
1331 1506 1504 1588 ὑποκείμενα

254 1615 315 1678 τοῖς
340 1610 444 1672 εἴδεσιν
473 1590 596 1692 δώματα
622 1610 773 1692 ἀναλογίαν
801 1610 872 1694 πρὸς
901 1608 1028 1693 άλληλα,
1054 1609 1161 1692 ταύτην
1185 1610 1234 1672 καί
1260 1609 1295 1672 τὰ
1320 1607 1384 1692 εἴδη
1407 1608 1503 1672 αὐτῶν

257 1715 362 1783 σώζειν
384 1711 455 1795 πρὸς
477 1710 559 1774 αὐτά.

332 1809 394 1878 Ὅτι
415 1816 470 1897 γὰρ
493 1813 569 1882 είδυς
591 1815 609 1896 ἡ
633 1816 727 1900 ψυχή,
750 1815 797 1877 καί
824 1815 883 1877 ῶδε
907 1813 941 1876 ἂν
963 1814 1129 1877 δεικνύοιτο.
1163 1815 1344 1898 ὁμολογεῖται
1370 1815 1403 1877 τὸ
1427 1818 1503 1898 ζῷον
1518 1828 1545 1870 ιο

212 1933 240 1977 15
253 1918 287 1980 ἐκ
309 1922 406 2001 ι’ρυχῇς
433 1917 505 1979 εἶναι
531 1917 579 1980 καί
606 1921 751 2001 σώματος.
796 1915 829 1980 ἔκ
856 1941 938 1979 τινων
965 1919 998 1980 δὲ
1024 1916 1099 1980 εἶναι’
1123 1941 1148 1979 τι
1170 1917 1282 1999 λέγεται
1310 1917 1374 2000 ἦτοι
1401 1920 1441 1985 ῶς
1468 1916 1502 1978 ἐκ

253 2026 351 2103 μερῶν
374 2019 548 2101 σωζομένων
571 2021 601 2082 ἐν
624 2024 666 2105 τῷ
692 2021 753 2105 ὅλῳ
776 2021 823 2083 καὶ
845 2021 996 2094 τοιούτων,
1022 2020 1063 2088 είς
1084 2019 1104 2082 ἃ
1126 2021 1174 2082 καί
1197 2021 1360 2104 διαιρεῖται,
1387 2023 1428 2087 ῶς
1449 2020 1501 2101 τὴν

253 2122 346 2185 οίκίαν
368 2121 489 2204 λέγομεν
512 2121 546 2184 ἐκ
569 2122 707 2191 πλίνθων,
730 2123 749 2205 ἦ
774 2125 814 2191 ῶς
837 2123 869 2184 τδ
886 2123 1060 2206 κεκραμένον
1083 2120 1116 2186 ἔκ
1138 2146 1232 2197 τινων,
1256 2126 1296 2190 ῶς
1317 2124 1350 2185 τὸ
1374 2123 1504 2205 μελίκρα-

253 2247 302 2287 τον
324 2224 422 2305 (τυῦτο
445 2224 499 2308 γὰρ
522 2224 551 2293 ἐξ
574 2224 677 2292 ὕδατος
703 2225 751 2287 καὶ
775 2225 888 2308 μέλιτος
914 2224 989 2287 εἶναί
1008 2248 1118 2309 φαμεν,
1147 2226 1188 2295 είς
1210 2225 1229 2289 ἃ
1252 2225 1348 2289 οὐκέτι
1372 2226 1405 2287 τδ
1429 2224 1503 2308 μελί-
1518 2240 1545 2282 ου

253 2350 357 2410 κρατον
381 2328 529 2410 διαιρεῖται
555 2331 597 2410 τῷ
627 2329 701 2410 μήτε
724 2328 874 2400 σώζεσθαί
898 2351 925 2389 τι
946 2326 1042 2390 αὐτῶν
1066 2329 1140 2411 μήτε
1164 2328 1237 2411 μετὰ
1266 2329 1317 2410 τὴν
1340 2331 1439 2410 κρᾶσιν
1462 2324 1504 2389 ἔτι

213 2431 307 2513 ουτὴν
330 2430 428 2491 αὑτῶν
451 2429 609 2513 φυλάσσειν
631 2429 747 2513 φύσιν),
775 2431 793 2514 ἢ
818 2433 858 2499 ῶς
880 2429 909 2499 ἐξ
932 2430 1002 2514 ύλιγς
1029 2454 1060 2493 τε
1082 2431 1131 2492 καί
1153 2429 1256 2504 εἴδους,
1280 2434 1320 2499 ῶς
1343 2432 1390 2493 τδν
1414 2430 1509 2518 ἀνδριρ

253 2535 325 2596 άντα
347 2531 469 2613 λέγομεν
492 2531 525 2594 ἐκ
541 2534 652 2616 χαλκοῦ
675 2556 706 2594 τε
728 2534 775 2596 καὶ
799 2534 960 2618 σχήματος.
995 2533 1068 2595 κατὰ
1090 2533 1210 2601 τούτους
1232 2533 1269 2616 δὴ
1292 2533 1359 2601 τοὺς
1380 2531 1505 2617 τρόπους

257 2640 308 2699 τοῦ
332 2633 366 2697 ἔκ
392 2657 476 2696 τινων
499 2632 571 2696 εἶναι
597 2635 754 2718 λεγομένου
784 2637 885 2699 καὶτὸ
911 2632 914 2720 ί
940 2640 1015 2719 ζῷον
1039 2634 1073 2698 ἂν
1101 2635 1134 2698 ἐκ
1155 2639 1255 2720 ψυχῆς
1282 2636 1329 2698 καί
1353 2637 1488 2718 σώματος
1509 2650 1559 2694 νισι

203 2862 215 2911 1
237 2857 474 2927 μετὰ-πλειόνων]
493 2859 663 2926 eingerichtet
681 2858 722 2910 ldr
740 2860 953 2928 (enlspreehend)
973 2861 1155 2913 verschiedene
1173 2860 1262 2913 Krnlte
1368 2858 1384 2910 ·2
1402 2857 1438 2910 διὸ
1456 2873 1506 2911 om.

200 2949 218 2999 4
245 2944 398 3016 τελεωτέρα]
418 2946 488 2998 hebr.
507 2946 584 2998 vertit
602 2944 763 3016 τελειοτίρων
874 2947 1038 3016 ὑποκείμενον
1057 2963 1107 3001 om.
1218 2946 1286 3000 5-9
1315 2947 1337 2999 τί
1355 2945 1381 2998 δί
1399 2964 1559 3015 τιμ-κατα-

200 3033 306 3103 σκευὴν]
327 3034 416 3099 Wenn
433 3035 494 3085 eber
510 3033 630 3101 jemand,
654 3033 698 3085 der
715 3033 806 3101 gehdrt
824 3035 882 3101 hat,
904 3051 956 3087 wer
975 3039 1020 3088 wir
1038 3036 1094 3088 hier
1113 3039 1204 3104 geeegt
1223 3032 1320 3100 haben,
1343 3035 1403 3086 dees
1423 3025 1558 3101 [ndnilieh]

201 3122 243 3174 die
261 3122 336 3174 Seele
354 3121 465 3172 ldrwnhr
487 3124 545 3173 eine
565 3121 640 3173 dorm
659 3120 701 3173 lfir
719 3123 796 3173 einen
815 3121 963 3190 dererligen
980 3124 1080 3192 Kdrper
1101 3123 1156 3174 und
1177 3123 1236 3174 eine
1255 3122 1337 3174 Netur
1359 3120 1494 3173 desselben
1513 3122 1559 3184 sei,

202 3211 249 3262 wie
270 3211 313 3262 die
332 3208 508 3277 Leiehliglreit
526 3210 561 3259 irn
580 3208 742 3261 l'erhr'dlniss
761 3226 818 3261 zum
838 3211 929 3274 Fener,
949 3212 1061 3279 [rlauben
1079 3209 1163 3275 sollte,
1184 3209 1244 3262 dass
1263 3208 1310 3260 des
1327 3209 1445 3261 Ketzerei
1460 3205 1511 3267 eei.
1530 3222 1559 3260 so

203 3297 265 3349 wird
284 3313 320 3360 er,
339 3312 414 3348 wenn
432 3296 474 3348 die
495 3294 724 3348 l'ersehiedenheit
742 3297 787 3348 der
805 3299 903 3367 lldrper
922 3299 1064 3351 belreehtet
1083 3297 1155 3362 wird,
1173 3296 1257 3349 denen
1277 3296 1347 3349 diese
1365 3296 1441 3348 Form
1460 3296 1560 3365 gehdrt‚

205 3385 259 3436 und
280 3400 354 3436 wenn
372 3384 414 3435 die
432 3383 606 3451 Einriehlung
625 3385 652 3435 in
672 3382 721 3436 den
741 3385 872 3438 beseelten
891 3386 1008 3453 Κδιρυιιι
1028 3384 1138 3437 bedeeht
1157 3383 1228 3448 wird,
1245 3383 1304 3465 und
1319 3400 1346 3436 er
1364 3383 1431 3435 eieht

206 3471 307 3523 12-13
335 3470 453 3540 ταύτην·
466 3469 526 3539 πρὸς
544 3468 620 3538 αύτά]
642 3486 709 3540 ganz
728 3473 846 3526 desselbe
865 3474 1028 3526 Verhdltniss
1046 3474 1082 3525 ist
1100 3471 1227 3524 zwiselren
1245 3471 1318 3523 ihren
1336 3471 1457 3535 Formen3
1475 3468 1559 3538 [nem-

203 3556 267 3626 lielr]
287 3558 333 3609 der
351 3560 428 3610 einen
447 3574 493 3610 zur
511 3559 610 3610 endem
728 3559 759 3611 14
787 3558 845 3630 γὰρ]
864 3561 926 3612 aber
1040 3560 1083 3611 καί
1101 3558 1151 3611 det
1170 3557 1200 3610 ἂν
1218 3556 1365 3626 διικνύοιτυ]
1384 3557 1425 3610 die
1444 3557 1558 3610 Erldute·

203 3661 272 3713 rung
290 3646 376 3698 daron
394 3646 466 3697 lrann
484 3646 550 3697 eueh
576 3660 626 3696 von
645 3645 689 3698 der
706 3645 845 3714 folgenden
864 3646 933 3700 Selte
958 3665 1005 3700 nne
1024 3648 1148 3716 begriffen
1167 3647 1266 3698 werden
1390 3643 1558 3714 ὁμολογεῖται]

203 3733 314 3785 ιιῶιιλίιίι
334 3734 419 3785 daron
441 3733 501 3784 dees
520 3735 670 3800 eugegeben
690 3732 816 3802 [worden]
942 3737 972 3787 16
1000 3734 1136 3804 καὶ-ῶς]
1161 3749 1189 3786 se
1208 3734 1268 3785 dass
1287 3749 1314 3784 es
1334 3730 1392 3799 [das
1411 3730 1511 3799 Ganze]
1530 3733 1559 3783 in

203 3822 240 3872 sie
259 3820 349 3888 geteilt
367 3821 468 3872 werden
487 3821 567 3884 kann,
585 3822 633 3871 wie
743 3821 774 3872 17
793 3821 822 3873 ίκ
841 3822 965 3892 πλίνθων]
984 3839 1032 3875 aus
1052 3823 1160 3890 Ziegeln
1178 3820 1232 3873 und
1252 3820 1359 3872 Stelnen
1472 3819 1502 3871 19
1521 3821 1558 3887 τῷ

203 3909 267 3976 μήτε
281 3945 306 3959 ..
321 3905 395 3976 μήτε]
415 3907 485 3959 denn
504 3907 592 3959 heines
611 3906 692 3960 bleibt
711 3936 742 3944 —
763 3910 830 3961 noch
849 3911 984 3963 bewahren
1003 3912 1041 3963 sie

205 4115 264 4168 ίδν
284 4116 323 4167 Va
381 4112 579 4167 ἳποικίλλουυ
637 4118 653 4167 3
671 4117 700 4167 τὸ
718 4122 778 4183 post
796 4122 869 4184 σῶμα
889 4132 974 4168 oure
1032 4115 1299 4187 ὀπυικιλλῶτερύνσ
1361 4113 1429 4166 lev
1486 4129 1560 4165 τιυο

121 4210 125 4221 ”
205 4203 219 4251 6
248 4201 368 4268 αδτύίίεν]
391 4201 423 4254 τί.
443 4201 499 4271 περί
517 4203 630 4269 κράσεως
653 4203 696 4254 καί
714 4202 842 4272 αὐξήσεως
864 4203 983 4256 redde:
1011 4202 1117 4256 αύτύδεν
1140 4202 1188 4272 ἤδη
1208 4203 1354 4273 προσπίπτει
1377 4201 1406 4254 τδ
1430 4201 1466 4272 μὴ
1485 4208 1559 4269 σῶμα

203 4289 265 4342 εἶναι
285 4289 316 4341 τὸ
334 4296 409 4357 σῶμα
428 4287 570 4358 δεδεγμένον
641 4291 656 4341 7
677 4291 720 4342 καὶ
738 4289 811 4359 φύσιν
829 4291 864 4342 V:
884 4292 927 4342 καί
945 4293 1012 4344 παρὰ
1030 4290 1103 4359 φύσιν
1121 4307 1145 4355 a,
1164 4289 1196 4342 cf.
1207 4289 1268 4353 3:20
1285 4288 1315 4342 τὸ
1333 4287 1414 4347 οὕτως
1432 4288 1559 4359 γινόμενον

203 4377 265 4434 ποις
283 4378 300 4446 e
319 4376 389 4446 φνας
479 4377 509 4428 ιι
529 4375 561 4446 ἢν
580 4376 663 4446 effla
702 4384 704 4389 ⁴
760 4378 791 4430 13
810 4378 919 4431 fortasse
937 4343 999 4448 πῶς
1017 4376 1114 4446 enen
1134 4378 1192 4430 viee
1210 4379 1258 4430 τοι
1277 4379 1348 4430 henr.
1367 4381 1394 4429 et
1411 4376 1443 4429 ιι.
1461 4375 1491 4428 οι
1509 4375 1558 4428 σο.

205 4468 285 4525 ζουειν
304 4465 327 4516 οἱ
346 4462 429 4522 οὕτως
447 4463 559 4533 λίγυντες
576 4464 624 4534 τὴν
642 4469 687 4515 τοῦ
707 4463 787 4522 εἴδους
809 4464 940 4535 ἀναλογίαν
963 4470 1008 4517 τοῦ
1028 4466 1053 4517 ἐν
1071 4468 1110 4534 τῷ
1128 4462 1186 4534 ζιμω
1209 4465 1272 4537 πρὸς
1289 4468 1320 4517 τά
1339 4464 1396 4539 εἴδη,
1412 4466 1444 4516 τοί
1461 4480 1488 4515 τι
1506 4468 1559 4514 τῶν

203 4550 291 4604 ἁπλῶν
311 4553 440 4619 σωμάτων
459 4554 502 4604 καὶ
519 4553 551 4603 τὰ
564 4557 622 4618 ,τῶν
639 4552 777 4619 γινομένων
796 4552 862 4604 κατὰ
880 4553 971 4622 τέχνην
994 4551 1100 4605 lddvdl
1179 4553 1209 4605 14
1231 4551 1320 4626 ,Ἀρχὴ-
1339 4557 1385 4621 τῆς
1403 4548 1559 4610 ἀποδείξεως.

203 4638 239 4690 δτι
252 4639 343 4708 εἶδοςί,
358 4640 453 4712 ψυχή.“
484 4639 579 4709 ὅτιγὰρ
599 4640 621 4691 V
641 4639 825 4711 (ἀρχὴ-ψυχὴ
846 4641 873 4692 in
886 4640 978 4708 marg.)
997 4657 1024 4692 a:
1046 4641 1127 4714 ,ἀρχὴ
1146 4644 1190 4710 τῆς
1209 4638 1381 4699 ἀπυδείξεω;.“
1415 4637 1516 4708 ὅτιγὰρ
1535 4636 1558 4688 Κ

208 4729 235 4776 Ι-ἰ
254 4728 284 4779 ἐκ
303 4733 380 4778 τινῶν
401 4727 422 4777 l'
514 4728 545 4778 ld
564 4725 724 4780 καὶτούτων
743 4728 783 4779 lla
876 4727 904 4778 ll
925 4726 1017 4795 υίκίαν]
1038 4747 1046 4779 ι
1064 4743 1128 4780 corr.
1148 4745 1180 4781 ex
1200 4729 1260 4780 τιν
1350 4725 1559 4796 κεκραμμένονο

207 4818 234 4863 lll
262 4813 463 4883 μήτε...μιίγπε
481 4814 586 4880 scripsi:
605 4814 641 4883 μὴ
660 4813 789 4887 demean
809 4813 835 4866 δὲ
854 4816 919 4867 l'Kn
1024 4816 1151 4886 κράσινλί
1259 4815 1293 4869 20
1315 4801 1403 4866 ἀύτῶν
1423 4814 1462 4866 λό

196 4899 367 4974 ’ἀλδμώδᾶὸ
