3540 5610
679 305 821 364 ΒΙΒΛΙΟΝ
841 304 979 363 ΠΡΩΤΟΝ
998 306 1099 372 3-4,1
1209 384 1214 393 ⁸
1548 299 1569 364 9

350 484 387 550 A.
425 483 468 550 Τὸ
490 484 516 548 θ’
537 484 567 554 ἐξ
589 484 716 568 ἀνάγκης
738 483 879 564 ἑπόμενον
902 482 986 566 αἰτίῳ
1001 481 1054 543 τινὶ
1074 480 1228 564 ὡρισμένῳ
1251 503 1283 541 τε
1305 478 1353 541 καλ
1375 496 1516 560 προκατα·

261 589 436 673 βεβλημένῳ
464 586 512 672 ἀρ’
540 587 573 650 οὐ
596 589 679 650 δοκεῖ
704 607 749 649 σοι
771 585 955 649 κεκωλῦσθαι
982 584 1031 648 ὑπ’
1059 584 1147 648 αὐτοῦ
1174 583 1271 652 άλλως
1293 604 1356 650 πως
1383 580 1423 663 μὴ
1446 579 1556 661 xiva-15

262 693 335 754 σθαι
357 692 377 774 ἢ
400 689 481 776 ἔχειν
502 691 580 775 παρὰ
602 692 654 773 την
677 689 749 774 πρὸς
770 689 841 753 αὐτὸ
865 689 1054 768 ἀκολουθίαν;

352 791 390 857 Β.
434 795 525 857 Δοκεῖ
544 794 592 856 καὶ
615 797 709 856 τοῦτο.

224 917 242 964 5

263 1002 314 1063 τὸν
336 1002 429 1064 ἐκεῖνο
452 999 587 1081 γενέσθαι
610 999 738 1082 λέγοιτο,
765 997 797 1060 εἴ
813 1021 845 1080 γε
869 998 990 1062 ὸυνατὸν
1013 999 1073 1062 ἐστι
1096 1001 1181 1059 τοῦτο
1204 996 1220 1058 ὸ
1243 994 1304 1058 οἷὸν
1325 1017 1357 1056 τε
1379 992 1514 1075 γενέσθαι
1528 1006 1556 1048 νο

263 1105 414 1166 ἀκώλυτον
437 1101 484 1181 ὄν;
517 1101 585 1165 καθ’
611 1101 661 1171 οὓς
683 1103 736 1186 γάρ
759 1103 881 1165 ὸυνατὸν
904 1102 1038 1183 γενέσθαι
1062 1102 1094 1163 τὸ
1119 1101 1159 1183 μὴ
1182 1096 1395 1180 κεκωλυμένον,
1417 1097 1450 1158 τὸ
1474 1119 1517 1158 κε-

263 1207 433 1289 κωλυμένον
456 1206 589 1287 γενέσθαι
612 1204 665 1267 οὐκ
688 1203 722 1267 ἀν
745 1204 791 1287 εἴη
815 1204 948 1268 δυνατόν·
971 1209 1056 1268 τοῦτο
1080 1205 1111 1266 δὲ
1134 1206 1298 1266 κεκώλυται
1320 1201 1464 1285 γενέσθαι.

351 1308 386 1374 Β.
427 1308 538 1391 Ὀρθῶς
562 1332 612 1391 μοι
635 1310 682 1370 καὶ
704 1312 792 1370 τοῦτο
815 1310 909 1376 δοκεῖς
930 1308 1031 1391 λέγειν.
1532 1318 1588 1360 2⁶·

211 1434 244 1479 ιο
351 1411 387 1476 Α.
418 1410 496 1476 Ἀλλ’
517 1412 542 1474 εἰ
564 1416 654 1475 ταῦτα
677 1416 777 1474 τοῦτον
800 1409 879 1496 ἔχειν
901 1433 946 1475 σοι
969 1414 1050 1474 δοκεῖ
1070 1413 1118 1474 τὸν
1141 1410 1256 1494 τρόπον,
1279 1413 1368 1492 δῆλον
1392 1411 1432 1478 ὡς
1455 1429 1518 1491 συγ·

263 1517 394 1602 χωροὶης
422 1515 456 1579 ἀν
484 1517 532 1578 καὶ
557 1521 601 1600 τῷ
628 1517 737 1583 τούτοις
762 1512 766 1599 λ
791 1514 936 1599 ἑπομένῳ.
986 1513 1048 1578 ἔστι
1076 1515 1108 1577 δὲ
1134 1518 1234 1586 τοῦτο,
1260 1517 1319 1575 τῶν
1345 1512 1519 1594 γιγνομένων
1537 1517 1570 1574 23

264 1620 340 1682 κατὰ
362 1620 461 1702 εἱρμὸν
484 1620 582 1682 αἰτίων
605 1621 651 1682 καὶ
674 1616 737 1682 κατ’
767 1619 858 1686 αἰτίας
881 1617 1191 1702 προκαταβεβλημένας
1218 1618 1307 1700 μηδὲν
1330 1615 1427 1684 άλλως
1448 1616 1518 1697 γίνε-

264 1726 336 1787 σθαι
363 1723 491 1786 δυνατόν.
542 1722 640 1786 ἕποιτο
669 1720 694 1785 δ’
723 1721 757 1785 ἀν
783 1723 877 1806 τούτῳ
908 1724 1032 1806 κειμένῳ
1060 1722 1092 1783 τὸ
1121 1719 1188 1784 καθ’
1216 1719 1265 1788 οὓς
1296 1721 1387 1782 πάντα
1412 1719 1518 1799 γίνεται

264 1825 334 1889 καθ’
361 1825 537 1910 εἱμαρμένην
565 1827 639 1906 μόνα
664 1826 736 1888 εἶναι
765 1830 854 1887 ταῦτα
882 1828 1001 1896 δυνατά,
1034 1824 1089 1888 ὅσα
1116 1826 1236 1908 γίνεται,
1266 1829 1308 1908 τη]
1338 1827 1394 1884 πᾶν
1421 1823 1454 1884 τὸ
1478 1822 1518 1904 μὴ
1545 1836 1559 1877 ⁵

214 1951 246 1998 15
266 1933 415 2013 γινόμενον
439 1931 479 2012 μὴ
495 1930 625 2010 γίνεσθαι
648 1929 695 1991 ὸιά
714 1931 747 1992 τὸ
771 1927 840 2012 [μὴ]
866 1931 1050 1992 κεκωλῦσθαι
1070 1928 1206 2011 γενέσθαι
1228 1927 1284 1989 ὑπὸ
1304 1932 1362 1988 τῶν
1378 1946 1518 2009 προκατα·

268 2033 456 2119 βεβλημένων
478 2038 536 2095 τῶν
558 2031 714 2113 γινομένων
738 2033 846 2095 αἰτίων.

353 2133 388 2199 Β.
434 2134 503 2204 Πῶς
523 2136 577 2219 γὰρ
600 2135 634 2198 οὐ
658 2137 840 2220 συγχωροίην
865 2133 899 2197 ἀν
923 2134 966 2201 οἱς
989 2135 1093 2217 φθάνω
1117 2136 1363 2217 συγκεχωρηκῶς.
1532 2147 1558 2188 ιο

352 2238 387 2302 A.
421 2237 514 2302 Ἀλλὰ
538 2240 595 2320 μὴν
618 2236 712 2302 ἔκειτο
734 2243 803 2323 ημῖν
827 2240 929 2301 καὶτὸ
952 2240 1045 2300 πάντα
1066 2241 1167 2300 τοῦτον
1189 2237 1325 2319 γινόμενα
1348 2236 1396 2298 τὸν
1412 2235 1517 2318 τρόπον

264 2343 296 2411 ἐξ
320 2344 445 2426 ἀνάγκης
466 2344 606 2423 γίνεσθαι.

207 2466 244 2513 20
352 2443 387 2510 B.
427 2443 542 2509 Ἔκειτο
564 2448 629 2529 γάρ.

353 2565 389 2629 Α.
428 2564 480 2634 Οἱς
503 2568 588 2628 πάλιν
610 2564 701 2629 έποιτ’
724 2565 757 2629 ἀν
780 2568 813 2629 τὸ
830 2564 904 2648 μόνα
925 2564 998 2627 εἶναι
1021 2569 1110 2627 ταῦτα
1125 2566 1243 2638 δυνατά,
1266 2562 1322 2626 ὅσοι
1344 2563 1374 2632 ἐξ
1389 2564 1516 2646 ἀνάγκης
1532 2577 1558 2620 ιο

263 2672 380 2751 γίνεται.
414 2671 440 2732 εἰ
461 2669 515 2752 γάρ
540 2667 614 2751 μόνοι
636 2671 687 2752 μὲν
711 2671 816 2733 ὸυνατά
839 2669 874 2731 τά
891 2669 1040 2751 γινόμενα,
1063 2668 1099 2730 τὰ
1121 2669 1153 2730 δὲ
1174 2668 1308 2750 γινόμενα
1330 2669 1423 2730 πάντα
1446 2665 1514 2728 καθ’

262 2776 364 2858 εἱρμὸν
386 2775 484 2837 αἰτίων
508 2773 622 2854 γίνεται,
645 2773 680 2836 τά
704 2770 729 2835 δ’
756 2773 848 2840 οὕτως
870 2771 1004 2854 γινόμενα
1027 2772 1057 2841 ἐξ
1080 2773 1207 2856 ἀνάγκης
1227 2771 1344 2852 γίνεται,
1367 2773 1455 2855 ὸηλον
1479 2773 1519 2838 ῶς

264 2877 341 2957 μόνα
363 2876 398 2939 ἀν
421 2876 467 2958 εἴη
491 2876 599 2939 ὸυνατά
622 2877 657 2939 τὰ
679 2875 710 2944 ἐξ
732 2877 858 2960 ἀνάγκης
879 2874 1025 2957 γινόμενα.

203 3001 238 3049 25
350 2974 386 3044 Β.
434 2979 534 3062 Αέγεις
556 2981 664 3063 ὀρθῶς.
1531 2993 1559 3034 υυ

351 3081 388 3146 A.
432 3080 516 3146 Αλλά
538 3083 596 3165 μἠν
624 3080 691 3143 καθ’
720 3079 769 3148 οὓς
796 3084 889 3144 πάντα
918 3081 986 3145 καθ’
1014 3081 1191 3165 εἱμαρμένην
1212 3082 1334 3163 γίνεται,
1362 3080 1435 3144 κατά
1457 3081 1520 3144 τού-

261 3208 332 3252 τους
353 3187 447 3248 πάντα
469 3183 536 3247 καθ’
564 3184 665 3267 εἱρμὸν
689 3184 789 3246 αἰτίων
811 3185 928 3266 γίνεται.

350 3285 386 3352 Β.
433 3287 502 3357 Πῶς
522 3287 576 3370 γὰρ
600 3286 707 3354 ἄλλως.

350 3390 388 3455 A.
434 3388 513 3454 Καθ’
533 3389 584 3459 οὓς
606 3390 664 3474 άρα
686 3391 780 3453 πάντα
803 3389 872 3453 καθ’
893 3390 1072 3475 εἱμαρμένην
1095 3391 1210 3472 γίνεται,
1234 3390 1307 3452 κατὰ
1330 3391 1447 3460 τούτους
1470 3389 1518 3474 μό·
1534 3407 1561 3450 ευ

202 3516 241 3564 3ο
260 3519 323 3564 νον,
346 3493 362 3556 ὃ
386 3493 416 3562 ἐξ
430 3495 557 3578 ἀνάγκης
576 3494 692 3577 γίνεται,
718 3497 758 3562 ῶς
781 3495 812 3557 τὸ
837 3491 913 3557 ἔστιν
936 3493 1064 3576 ἢέσται,
1088 3499 1172 3557 τοῦτο
1196 3494 1282 3576 μόνον
1305 3496 1425 3557 δυνατὸν
1448 3495 1521 3559 εἶναι

261 3597 328 3662 κατ’
356 3598 470 3666 αὐτούς.
496 3596 499 3683 γ

350 3697 387 3764 Β.
430 3699 559 3784 Ἀνάγκη
582 3702 666 3785 γάρ..
1536 3709 1570 3765 24

351 3818 388 3884 A.
429 3818 523 3886 Ἀλλά
546 3824 603 3904 μὴν
626 3822 661 3884 τὰ
685 3821 714 3890 ἐξ
738 3823 863 3905 ἀνάγκης
886 3821 1020 3905 γινόμενοι
1043 3820 1099 3905 οὐχ
1123 3820 1184 3884 οἶόν
1207 3845 1237 3883 τε
1262 3823 1301 3905 μὴ
1324 3822 1473 3902 γενέσθαι·
1504 3822 1520 3884 ὃ

262 3925 319 4007 γάρ
342 3923 404 3987 οἱάν
426 3948 459 3987 τε
481 3924 551 4009 [μὴ]
574 3925 718 4005 γενέσθαι,
743 3925 893 4008 ἐνδέχεται
911 3929 995 3988 τοῦτο
1012 3926 1060 3987 καλ
1077 3926 1118 4007 μὴ
1133 3924 1280 4006 γενέσθαι,
1303 3925 1335 3986 τὸ
1358 3926 1390 3987 ὸὲ
1405 3924 1521 4009 ἐνὸεχό·

206 4219 305 4270 ’ὶπῶσ
322 4219 387 4282 (aec.
406 4217 455 4270 del.
474 4216 527 4282 m²)
547 4220 578 4267 V:
602 4216 710 4269 fortasse
729 4234 784 4274 πως
802 4216 840 4286 (ἡ)
950 4218 965 4267 6
992 4215 1088 4285 λέγοιτο
1109 4234 1172 4270 corr.
1193 4234 1225 4269 ex
1244 4217 1310 4286 λέγοι
1328 4235 1356 4268 τε
1374 4222 1398 4268 V
1481 4217 1575 4271 ὸαυιο

207 4306 316 4358 ὸυνατόν
335 4305 496 4372 transposuit
514 4321 531 4356 a
646 4305 662 4356 8
682 4303 798 4373 δυνατόν]
822 4324 837 4357 α
857 4321 876 4357 s.
896 4322 918 4357 ν.
936 4310 967 4356 V:
987 4304 1013 4356 ὸε
1033 4309 1054 4354 V
1164 4306 1197 4358 10
1214 4305 1284 4357 δοκεῖ
1301 4322 1351 4357 om.
1370 4309 1476 4359 FGSLa
1495 4306 1538 4374 Sp.

207 4402 272 4445 ame
292 4392 368 4462 δῆλον
387 4395 506 4445 iteratum
526 4391 597 4444 ὸοκεί
614 4391 664 4444 del.
685 4397 716 4443 V:
749 4409 798 4444 om.
817 4396 875 4445 BR:
906 4392 977 4445 δοκεῖ
994 4392 1070 4462 δῆλον
1088 4396 1194 4447 FGSLa
1303 4393 1333 4444 13
1365 4393 1485 4462 κειμένῳ]
1506 4413 1527 4462 ῳ
1546 4395 1575 4446 in

208 4483 251 4533 lit.
270 4484 294 4531 V
369 4482 400 4532 14
418 4480 484 4547 μόνα
503 4479 635 4533 VBR²S²2
654 4482 734 4531 πάντα
753 4481 872 4533 FGS1L:
893 4481 969 4547 μόνον
988 4482 1059 4548 aSp.
1132 4484 1169 4551 τιγῖ
1183 4484 1268 4533 VBR:
1288 4480 1359 4549 αὐτῷ
1378 4480 1539 4547 FGSLaSp.

210 4569 245 4621 15
264 4569 301 4637 μὴ
320 4567 370 4621 del.
390 4571 421 4620 V:
450 4582 499 4619 om.
520 4567 580 4620 libri
691 4568 721 4620 18
749 4567 864 4638 ἀλλομὴν
884 4572 907 4618 V
1026 4569 1055 4620 λθ
1085 4566 1254 4637 ἀνάγγγγρρκησ
1273 4571 1296 4616 V
1418 4568 1450 4619 22
1470 4568 1515 4634 μὲν
1534 4568 1575 4621 ab·

208 4673 285 4707 ναται
303 4673 319 4706 ε
425 4655 458 4705 24
481 4653 593 4723 μόνα]α
619 4655 647 4706 in
664 4655 704 4706 lit.
724 4659 748 4706 V
855 4656 889 4708 30
917 4655 1027 4707 fortasse
1050 4657 1153 4725 γίνεται,
1181 4657 1306 4725 (γίνεται)·
1333 4652 1410 4707 ῶσθ’
1433 4655 1446 4708 ὸ
1470 4656 1534 4708 ἔστιν
1557 4657 1572 4727 η

209 4746 291 4805 ἔσται,
319 4742 428 4795 cf.1.c.
449 4741 499 4793 622
607 4741 671 4812 ἠτὸ
690 4743 792 4794 ἔσταιτι
899 4745 959 4794 εἶναι
983 4743 1122 4795 ὸυναπὸνα
1228 4742 1258 4794 31
1281 4743 1371 4799 αὐτοὺς
1393 4744 1520 4816 (ἀνάγκη).
1539 4746 1571 4798 Β.

208 4827 322 4900 Ἀνάγκη
341 4833 408 4882 coni.
422 4829 466 4899 Sp.
574 4830 607 4882 33
635 4829 693 4906 οὐχ]
719 4829 828 4884 sortasse
854 4829 936 4892 οὕτως
1042 4832 1076 4905 μὴ
1101 4831 1237 4886 delendum
1258 4832 1359 4885 videtur
1383 4831 1414 4883 cf.
1434 4833 1469 4883 ib.

210 4921 256 4973 καὶ
276 4921 368 4974 0111.ss
