3540 5610
278 1303 528 1369 ALEXANDRI
543 1303 899 1372 APHRODISIENSIS
919 1305 976 1370 DE
992 1305 1129 1371 ΑΝΙΜΑ
1149 1308 1263 1372 LIBRI
1283 1308 1498 1375 MANTISSA
1518 1325 1569 1370 τιτι

493 1506 734 1578 [ΑΛΕΞΑΝΔΡΟΥ
756 1507 983 1566 ΑΦΡΟΔΙΣΙΕΩΣ
1007 1506 1087 1564 ΠΕΡΙ
1113 1508 1230 1564 ΨΥΧΗΣ
1253 1499 1287 1584 θ]

352 1785 420 1870 Περὶ
444 1792 542 1873 ψυχῆς
563 1788 591 1849 τί
604 1786 635 1849 τέ
657 1787 781 1851 ἐστικαὶ
804 1787 845 1854 τίς
860 1785 950 1868 αὐτῆς
973 1784 1092 1868 ἡούσία
1114 1788 1162 1850 καί
1182 1789 1244 1851 τίνα
1266 1790 1341 1873 αὐτῇ
1358 1790 1393 1852 τδι
1409 1791 1512 1875 συμβε-

266 1887 386 1970 βηκότα,
409 1889 443 1952 οῦ
463 1889 618 1976 πρόχειρον
641 1890 709 1953 οῦδὲ
731 1889 765 1952 ἐκ
784 1893 835 1951 τοῦ
859 1884 965 1972 ῥᾴστου
988 1890 1178 1973 καταμαθεῖν,
1201 1889 1260 1953 ἀλλ’
1282 1888 1356 1954 ἔστιν
1379 1899 1437 1955 τῶν
1461 1915 1512 1976 za:

236 1993 440 2054 ολεπωτάτων
467 1995 486 2076 ἡ
509 1995 574 2077 περὶ
600 1993 708 2057 τούτων
732 1990 854 2074 θεωρία,
882 1992 972 2053 καίτοι
1001 1990 1032 2052 τό
1059 2015 1091 2073 γε
1117 1991 1188 2055 εἶναι
1214 1994 1267 2076 τὴν
1293 1995 1393 2079 ψυχὴν
1414 2019 1511 2077 γνωρι-

265 2096 397 2176 μώτατον
431 2096 477 2156 καὶ
514 2100 725 2179 φανερώτατον.
775 2091 834 2157 ἀλλ’
869 2091 944 2157 ἔστιν
978 2093 1071 2155 πολλὰ
1103 2101 1160 2156 τῶν
1191 2094 1296 2174 ὄντων,
1330 2095 1349 2158 ἃ
1375 2098 1427 2180 τὴν
1461 2097 1512 2181 μὲν

203 2223 210 2234 ·
264 2197 380 2280 ῦπαρίιν
397 2194 460 2283 ἔχει
475 2198 709 2282 γνωριμωτάτην,
729 2196 947 2280 ἀγνωττοτοίτην
963 2196 995 2258 δὲ
1011 2197 1061 2279 τἠν
1077 2196 1187 2267 οὐσίαν,
1210 2199 1307 2280 ὥσπερ
1324 2199 1344 2282 ἧ
1359 2222 1390 2261 τε
1405 2200 1512 2283 κίνησις
1539 2216 1553 2258 ε

263 2301 312 2361 καὶ
335 2301 350 2362 ό
373 2299 475 2375 τόπος,
501 2298 543 2362 ἔτι
566 2300 730 2382 δὲμᾶλλον
758 2297 910 2383 δχρύνος.
955 2299 1077 2362 ἑκάστου
1099 2301 1152 2384 γὰρ
1175 2300 1283 2363 τούτων
1311 2302 1342 2363 τδ
1367 2302 1418 2384 μὲν
1441 2301 1512 2365 εἶναι

262 2405 406 2485 γνώριμον
428 2404 477 2466 καὶ
499 2403 732 2487 ἀναμφίλεκτον,
750 2401 790 2471 τίς
812 2401 845 2464 δέ
867 2401 937 2464 ποτέ
959 2401 1035 2464 ἐστιν
1061 2401 1156 2465 αὐτῶν
1179 2405 1198 2485 η
1221 2403 1319 2481 οῦσία,
1346 2408 1403 2466 τῶν
1427 2408 1512 2489 χαλε-

220 2521 248 2564 ιο
262 2508 404 2570 πωτάτων
431 2509 583 2590 ὁραθῆναι.
627 2502 688 2567 ἔστι
715 2505 746 2566 δὲ
769 2506 805 2588 δή
836 2529 862 2566 τι
889 2509 946 2567 τῶν
974 2504 1110 2567 τοιούτων
1139 2506 1187 2585 καὶ
1214 2508 1233 2589 η
1261 2506 1354 2591 ψυχή.
1400 2508 1432 2570 τό
1460 2509 1511 2588 μὲν

261 2609 316 2692 γὰρ
337 2608 411 2671 εἶναί
431 2634 456 2671 τι
472 2610 523 2691 την
547 2609 644 2691 ψυχὴν
660 2605 881 2690 γνωριμώτατον
903 2608 997 2670 τεκαὶ
1018 2595 1230 2690 φανερώτατον,
1253 2610 1281 2672 τί
1296 2609 1328 2672 δέ
1350 2609 1420 2672 ποτέ
1436 2611 1512 2675 ἐστιν
1526 2627 1554 2669 ιο

262 2711 297 2774 ού
324 2709 421 2796 ῥᾴδιον
448 2711 644 2794 καταμαθεῖν·
678 2710 704 2770 εί
731 2710 766 2792 δὴ
794 2709 847 2789 τὴν
875 2709 970 2792 ἀρχὴν
998 2714 1048 2773 τοῦ
1075 2712 1141 2794 περὶ
1169 2709 1259 2794 αὐτῆς
1285 2711 1371 2793 λόγου
1398 2711 1511 2776 ἄνωθεν

260 2816 414 2900 ἀρξάμενοι
436 2814 636 2897 ποιησαίμεθα
662 2813 720 2875 ἀπδ
743 2817 796 2895 τῆς
821 2816 870 2874 τοῦ
894 2810 975 2881 ὄντος
1003 2813 1043 2882 είς
1065 2813 1101 2876 τὰ
1123 2819 1224 2897 πρῶτα
1253 2814 1321 2896 γένη
1345 2815 1512 2897 διαιρέσεως

260 2919 309 2979 καὶ
325 2917 449 3001 ρανερδν
472 2916 681 3000 ποιησαίμεθα,
704 2915 760 2976 ύπδ
782 2915 811 2976 τί
824 2919 881 2976 τῶν
903 2921 994 2997 γενῶν
1017 2916 1091 2978 ἐστιν
1115 2918 1242 3001 ἡψυχὴ,
1266 2916 1336 2985 ἴσως
1358 2916 1392 2979 ἂν
1409 2917 1510 2981 τούτου

218 3035 245 3079 15
259 3020 393 3103 κειμένου
420 3021 468 3082 καὶ
495 3020 546 3101 τἠν
574 3017 645 3101 όλην
672 3017 770 3080 ούσίαν
799 3017 889 3100 αὐτῆς
918 3018 1065 3101 λάβοιμεν.
1111 3019 1312 3102 διαιρουμένου
1339 3019 1431 3082 τοίνυν
1459 3025 1509 3082 τοῦ

262 3123 344 3192 ὄντος
366 3123 408 3191 είς
429 3123 465 3185 τὰ
491 3127 592 3206 πρώτα
615 3122 663 3183 καὶ
686 3120 825 3183 ἀνωτάτω
847 3119 916 3203 γένη
940 3121 1009 3182 δέκα
1032 3120 1111 3183 ἕντι
1134 3121 1242 3184 τούτων
1265 3123 1313 3185 καὶ
1334 3123 1387 3205 τὴν
1411 3121 1509 3185 ούσίαν

261 3226 337 3289 είναί
357 3249 463 3311 φαμεν,
489 3225 525 3308 ἧς
547 3226 598 3307 τὴν
622 3224 674 3305 μὲν
698 3223 834 3287 σύνθετον
857 3222 992 3304 λέγομεν,
1020 3224 1071 3291 τὰς
1093 3224 1125 3285 δὲ
1147 3224 1177 3293 ἐξ
1200 3226 1240 3286 ών
1262 3248 1299 3308 τη
1323 3225 1454 3309 συνθέτιμ
1476 3227 1509 3288 τδ
1523 3241 1551 3284 ιε

261 3329 344 3392 εἶναι.
387 3327 523 3391 σύνθετον
548 3328 599 3408 μὲν
622 3324 672 3389 οῦν
694 3325 793 3389 οὐσίαν
815 3326 935 3407 λέγομεν
959 3324 1030 3387 εἶναι
1052 3326 1168 3410 ταύτην,
1195 3327 1231 3410 ἧς
1253 3326 1319 3389 τόδε
1342 3352 1367 3390 τι
1390 3351 1510 3410 κατηγο-

261 3437 350 3516 ρῆσαι
365 3431 526 3514 δυναίμεθα,
547 3430 600 3513 τὴν
616 3429 758 3513 αἰσθητήν
782 3451 812 3490 τε
833 3429 881 3491 καὶ
904 3428 1030 3511 ἐνεργείᾳ
1052 3427 1141 3490 οῦσαν
1158 3430 1204 3490 καί
1227 3433 1313 3492 πᾶσιν
1336 3434 1396 3498 τοῖς
1412 3429 1510 3500 ἄλλοις

216 3551 246 3596 νο
261 3535 369 3617 γένεσιν
392 3539 441 3597 τοῦ
465 3531 545 3603 ὄντος
568 3531 773 3616 ὑποκειμένην,
797 3531 857 3595 οίον
879 3528 962 3592 τόνδε
983 3531 1032 3593 τδν
1054 3530 1145 3606 λίθον,
1168 3529 1235 3594 τόδε
1256 3533 1289 3595 τδ
1313 3532 1404 3605 ξύλον,
1427 3533 1509 3596 τόνδε

259 3641 308 3701 τδν
335 3635 457 3722 χρυσόν,
484 3634 604 3698 τόδετὸ
627 3639 683 3719 πῦρ
710 3637 757 3698 καὶ
785 3635 905 3697 ἕκαστον
932 3638 989 3695 τῶν
1016 3633 1163 3696 τοιούτων.
1207 3639 1297 3697 ταῦτα
1323 3635 1376 3718 γὰρ
1403 3636 1451 3698 καὶ
1474 3636 1509 3698 τὰ

259 3745 378 3804 τοιαῦτα
401 3739 493 3801 πάντα
514 3737 608 3801 οὐσίαι
631 3738 772 3802 σύνθετοι.
807 3734 867 3799 ἔστι
889 3736 943 3820 γὰρ
966 3736 996 3798 ἐν
1018 3736 1116 3805 αὐτοῖς
1139 3736 1171 3798 τδ
1187 3735 1239 3817 μέν
1262 3760 1288 3799 τι
1310 3737 1507 3819 ὑποκείμενον,

262 3844 364 3926 δῦλην
387 3845 541 3923 καλοῦμεν,
564 3840 683 3924 δύναμιν
698 3838 768 3925 ἔχον
790 3843 840 3902 τοῦ
856 3837 932 3907 είδύς
955 3861 981 3900 τι
1003 3839 1033 3901 ἐν
1053 3839 1136 3924 αὐτῷ
1152 3838 1303 3923 δέχεσθαι,
1325 3841 1358 3902 τὸ
1374 3842 1406 3903 δὲ
1421 3840 1506 3918 εἶδος,

260 3946 277 4009 δ
303 3946 456 4030 δεξάμενον
483 3944 515 4006 τδ
545 3943 731 4028 ὑποκείμενον
758 3944 914 4026 ἀδιάφορον
943 3941 975 4004 δν
1001 3945 1087 4004 πᾶσιν
1114 3941 1188 4004 κατὰ
1214 3943 1265 4024 τὴν
1294 3943 1383 4005 αὑτοῦ
1411 3944 1506 4027 φύσιν,
1520 3962 1549 4004 νο

215 4065 245 4110 25
260 4050 290 4113 ἐν
313 4049 356 4118 οἷς
381 4049 457 4120 ἐστι,
485 4046 622 4132 διάφορόν
650 4070 681 4109 τε
701 4047 807 4128 γίνεται
835 4047 882 4109 καὶ
909 4044 966 4128 ἤδη
995 4041 1061 4106 τόδε
1083 4067 1122 4117 τι,
1153 4045 1185 4105 τδ
1214 4045 1265 4127 μὲν
1291 4045 1345 4128 γὰρ
1373 4044 1506 4131 ἄργυρος,

261 4154 294 4215 τδ
317 4152 349 4215 δὲ
368 4149 487 4235 γρυσός,
510 4151 543 4212 τδ
567 4150 599 4212 δὲ
617 4153 685 4233 πῦρ,
707 4150 740 4211 τδ
764 4150 797 4212 δὲ
818 4147 889 4212 ἄλλο
913 4171 948 4210 τι.
982 4148 1075 4209 πάντα
1095 4145 1150 4229 γὰρ
1171 4150 1271 4223 ταῦτα,
1294 4147 1397 4211 ταύτὸν
1420 4150 1506 4234 ἀλλή-

262 4258 322 4323 λοις
345 4253 412 4317 ὄντα
439 4253 513 4316 κατὰ
535 4253 587 4336 τὴν
611 4253 681 4335 ῦλην
708 4253 809 4316 τεκαὶ
832 4252 864 4314 τδ
888 4249 1088 4331 ὑποκείμενον,
1119 4249 1247 4312 κατὰτὸ
1270 4249 1347 4319 εἶδος
1368 4249 1432 4336 ἔχει
1454 4252 1505 4336 τὴν

261 4358 410 4442 διαφοράν.
452 4355 601 4436 άναλόγως
621 4355 676 4439 γὰρ
699 4358 740 4424 ὡς
762 4355 810 4417 ἐπὶ
832 4357 889 4416 τῶν
912 4352 985 4416 κατὰ
1007 4351 1112 4437 τέχνην
1134 4351 1290 4436 γινομένων
1313 4350 1390 4438 ἔχει,
1414 4355 1506 4424 ούτως

202 4597 219 4647 3
239 4594 289 4665 τις]
307 4602 368 4663 post
386 4614 394 4647 τ
412 4612 466 4648 una
485 4595 523 4647 lit.
543 4611 578 4647 er.
596 4597 618 4647 V
726 4597 748 4650 7⁴
760 4594 972 4666 γνωριμωτάτην]
991 4612 1022 4665 ην
1040 4594 1069 4645 in
1087 4593 1163 4646 lit.v
1270 4593 1454 4666 ἀγνοστοτάτην
1473 4611 1489 4646 a

201 4685 218 4737 9
239 4682 425 4753 ἀναμφίλεκτον
444 4700 472 4735 a:
491 4681 657 4753 ἀναρίλεκτον
677 4685 699 4736 V
807 4683 839 4734 14
858 4680 1025 4752 ποιησαίμεθα
1044 4697 1095 4734 om.
1114 4699 1129 4735 ο
1238 4682 1268 4734 Π
1287 4682 1332 4740 τὰς
1351 4683 1384 4735 V:
1404 4687 1449 4751 τῆς
1468 4698 1483 4733 ο

201 4770 239 4823 ’23
257 4770 328 4839 αύτιγῑ
347 4771 386 4822 Va
484 4769 517 4822 24
535 4771 644 4824 fortasse
663 4768 692 4823 δν
709 4771 757 4834 (ἐν)
777 4774 850 4821 πᾶσιν
942 4769 1019 4824 αὐτοῦ
1038 4770 1077 4822 Va
1174 4768 1208 4821 28
1225 4768 1374 4840 γινομένων]
1394 4775 1454 4839 post
1471 4787 1485 4823 ο
1502 4785 1557 4822 una

200 4859 243 4911 lit.
262 4873 335 4911 erasa
353 4858 376 4907 V
