3540 5610
200 315 261 380 168
519 314 719 367 ALEXANDRI
744 314 788 366 DE
813 313 920 366 ΑΝΙΜΑ
943 312 1035 366 LIBRI
1058 311 1230 366 MANTISSA

253 487 299 555 τὸς
322 490 369 552 καὶ
392 491 456 573 περὶ
479 489 599 562 ἐκείνου,
622 488 669 549 καὶ
692 485 769 549 τοῦτ’
794 486 835 554 εἰς
857 484 984 570 ἄπειρον.
1029 483 1157 549 καθόλου
1180 484 1221 560 δέ,
1245 485 1271 546 εἰ
1294 486 1312 567 ἡ
1336 484 1424 568 ἀρετὴ
1449 481 1499 544 αύ-

252 591 359 675 τάρκης
381 592 451 676 πρὸς
465 592 498 654 τὸ
514 588 718 674 παρασχέσθαι
740 589 788 651 τὸν
804 589 863 672 βίον
887 591 971 671 ημῶν
987 589 1084 673 ἀκρως
1105 588 1260 668 εὐδαίμονα
1282 589 1329 650 καὶ
1346 587 1497 670 μακάριον,

253 699 314 762 πῶς
329 693 446 776 εύλογος
469 695 599 776 ἐξαγωγὴ
623 698 664 777 τῷ
682 692 733 774 τὴν
757 692 862 775 ἀρετὴν
882 689 978 776 ἔχοντι
1001 691 1031 753 έν
1052 690 1183 773 μακαρίῳ
1207 691 1261 774 βίῳ
1285 688 1357 765 όντι;
1381 692 1422 756 ῶς
1444 687 1498 770 γὰρ
1526 704 1540 744 ο

253 793 360 858 άτοπον
383 797 416 860 τδ
438 797 530 880 λέγειν
554 797 601 859 τὸν
625 795 677 857 Δία
701 793 813 857 ἐθέλειν
829 794 998 868 ἀποθανεῖν,
1021 794 1114 861 οὕτως
1128 791 1235 856 ἀτοπον
1258 793 1375 855 καὶτὸν
1398 792 1501 874 ἐπίσης

225 898 345 983 οτούτιμ
370 900 517 984 μακαρίως
545 903 639 971 ζῶντα
665 898 766 959 έαυτδν
795 897 902 979 ἐξάγειν
926 896 1054 980 εὐλόγως
1080 897 1164 958 τοῦδε
1186 900 1237 958 τοῦ
1260 895 1339 979 βίου,
1366 900 1424 957 τῶν
1448 896 1501 975 μὲν

252 1007 426 1084 σωματικῶν
448 1003 496 1065 καὶ
512 1002 593 1069 ἐντὸς
615 999 781 1084 ἀδιαφόρων
805 997 894 1062 όντων
910 1001 958 1063 καὶ
980 1001 1053 1083 μήτε
1069 997 1227 1061 ποιούντων
1249 998 1301 1081 τὴν
1316 997 1500 1079 εὐδαιμονίαν

254 1105 328 1188 μήτε
351 1104 552 1188 ἀναιρούντων,
575 1109 627 1186 τῆς
650 1103 682 1166 δὲ
705 1103 824 1187 ἀρετῆς,
847 1103 866 1185 ἢ
891 1101 964 1186 μόνη
987 1104 1034 1164 καὶ
1057 1103 1265 1173 κατασκευάζει
1287 1101 1335 1163 τδν
1358 1100 1500 1183 μακάριον

253 1207 313 1291 βίον
336 1207 384 1269 καὶ
406 1208 543 1290 φυλάττει
565 1206 680 1291 βέβαιον
701 1208 842 1289 παροῦσα,
866 1203 1005 1288 μηδέποτ’
1032 1203 1067 1267 ἄν
1090 1203 1304 1287 ἀπολειπούσης
1325 1202 1373 1264 τὸν
1397 1200 1499 1287 σορόν.

254 1310 285 1372 τὸ
307 1309 360 1393 γάρ
384 1312 457 1393 μήτε
481 1309 621 1393 παρόντος
643 1309 717 1377 τινὸς
738 1312 829 1371 κακοῦ
853 1308 926 1390 μήτε
949 1307 1193 1391 προσδοκωμένου
1216 1311 1268 1390 τῆς
1289 1329 1321 1369 τε
1343 1304 1434 1389 ἄκροις
1456 1304 1501 1367 εύ-
1516 1322 1543 1362 ιο

216 1427 240 1470 ιο
254 1412 401 1492 δαιμονίας
423 1413 487 1496 περὶ
507 1411 594 1474 αὐτὸν
616 1410 706 1495 οὔσης
728 1413 776 1473 τὸν
800 1410 859 1495 βίον
882 1411 1033 1472 ἀπολιπεῖν
1055 1411 1102 1472 καὶ
1123 1408 1212 1493 αὐτὴν
1235 1409 1286 1491 τὴν
1307 1407 1413 1492 ἀρετὴν
1437 1409 1503 1493 βού-

253 1515 357 1578 λεσθαι
379 1515 540 1598 θαυμάσιον
568 1515 681 1599 καὶτῷ
710 1513 783 1576 κατὰ
810 1511 894 1594 λόγον
922 1510 1097 1597 μαχόμενον.
1142 1519 1204 1582 πῶς
1230 1511 1284 1596 γὰρ
1307 1510 1425 1593 εὔλογον
1448 1512 1502 1595 τἠν

252 1617 357 1699 ἀρετὴν
380 1617 462 1679 τοῦθ’
485 1617 657 1702 ὑποβάλλειν
680 1620 722 1701 τῷ
739 1619 838 1700 σοφῶς
863 1614 931 1679 οὐδὲ
945 1617 1009 1699 γάρ,
1033 1616 1131 1698 ῶσπερ
1155 1616 1274 1678 ἐπὶτῶν
1297 1613 1393 1677 ἀλλων
1417 1613 1503 1688 τινός,

254 1720 346 1788 ούτως
369 1720 401 1782 δὲ
422 1721 470 1782 καλ
493 1720 540 1782 ἐπὶ
560 1717 741 1802 εὐδαιμονίας
762 1716 880 1799 εὔλογον
896 1718 999 1800 λέγειν,
1022 1718 1085 1785 άλις
1101 1716 1190 1802 ἔχειν.
1225 1716 1320 1786 οὐδεὶς
1340 1717 1394 1799 γὰρ
1417 1715 1503 1800 κόρος

253 1821 435 1906 εὐδαιμονίας
458 1825 504 1884 καὶ
527 1822 640 1906 ἀρετῆς.
677 1821 717 1890 είς
739 1820 856 1905 ἀπειρον
878 1821 932 1905 γὰρ
953 1825 1011 1882 τῶν
1034 1823 1125 1882 τελῶν
1148 1822 1167 1902 ΐη
1191 1818 1281 1903 όρεζις
1304 1821 1351 1882 καί
1373 1819 1428 1883 οὐκ
1450 1818 1497 1882 ἐπ’

214 1942 239 1984 15
253 1924 324 1987 ἀλλο
351 1949 377 1987 τι
403 1923 498 1987 αὐτῶν
527 1926 546 2008 ἡ
570 1925 711 2009 ἀναφορά.
756 1924 788 1986 τό
811 1923 864 2006 γάρ
892 1922 1011 2005 εύλογον
1040 1922 1185 2006 ἐξαγωγὴν
1213 1923 1345 1985 τίθεσθαι
1368 1922 1503 2005 ἐξομολο·

252 2028 377 2110 γοόντων
400 2028 461 2091 ἐστὶ
484 2028 516 2089 τὸ
531 2027 670 2090 ἀδύνατον
693 2026 765 2089 εἶναι
788 2027 878 2111 χωρὶς
901 2031 958 2088 τῶν
979 2031 1152 2107 σωματικῶν
1175 2027 1222 2089 καὶ
1243 2027 1325 2094 ἐκτὸς
1346 2025 1504 2108 εὐδαίμονα
1520 2042 1546 2084 15

252 2128 386 2211 γενέσθαι
414 2131 483 2214 βίον.
530 2127 571 2192 ἔτι
599 2130 624 2192 εί
651 2127 770 2212 εύλογος
802 2130 853 2210 μὲν
882 2131 901 2211 ιἠ-
924 2128 1070 2212 ἐξαγωγή,
1104 2128 1306 2211 κωλυθείημεν
1334 2127 1366 2190 δὲ
1392 2126 1503 2210 ἐξάγειν

254 2231 371 2300 ἑαυτούς
393 2231 451 2295 α’πό
473 2256 556 2311 τινος,
584 2238 648 2301 πῶς
669 2231 722 2294 οὐκ
745 2231 846 2301 ἀθλιος
869 2235 884 2296 ό
909 2232 968 2316 βίος
991 2232 1020 2293 ἐν
1044 2235 1102 2299 τοῖς
1125 2231 1272 2303 τοιούτοις,
1295 2225 1331 2292 δι’
1360 2228 1437 2314 ἃῆν
1460 2228 1505 2292 εύ-

254 2336 337 2415 λογον
360 2334 468 2416 ἐξάγειν
496 2333 612 2412 έαυτόν;
647 2335 672 2396 εί
697 2335 729 2397 δὲ
751 2334 852 2403 ἅθλιος
879 2336 894 2397 ό
918 2335 992 2419 βίος,
1021 2336 1108 2416 δῆλον
1132 2337 1171 2401 ῶς
1198 2332 1251 2396 οὐκ
1278 2331 1423 2416 εὐδαίμων
1446 2332 1502 2396 ἔτι·

213 2432 324 2499 κρύπτ’
352 2436 421 2499 οὐδὲ
442 2437 642 2522 ἀναπόβλητος
664 2439 683 2522 ἡ
706 2437 874 2520 εὐδαιμονία
896 2435 976 2502 ἔσται
999 2438 1073 2500 κατά
1093 2461 1127 2520 γε
1151 2441 1243 2499 τοῦτο.

416 2675 487 2743 Ὅτι
510 2680 554 2763 μὴ
577 2679 698 2765 ἕτερον
722 2685 768 2764 τῷ
792 2679 885 2744 εἴδει
907 2682 944 2744 τὸ
972 2681 1061 2763 θῆλυ
1084 2680 1141 2741 καὶ
1164 2679 1202 2741 τὸ
1225 2676 1340 2763 ἀρρεν.

600 2810 610 2832 τ

342 2848 384 2912 Τδ
407 2852 482 2933 θῆλυ
506 2852 553 2913 καὶ
576 2852 608 2914 τὸ
624 2850 709 2936 ἄρρεν
732 2852 767 2914 ού
781 2873 868 2937 φησιν
881 2851 1083 2936 Ἀριστοτέλης
1099 2850 1238 2934 διαφορὰς
1253 2850 1416 2918 εἰδοποιούς
1431 2850 1503 2913 εἶναι

256 2957 305 3015 τοῦ
330 2950 418 3037 ζῴου,
442 2953 485 3016 ότι
507 2953 634 3016 καθόλου
657 2954 742 3018 αὐταί
762 2956 832 3017 εἰσιν
855 2957 1021 3040 διαιρετικαὶ
1044 2962 1100 3018 τῶν
1123 2957 1214 3035 γενῶν
1237 2953 1278 3021 είς
1301 2952 1336 3015 τὰ
1358 2951 1421 3037 εἴδη
1444 2955 1502 3017 δια·
1516 2971 1544 3012 ειν

255 3056 351 3139 φοραί,
379 3055 410 3117 αἳ
433 3053 555 3140 ἔχουσαι
578 3056 741 3120 ἐναντίωσιν
770 3059 817 3119 καὶ
840 3058 983 3121 ἀντίθεσιν
1010 3057 1082 3120 κατὰ
1105 3057 1152 3118 τδν
1175 3054 1270 3137 λόγον,
1300 3057 1329 3118 αἱ
1352 3057 1384 3118 δὲ
1409 3057 1504 3120 ὑλικαὶ

214 3159 389 3242 εοδιαροραὶ
417 3159 464 3221 καί
487 3159 523 3221 τά
545 3165 595 3222 τοῦ
619 3160 808 3240 ὑποκειμένου
837 3162 919 3245 πάθη
949 3161 982 3224 ού
1010 3164 1140 3222 ποιοῦσιν
1163 3159 1246 3242 ἕτερα
1269 3164 1311 3243 τῷ
1335 3156 1415 3221 εἴδει.
1457 3161 1504 3222 διά

256 3265 341 3325 τούτο
368 3262 400 3323 τὸ
427 3261 529 3323 λεοκδν
558 3264 604 3324 καὶ
632 3263 664 3324 τδ
694 3262 797 3344 μέλαν,
830 3265 922 3326 καίτοι
949 3263 1062 3326 ἐναντία
1090 3261 1173 3337 ὄντα,
1207 3261 1241 3324 ού
1268 3266 1348 3324 ποιεῖ
1368 3265 1505 3343 σώματος

256 3364 364 3446 εἰδικὴν
388 3365 522 3448 διαίρεσιν
546 3388 576 3427 τε
600 3366 647 3426 καὶ
662 3366 810 3449 διαφοράν.
849 3367 930 3449 πάθη
953 3367 1006 3448 γὰρ
1030 3369 1120 3428 ταῦτα
1141 3369 1191 3427 τοῦ
1208 3364 1409 3441 ὑποκειμένου,
1434 3363 1499 3426 ἀλλ’

256 3466 290 3529 οὐ
313 3471 364 3528 τού
387 3472 482 3530 κοινοῦ
504 3466 599 3536 εἴδους
614 3491 645 3530 τε
667 3469 713 3529 καὶ
737 3466 824 3550 λόγου
846 3473 896 3531 τοῦ
919 3472 1053 3551 σώματος
1077 3468 1220 3550 διαίρεσις.
1255 3468 1318 3531 ἐπεὶ
1341 3469 1432 3531 τοίνυν
1456 3469 1504 3530 καὶ

257 3569 289 3631 τὸ
312 3570 388 3652 θῆλυ
411 3570 459 3631 καὶ
481 3571 514 3632 τδ
536 3570 620 3654 ἄρρεν
643 3571 717 3633 κατὰ
740 3573 834 3640 πάθος
857 3573 952 3636 ύλικδν
976 3574 1027 3654 την
1051 3571 1188 3654 διαφορὰν
1212 3569 1286 3655 ἔχει,
1313 3573 1347 3634 οὐ
1370 3577 1448 3635 ποιεῖ
1469 3573 1505 3634 τὰ
1519 3589 1546 3630 α’»

216 3689 243 3732 30
257 3677 321 3758 ζῷα
342 3678 384 3757 τῷ
401 3671 470 3736 εἴδει
493 3675 625 3758 διάφορα.
660 3673 746 3756 πέψει
768 3674 822 3757 γὰρ
842 3676 888 3737 καὶ
912 3676 1020 3758 ἀπεψία
1041 3675 1088 3737 καὶ
1105 3673 1261 3758 θερμότητι
1280 3675 1327 3737 καί
1343 3675 1505 3760 ψυχρότητι

256 3782 308 3860 τῆς
324 3775 514 3857 ὑποκειμένης
530 3776 599 3859 ύλης
615 3801 633 3859 η
651 3777 758 3839 τούτων
775 3780 907 3862 διαφορά.
945 3779 978 3840 οὐ
993 3779 1047 3862 γάρ
1070 3777 1130 3839 ἐστι
1145 3781 1234 3839 ταῦτα
1256 3777 1292 3839 τά
1308 3778 1390 3861 πάθη
1413 3778 1506 3840 οἰκεῖα

259 3883 308 3941 τού
326 3875 405 3962 ζῴου
421 3877 494 3941 κατὰ
517 3879 568 3963 τὴν
584 3878 682 3942 οὐσίαν
703 3881 749 3942 καὶ
765 3880 812 3942 τδν
828 3879 922 3962 λόγον,
947 3880 1021 3942 ἀλλὰ
1042 3879 1115 3943 κατά
1131 3880 1163 3942 τό
1180 3880 1366 3962 ὑποκείμενον
1382 3881 1430 3943 καὶ
1452 3883 1505 3964 τὴν

260 3982 330 4064 ύλην
345 3981 392 4044 καὶ
408 3982 440 4042 τὸ
456 3985 552 4062 σῶμα.
587 3982 630 4043 διὸ
653 3983 685 4044 τὸ
701 3982 772 4044 αύτδ
789 3982 902 4064 σπέρμα
919 3983 964 4045 καὶ
983 3984 1059 4065 θἠλυ
1075 3984 1122 4044 καὶ
1138 3981 1223 4066 ἄρρεν
1239 3981 1300 4045 οἶόν
1315 4006 1346 4045 τε
1361 3983 1505 4065 γενέσθαι,

259 4082 318 4146 ἀλλ’
339 4083 373 4145 οὐ
388 4083 502 4166 λογικὸν
523 4107 541 4166 η
557 4083 660 4166 ἄλογον
683 4084 701 4166 ἢ
718 4086 823 4168 πτηνὸν
846 4109 864 4167 η
881 4091 1026 4169 Ιχερσαῖον.
1061 4085 1108 4147 διὰ
1124 4085 1175 4169 τὴν
1192 4085 1280 4167 αὐτὴν
1303 4086 1335 4147 δὲ
1350 4086 1441 4147 αἰτίαν
1458 4087 1506 4148 καὶ

219 4203 245 4245 ,νο
259 4188 285 4249 οἱ
308 4183 376 4250 καθ’
398 4185 506 4249 ἕκαστα
528 4185 677 4270 ἅνθρωποι
693 4189 783 4250 καίτοι
806 4187 987 4272 διαφέροντες
1010 4185 1145 4270 ἀλλήλων
1162 4188 1214 4251 οὐκ
1237 4189 1307 4250 εἰσίν
1323 4187 1415 4272 ἕτεροι
1431 4189 1505 4251 κατὰ
1519 4205 1547 4247 τυ

259 4290 291 4351 τὸ
318 4287 404 4357 εἶδος.
449 4289 556 4356 όλικοῖς
584 4289 637 4372 γάρ
666 4293 787 4353 πάθεσιν
817 4290 998 4374 διαφέρουσιν
1029 4289 1176 4373 ἀλλήλων,
1207 4290 1270 4353 ἀλλ’
1299 4290 1333 4353 οὐ
1362 4290 1435 4353 κατὰ
1459 4292 1506 4353 τὸν

205 4466 521 4473 ——.-..—..—.
542 4467 603 4472 .—...

209 4566 349 4618 lsortasse
367 4566 421 4638 περὶ
439 4564 535 4618 ἐκείνου
553 4565 647 4635 <λύγος>
752 4562 1092 4615 4κα1τὸνθτκα1τὸκ
1197 4565 1306 4633 Ίὴθα
1417 4566 1442 4616 11
1465 4566 1512 4635 τὴν
1530 4583 1560 4618 a:

206 4658 323 4706 τοεὶυτα
341 4655 542 4705 evanueruntV
652 4652 683 4704 13
711 4650 878 4719 εὐδαιμονίας]
902 4650 930 4702 υδ
950 4652 977 4702 in
996 4652 1033 4702 lit.
1050 4654 1069 4701 V
1177 4651 1255 4720 λέγειν
1275 4668 1359 4703 ουκιι
1465 4652 1560 4711 άλιςθ

207 4741 331 4809 Sylburg:
350 4739 443 4798 ἅλοςο
555 4741 585 4792 14
605 4746 657 4791 τῶν
676 4757 703 4790 a:
719 4735 796 4790 ιτώγ’
818 4744 869 4788 τῶν
890 4739 910 4787 V
1030 4739 1059 4789 18
1079 4736 1110 4789 δι’
1133 4738 1198 4808 ἃῆν
1218 4739 1342 4807 Sylburg:
1362 4739 1402 4791 διὰ
1420 4740 1452 4809 ην
1472 4743 1506 4793 V:
1525 4739 1557 4791 δι1

206 4827 301 4897 θνα,
367 4827 401 4879 20
419 4826 561 4880 ιύδαινίαο
655 4827 688 4877 ‘22
707 4823 736 4878 ού
755 4841 827 4894 φησιν
845 4822 1022 4895 Ἀριστοτέλης]
1043 4830 1086 4878 Ar.
1106 4828 1164 4878 Met..
1189 4826 1244 4888 10,θ
1267 4825 1386 4878 1858231
1485 4827 1518 4878 94
1536 4825 1562 4878 α1

207 4913 319 4988 ἔχουσαι]
339 4915 370 4968 cf.
393 4915 485 4982 151,18
591 4915 624 4969 '28
643 4914 696 4968 ἐπεὶ
715 4915 749 4966 V:
769 4913 841 4967 ἐτλα
947 4913 1093 4972 311ύλικοῖς
1114 4915 1146 4964 V:
1167 4912 1299 4971 εἰδικοῖςιι
1408 4889 1422 4919 ⁸
