<?xml version="1.0" encoding="UTF-8"?>
<!DOCTYPE html PUBLIC "-//W3C//DTD XHTML 1.0 Transitional//EN"
    "http://www.w3.org/TR/xhtml1/DTD/xhtml1-transitional.dtd">
<html xmlns="http://www.w3.org/1999/xhtml" xml:lang="en" lang="en">
 <head>
  <title>
</title>
<meta http-equiv="Content-Type" content="text/html;charset=utf-8" />
  <meta name='ocr-system' content='tesseract 3.04.00' />
  <meta name='ocr-capabilities' content='ocr_page ocr_carea ocr_par ocr_line ocrx_word'/>
</head>
<body>
  <div class='ocr_page' id='page_1' title='image "./supplementumari02arisgoog/supplementumari02arisgoog_0545.png"; bbox 0 0 3540 5610; ppageno 0'>
   <div class='ocr_carea' id='block_1_1' title="bbox 298 293 1215 363">
    <p class='ocr_par' dir='ltr' id='par_1_1' title="bbox 298 293 1215 363">
     <span class='ocr_line' id='line_1_1' title="bbox 298 293 1215 363; baseline -0.003 -2"><span class='ocrx_word' id='word_1_1' title='bbox 298 297 361 363; x_wconf 78' lang='lat'>236</span> <span class='ocrx_word' id='word_1_2' title='bbox 740 293 969 358; x_wconf 80' lang='grc' dir='ltr'><strong>ΑΛΕΞΑΝΔΡΟΥ</strong></span> <span class='ocrx_word' id='word_1_3' title='bbox 987 298 1215 358; x_wconf 78' lang='grc' dir='ltr'><strong>ΑΦΡΟΔΙΣΙΕΩΣ</strong></span> 
     </span>
    </p>
   </div>
   <div class='ocr_carea' id='block_1_2' title="bbox 295 471 1659 3942">
    <p class='ocr_par' dir='ltr' id='par_1_2' title="bbox 295 471 1659 3942">
     <span class='ocr_line' id='line_1_2' title="bbox 353 471 1607 560; baseline 0.006 -28"><span class='ocrx_word' id='word_1_4' title='bbox 353 471 461 534; x_wconf 90' lang='grc' dir='ltr'>τούτων</span> <span class='ocrx_word' id='word_1_5' title='bbox 485 473 624 559; x_wconf 85' lang='grc' dir='ltr'>ἐχόντων,</span> <span class='ocrx_word' id='word_1_6' title='bbox 659 474 791 557; x_wconf 74' lang='grc' dir='ltr'>κειμένου</span> <span class='ocrx_word' id='word_1_7' title='bbox 814 476 846 538; x_wconf 82' lang='grc' dir='ltr'>δὲ</span> <span class='ocrx_word' id='word_1_8' title='bbox 868 476 989 540; x_wconf 82' lang='grc' dir='ltr'>καὶτοῦ</span> <span class='ocrx_word' id='word_1_9' title='bbox 1012 477 1045 540; x_wconf 90' lang='grc' dir='ltr'>τδ</span> <span class='ocrx_word' id='word_1_10' title='bbox 1067 474 1259 560; x_wconf 73' lang='grc' dir='ltr'>αὐξανόμενον</span> <span class='ocrx_word' id='word_1_11' title='bbox 1291 478 1350 541; x_wconf 88' lang='grc' dir='ltr'>δεῖν</span> <span class='ocrx_word' id='word_1_12' title='bbox 1373 475 1537 559; x_wconf 80' lang='grc' dir='ltr'>ὑπομένειν,</span> <span class='ocrx_word' id='word_1_13' title='bbox 1572 474 1607 539; x_wconf 76' lang='grc' dir='ltr'>ἂν</span> 
     </span>
     <span class='ocr_line' id='line_1_3' title="bbox 353 573 1605 664; baseline 0.006 -31"><span class='ocrx_word' id='word_1_14' title='bbox 353 573 405 654; x_wconf 84' lang='grc' dir='ltr'>μὲν</span> <span class='ocrx_word' id='word_1_15' title='bbox 429 575 502 639; x_wconf 82' lang='grc' dir='ltr'>κατὰ</span> <span class='ocrx_word' id='word_1_16' title='bbox 524 578 577 659; x_wconf 82' lang='grc' dir='ltr'>τῆν</span> <span class='ocrx_word' id='word_1_17' title='bbox 601 577 671 660; x_wconf 88' lang='grc' dir='ltr'>ύλην</span> <span class='ocrx_word' id='word_1_18' title='bbox 694 601 735 646; x_wconf 91' lang='grc' dir='ltr'>τις</span> <span class='ocrx_word' id='word_1_19' title='bbox 757 576 829 660; x_wconf 82' lang='grc' dir='ltr'>λέγη</span> <span class='ocrx_word' id='word_1_20' title='bbox 852 578 982 659; x_wconf 87' lang='grc' dir='ltr'>γίνεσθαι</span> <span class='ocrx_word' id='word_1_21' title='bbox 1015 579 1068 663; x_wconf 72' lang='grc' dir='ltr'>τὴν</span> <span class='ocrx_word' id='word_1_22' title='bbox 1090 584 1142 664; x_wconf 89' lang='grc' dir='ltr'>τῆς</span> <span class='ocrx_word' id='word_1_23' title='bbox 1164 579 1271 663; x_wconf 89' lang='grc' dir='ltr'>σαρκδς</span> <span class='ocrx_word' id='word_1_24' title='bbox 1292 577 1421 661; x_wconf 83' lang='grc' dir='ltr'>αὔξησιν,</span> <span class='ocrx_word' id='word_1_25' title='bbox 1455 580 1605 663; x_wconf 80' lang='grc' dir='ltr'>ἀναιρήσει</span> 
     </span>
     <span class='ocr_line' id='line_1_4' title="bbox 351 676 1605 765; baseline 0.006 -28"><span class='ocrx_word' id='word_1_26' title='bbox 351 676 385 738; x_wconf 90' lang='grc' dir='ltr'>τδ</span> <span class='ocrx_word' id='word_1_27' title='bbox 408 678 440 740; x_wconf 86' lang='grc' dir='ltr'>τὸ</span> <span class='ocrx_word' id='word_1_28' title='bbox 474 678 631 763; x_wconf 74' lang='grc' dir='ltr'>αὐξόμενον</span> <span class='ocrx_word' id='word_1_29' title='bbox 665 681 697 742; x_wconf 90' lang='grc' dir='ltr'>τδ</span> <span class='ocrx_word' id='word_1_30' title='bbox 720 678 791 743; x_wconf 80' lang='grc' dir='ltr'>αὐτὸ</span> <span class='ocrx_word' id='word_1_31' title='bbox 826 680 993 763; x_wconf 76' lang='grc' dir='ltr'>σωζόμενον</span> <span class='ocrx_word' id='word_1_32' title='bbox 1016 680 1080 745; x_wconf 82' lang='grc' dir='ltr'>κατ’</span> <span class='ocrx_word' id='word_1_33' title='bbox 1108 681 1232 765; x_wconf 83' lang='grc' dir='ltr'>ἀριθμόν</span> <span class='ocrx_word' id='word_1_34' title='bbox 1265 679 1404 750; x_wconf 81' lang='grc' dir='ltr'>αὔξεσθαι</span> <span class='ocrx_word' id='word_1_35' title='bbox 1436 681 1527 765; x_wconf 86' lang='grc' dir='ltr'>(αὐτὴ</span> <span class='ocrx_word' id='word_1_36' title='bbox 1548 681 1605 765; x_wconf 81' lang='grc' dir='ltr'>γὰρ</span> 
     </span>
     <span class='ocr_line' id='line_1_5' title="bbox 352 777 1647 866; baseline 0.005 -26"><span class='ocrx_word' id='word_1_37' title='bbox 352 777 457 843; x_wconf 85' lang='grc' dir='ltr'>ἄλλοτε</span> <span class='ocrx_word' id='word_1_38' title='bbox 479 779 579 864; x_wconf 83' lang='grc' dir='ltr'>άλλη),</span> <span class='ocrx_word' id='word_1_39' title='bbox 603 782 630 844; x_wconf 85' lang='grc' dir='ltr'>εί</span> <span class='ocrx_word' id='word_1_40' title='bbox 651 782 683 844; x_wconf 87' lang='grc' dir='ltr'>δέ</span> <span class='ocrx_word' id='word_1_41' title='bbox 706 805 745 851; x_wconf 91' lang='grc' dir='ltr'>τις</span> <span class='ocrx_word' id='word_1_42' title='bbox 769 781 842 845; x_wconf 81' lang='grc' dir='ltr'>κατὰ</span> <span class='ocrx_word' id='word_1_43' title='bbox 864 783 897 845; x_wconf 85' lang='grc' dir='ltr'>τὸ</span> <span class='ocrx_word' id='word_1_44' title='bbox 920 781 997 852; x_wconf 81' lang='grc' dir='ltr'>εἶδος</span> <span class='ocrx_word' id='word_1_45' title='bbox 1019 783 1097 865; x_wconf 84' lang='grc' dir='ltr'>λέγοι</span> <span class='ocrx_word' id='word_1_46' title='bbox 1119 784 1171 866; x_wconf 84' lang='grc' dir='ltr'>τῆν</span> <span class='ocrx_word' id='word_1_47' title='bbox 1193 782 1311 866; x_wconf 85' lang='grc' dir='ltr'>αὔξησιν</span> <span class='ocrx_word' id='word_1_48' title='bbox 1333 784 1474 865; x_wconf 89' lang='grc' dir='ltr'>γίνεσθαι,</span> <span class='ocrx_word' id='word_1_49' title='bbox 1507 782 1604 847; x_wconf 86' lang='grc' dir='ltr'>οὐκέτι</span> <span class='ocrx_word' id='word_1_50' title='bbox 1617 799 1647 841; x_wconf 73' lang='lat'>0⁰</span> 
     </span>
     <span class='ocr_line' id='line_1_6' title="bbox 317 880 1602 970; baseline 0 -22"><span class='ocrx_word' id='word_1_51' title='bbox 317 880 385 948; x_wconf 78' lang='grc' dir='ltr'>υᾶν</span> <span class='ocrx_word' id='word_1_52' title='bbox 409 885 425 946; x_wconf 88' lang='grc' dir='ltr'><strong>ὁ</strong></span> <span class='ocrx_word' id='word_1_53' title='bbox 448 883 531 966; x_wconf 89' lang='grc' dir='ltr'>λόγος</span> <span class='ocrx_word' id='word_1_54' title='bbox 554 884 748 965; x_wconf 78' lang='grc' dir='ltr'>ἐμποδίζοιτο.</span> <span class='ocrx_word' id='word_1_55' title='bbox 792 889 878 948; x_wconf 85' lang='grc' dir='ltr'>τούτο</span> <span class='ocrx_word' id='word_1_56' title='bbox 911 884 966 969; x_wconf 79' lang='grc' dir='ltr'>γὰρ</span> <span class='ocrx_word' id='word_1_57' title='bbox 1000 886 1146 970; x_wconf 78' lang='grc' dir='ltr'>ὑπομένει,</span> <span class='ocrx_word' id='word_1_58' title='bbox 1179 891 1230 949; x_wconf 89' lang='grc' dir='ltr'>τοῦ</span> <span class='ocrx_word' id='word_1_59' title='bbox 1263 887 1296 949; x_wconf 81' lang='grc' dir='ltr'>δὲ</span> <span class='ocrx_word' id='word_1_60' title='bbox 1329 886 1522 968; x_wconf 77' lang='grc' dir='ltr'>ὑπομένοντος</span> <span class='ocrx_word' id='word_1_61' title='bbox 1556 884 1602 969; x_wconf 81' lang='grc' dir='ltr'>ῆν.</span> 
     </span>
     <span class='ocr_line' id='line_1_7' title="bbox 352 985 1605 1072; baseline 0.002 -26"><span class='ocrx_word' id='word_1_62' title='bbox 352 985 486 1067; x_wconf 83' lang='grc' dir='ltr'>κειμένου</span> <span class='ocrx_word' id='word_1_63' title='bbox 510 988 542 1050; x_wconf 86' lang='grc' dir='ltr'>δὲ</span> <span class='ocrx_word' id='word_1_64' title='bbox 564 991 616 1050; x_wconf 84' lang='grc' dir='ltr'>τοῦ</span> <span class='ocrx_word' id='word_1_65' title='bbox 638 988 674 1049; x_wconf 84' lang='grc' dir='ltr'>τὰ</span> <span class='ocrx_word' id='word_1_66' title='bbox 696 987 876 1072; x_wconf 82' lang='grc' dir='ltr'>αὐξανόμενα</span> <span class='ocrx_word' id='word_1_67' title='bbox 899 989 972 1052; x_wconf 82' lang='grc' dir='ltr'>κατὰ</span> <span class='ocrx_word' id='word_1_68' title='bbox 994 989 1027 1052; x_wconf 86' lang='grc' dir='ltr'>τὸ</span> <span class='ocrx_word' id='word_1_69' title='bbox 1050 988 1126 1058; x_wconf 76' lang='grc' dir='ltr'>εἶδος</span> <span class='ocrx_word' id='word_1_70' title='bbox 1148 988 1297 1064; x_wconf 84' lang='grc' dir='ltr'>αὔξεσθαι,</span> <span class='ocrx_word' id='word_1_71' title='bbox 1325 988 1372 1052; x_wconf 73' lang='grc' dir='ltr'>ἐπί</span> <span class='ocrx_word' id='word_1_72' title='bbox 1394 988 1505 1058; x_wconf 78' lang='grc' dir='ltr'>τούτοις</span> <span class='ocrx_word' id='word_1_73' title='bbox 1527 986 1605 1056; x_wconf 86' lang='grc' dir='ltr'>άξιον</span> 
     </span>
     <span class='ocr_line' id='line_1_8' title="bbox 352 1088 1602 1175; baseline 0.003 -26"><span class='ocrx_word' id='word_1_74' title='bbox 352 1088 432 1161; x_wconf 87' lang='grc' dir='ltr'>ίδεῖν,</span> <span class='ocrx_word' id='word_1_75' title='bbox 456 1094 519 1157; x_wconf 85' lang='grc' dir='ltr'>πῶς</span> <span class='ocrx_word' id='word_1_76' title='bbox 535 1095 587 1173; x_wconf 87' lang='grc' dir='ltr'>τῆς</span> <span class='ocrx_word' id='word_1_77' title='bbox 602 1094 653 1152; x_wconf 80' lang='grc' dir='ltr'>τοῦ</span> <span class='ocrx_word' id='word_1_78' title='bbox 677 1089 812 1159; x_wconf 82' lang='grc' dir='ltr'>αὔξοντος</span> <span class='ocrx_word' id='word_1_79' title='bbox 835 1090 909 1154; x_wconf 76' lang='grc' dir='ltr'>αὐτὰ</span> <span class='ocrx_word' id='word_1_80' title='bbox 930 1091 1129 1175; x_wconf 89' lang='grc' dir='ltr'>προσκρίσεως</span> <span class='ocrx_word' id='word_1_81' title='bbox 1151 1090 1249 1161; x_wconf 84' lang='grc' dir='ltr'>αὐτοῖς</span> <span class='ocrx_word' id='word_1_82' title='bbox 1270 1091 1421 1175; x_wconf 73' lang='grc' dir='ltr'>γινομένης</span> <span class='ocrx_word' id='word_1_83' title='bbox 1447 1088 1573 1159; x_wconf 83' lang='grc' dir='ltr'>αὔξεται.</span> <span class='ocrx_word' id='word_1_84' title='bbox 1598 1090 1602 1169; x_wconf 62' lang='lat'>1</span> 
     </span>
     <span class='ocr_line' id='line_1_9' title="bbox 353 1190 1659 1279; baseline 0.002 -27"><span class='ocrx_word' id='word_1_85' title='bbox 353 1191 379 1252; x_wconf 85' lang='grc' dir='ltr'>εί</span> <span class='ocrx_word' id='word_1_86' title='bbox 403 1192 454 1271; x_wconf 81' lang='grc' dir='ltr'>μὲν</span> <span class='ocrx_word' id='word_1_87' title='bbox 477 1190 528 1254; x_wconf 88' lang='grc' dir='ltr'>ούν</span> <span class='ocrx_word' id='word_1_88' title='bbox 551 1192 625 1255; x_wconf 83' lang='grc' dir='ltr'>κατὰ</span> <span class='ocrx_word' id='word_1_89' title='bbox 646 1195 698 1275; x_wconf 81' lang='grc' dir='ltr'>τὴν</span> <span class='ocrx_word' id='word_1_90' title='bbox 723 1194 793 1276; x_wconf 87' lang='grc' dir='ltr'>ύλην</span> <span class='ocrx_word' id='word_1_91' title='bbox 815 1195 834 1276; x_wconf 83' lang='grc' dir='ltr'>ἡ</span> <span class='ocrx_word' id='word_1_92' title='bbox 858 1192 978 1277; x_wconf 87' lang='grc' dir='ltr'>αύξησίς</span> <span class='ocrx_word' id='word_1_93' title='bbox 1000 1218 1032 1257; x_wconf 90' lang='grc' dir='ltr'>τε</span> <span class='ocrx_word' id='word_1_94' title='bbox 1055 1196 1102 1258; x_wconf 82' lang='grc' dir='ltr'>καί</span> <span class='ocrx_word' id='word_1_95' title='bbox 1125 1197 1144 1279; x_wconf 82' lang='grc' dir='ltr'><strong>ἡ</strong></span> <span class='ocrx_word' id='word_1_96' title='bbox 1167 1194 1334 1279; x_wconf 83' lang='grc' dir='ltr'>πρόσκρισις</span> <span class='ocrx_word' id='word_1_97' title='bbox 1356 1193 1475 1275; x_wconf 81' lang='grc' dir='ltr'>ἐγίνετο,</span> <span class='ocrx_word' id='word_1_98' title='bbox 1502 1193 1586 1275; x_wconf 81' lang='grc' dir='ltr'>ἀναγ·</span> <span class='ocrx_word' id='word_1_99' title='bbox 1609 1197 1659 1255; x_wconf 69' lang='lat'>021</span> 
     </span>
     <span class='ocr_line' id='line_1_10' title="bbox 351 1292 1605 1380; baseline 0.002 -26"><span class='ocrx_word' id='word_1_100' title='bbox 351 1296 432 1356; x_wconf 84' lang='grc' dir='ltr'>καῖον</span> <span class='ocrx_word' id='word_1_101' title='bbox 456 1293 490 1356; x_wconf 76' lang='grc' dir='ltr'>ἂν</span> <span class='ocrx_word' id='word_1_102' title='bbox 514 1292 549 1377; x_wconf 77' lang='grc' dir='ltr'>ῆν</span> <span class='ocrx_word' id='word_1_103' title='bbox 573 1294 665 1375; x_wconf 86' lang='grc' dir='ltr'>λέγειν</span> <span class='ocrx_word' id='word_1_104' title='bbox 687 1300 730 1378; x_wconf 81' lang='grc' dir='ltr'>τῷ</span> <span class='ocrx_word' id='word_1_105' title='bbox 754 1296 829 1358; x_wconf 82' lang='grc' dir='ltr'>κατὰ</span> <span class='ocrx_word' id='word_1_106' title='bbox 851 1299 907 1359; x_wconf 85' lang='grc' dir='ltr'>πᾶν</span> <span class='ocrx_word' id='word_1_107' title='bbox 932 1295 1032 1380; x_wconf 90' lang='grc' dir='ltr'>μόριον</span> <span class='ocrx_word' id='word_1_108' title='bbox 1055 1295 1193 1366; x_wconf 84' lang='grc' dir='ltr'>αὔξεσθαι</span> <span class='ocrx_word' id='word_1_109' title='bbox 1215 1296 1252 1359; x_wconf 78' lang='grc' dir='ltr'>τό</span> <span class='ocrx_word' id='word_1_110' title='bbox 1278 1294 1459 1379; x_wconf 88' lang='grc' dir='ltr'>αὐξανόμενα</span> <span class='ocrx_word' id='word_1_111' title='bbox 1483 1295 1605 1378; x_wconf 85' lang='grc' dir='ltr'>λέγοντι,</span> 
     </span>
     <span class='ocr_line' id='line_1_11' title="bbox 303 1395 1604 1483; baseline -0.002 -22"><span class='ocrx_word' id='word_1_112' title='bbox 303 1415 332 1461; x_wconf 86' lang='grc' dir='ltr'>ιο</span> <span class='ocrx_word' id='word_1_113' title='bbox 351 1395 424 1458; x_wconf 84' lang='grc' dir='ltr'>κατὰ</span> <span class='ocrx_word' id='word_1_114' title='bbox 447 1400 541 1459; x_wconf 84' lang='grc' dir='ltr'>πᾶσαν</span> <span class='ocrx_word' id='word_1_115' title='bbox 565 1397 616 1480; x_wconf 85' lang='grc' dir='ltr'>τὴν</span> <span class='ocrx_word' id='word_1_116' title='bbox 641 1397 711 1480; x_wconf 88' lang='grc' dir='ltr'>ύλην</span> <span class='ocrx_word' id='word_1_117' title='bbox 734 1397 869 1480; x_wconf 87' lang='grc' dir='ltr'>γενέσθαι</span> <span class='ocrx_word' id='word_1_118' title='bbox 892 1399 944 1482; x_wconf 79' lang='grc' dir='ltr'>τὴν</span> <span class='ocrx_word' id='word_1_119' title='bbox 966 1399 1139 1483; x_wconf 81' lang='grc' dir='ltr'>προσθήκην</span> <span class='ocrx_word' id='word_1_120' title='bbox 1161 1400 1213 1482; x_wconf 83' lang='grc' dir='ltr'>τὴν</span> <span class='ocrx_word' id='word_1_121' title='bbox 1237 1399 1295 1462; x_wconf 81' lang='grc' dir='ltr'>ἀπὸ</span> <span class='ocrx_word' id='word_1_122' title='bbox 1319 1403 1371 1481; x_wconf 86' lang='grc' dir='ltr'>τῆς</span> <span class='ocrx_word' id='word_1_123' title='bbox 1393 1403 1512 1482; x_wconf 82' lang='grc' dir='ltr'>τροφῆς,</span> <span class='ocrx_word' id='word_1_124' title='bbox 1540 1398 1604 1482; x_wconf 76' lang='grc' dir='ltr'>ἥτις</span> 
     </span>
     <span class='ocr_line' id='line_1_12' title="bbox 351 1484 1651 1585; baseline -0.002 -25"><span class='ocrx_word' id='word_1_125' title='bbox 351 1499 404 1560; x_wconf 86' lang='grc' dir='ltr'>οὐκ</span> <span class='ocrx_word' id='word_1_126' title='bbox 438 1484 553 1567; x_wconf 84' lang='grc' dir='ltr'>άλλωςΙ</span> <span class='ocrx_word' id='word_1_127' title='bbox 572 1498 691 1561; x_wconf 83' lang='grc' dir='ltr'>ἐδύνατο</span> <span class='ocrx_word' id='word_1_128' title='bbox 724 1499 856 1581; x_wconf 83' lang='grc' dir='ltr'>γίνεσθαι</span> <span class='ocrx_word' id='word_1_129' title='bbox 895 1501 963 1585; x_wconf 89' lang='grc' dir='ltr'>(τῆς</span> <span class='ocrx_word' id='word_1_130' title='bbox 994 1524 1027 1583; x_wconf 88' lang='grc' dir='ltr'>γε</span> <span class='ocrx_word' id='word_1_131' title='bbox 1061 1502 1132 1585; x_wconf 86' lang='grc' dir='ltr'>ύλης</span> <span class='ocrx_word' id='word_1_132' title='bbox 1164 1505 1217 1584; x_wconf 88' lang='grc' dir='ltr'>τῆς</span> <span class='ocrx_word' id='word_1_133' title='bbox 1249 1499 1340 1584; x_wconf 87' lang='grc' dir='ltr'>αὐτῆς</span> <span class='ocrx_word' id='word_1_134' title='bbox 1376 1499 1606 1584; x_wconf 84' lang='grc' dir='ltr'>ὑπομενούσης),</span> <span class='ocrx_word' id='word_1_135' title='bbox 1635 1514 1651 1557; x_wconf 76' lang='grc' dir='ltr'>ι</span> 
     </span>
     <span class='ocr_line' id='line_1_13' title="bbox 351 1600 1605 1686; baseline 0 -21"><span class='ocrx_word' id='word_1_136' title='bbox 351 1600 396 1685; x_wconf 85' lang='grc' dir='ltr'>&lt;ῆ&gt;</span> <span class='ocrx_word' id='word_1_137' title='bbox 420 1605 555 1682; x_wconf 86' lang='grc' dir='ltr'>σώματος</span> <span class='ocrx_word' id='word_1_138' title='bbox 577 1606 742 1686; x_wconf 81' lang='grc' dir='ltr'>χωροῦντος</span> <span class='ocrx_word' id='word_1_139' title='bbox 765 1603 811 1665; x_wconf 77' lang='grc' dir='ltr'>διὰ</span> <span class='ocrx_word' id='word_1_140' title='bbox 834 1605 980 1686; x_wconf 86' lang='grc' dir='ltr'>σώματος,</span> <span class='ocrx_word' id='word_1_141' title='bbox 1002 1601 1084 1685; x_wconf 82' lang='grc' dir='ltr'>εἴγε</span> <span class='ocrx_word' id='word_1_142' title='bbox 1105 1607 1193 1685; x_wconf 88' lang='grc' dir='ltr'>σῶμα</span> <span class='ocrx_word' id='word_1_143' title='bbox 1214 1603 1233 1685; x_wconf 86' lang='grc' dir='ltr'>ῆ</span> <span class='ocrx_word' id='word_1_144' title='bbox 1256 1601 1363 1686; x_wconf 79' lang='grc' dir='ltr'>τροφή·</span> <span class='ocrx_word' id='word_1_145' title='bbox 1389 1600 1453 1665; x_wconf 78' lang='grc' dir='ltr'>ἐπεὶ</span> <span class='ocrx_word' id='word_1_146' title='bbox 1475 1602 1508 1665; x_wconf 81' lang='grc' dir='ltr'>δὲ</span> <span class='ocrx_word' id='word_1_147' title='bbox 1530 1601 1605 1665; x_wconf 80' lang='grc' dir='ltr'>κατὰ</span> 
     </span>
     <span class='ocr_line' id='line_1_14' title="bbox 351 1703 1607 1788; baseline 0.002 -21"><span class='ocrx_word' id='word_1_148' title='bbox 351 1705 383 1767; x_wconf 77' lang='grc' dir='ltr'>τὸ</span> <span class='ocrx_word' id='word_1_149' title='bbox 421 1703 497 1773; x_wconf 81' lang='grc' dir='ltr'>εἶδος</span> <span class='ocrx_word' id='word_1_150' title='bbox 533 1705 551 1786; x_wconf 87' lang='grc' dir='ltr'>ῆ</span> <span class='ocrx_word' id='word_1_151' title='bbox 589 1703 722 1788; x_wconf 83' lang='grc' dir='ltr'>αὔξησις,</span> <span class='ocrx_word' id='word_1_152' title='bbox 760 1703 857 1768; x_wconf 86' lang='grc' dir='ltr'>οὐκέτι</span> <span class='ocrx_word' id='word_1_153' title='bbox 894 1705 1064 1787; x_wconf 82' lang='grc' dir='ltr'>ἀναγκαῖον,</span> <span class='ocrx_word' id='word_1_154' title='bbox 1106 1707 1133 1769; x_wconf 84' lang='grc' dir='ltr'>εί</span> <span class='ocrx_word' id='word_1_155' title='bbox 1168 1706 1217 1768; x_wconf 82' lang='grc' dir='ltr'>καὶ</span> <span class='ocrx_word' id='word_1_156' title='bbox 1254 1704 1328 1767; x_wconf 80' lang='grc' dir='ltr'>κατὰ</span> <span class='ocrx_word' id='word_1_157' title='bbox 1365 1708 1422 1768; x_wconf 82' lang='grc' dir='ltr'>πᾶν</span> <span class='ocrx_word' id='word_1_158' title='bbox 1459 1705 1493 1768; x_wconf 93' lang='grc' dir='ltr'>τδ</span> <span class='ocrx_word' id='word_1_159' title='bbox 1529 1703 1607 1774; x_wconf 83' lang='grc' dir='ltr'>εἶδος</span> 
     </span>
     <span class='ocr_line' id='line_1_15' title="bbox 350 1805 1606 1892; baseline 0 -24"><span class='ocrx_word' id='word_1_160' title='bbox 350 1805 473 1881; x_wconf 84' lang='grc' dir='ltr'>αὔξεται,</span> <span class='ocrx_word' id='word_1_161' title='bbox 506 1811 591 1869; x_wconf 83' lang='grc' dir='ltr'>τοῦτο</span> <span class='ocrx_word' id='word_1_162' title='bbox 614 1807 743 1888; x_wconf 87' lang='grc' dir='ltr'>γίνεσθαι</span> <span class='ocrx_word' id='word_1_163' title='bbox 766 1809 902 1888; x_wconf 89' lang='grc' dir='ltr'>σώματος</span> <span class='ocrx_word' id='word_1_164' title='bbox 923 1812 1089 1892; x_wconf 78' lang='grc' dir='ltr'>χωροῦντος</span> <span class='ocrx_word' id='word_1_165' title='bbox 1123 1807 1171 1871; x_wconf 81' lang='grc' dir='ltr'>διὰ</span> <span class='ocrx_word' id='word_1_166' title='bbox 1193 1810 1338 1891; x_wconf 84' lang='grc' dir='ltr'>σώματος.</span> <span class='ocrx_word' id='word_1_167' title='bbox 1374 1807 1454 1871; x_wconf 81' lang='grc' dir='ltr'>οὐδὲ</span> <span class='ocrx_word' id='word_1_168' title='bbox 1475 1807 1531 1892; x_wconf 83' lang='grc' dir='ltr'>γὰρ</span> <span class='ocrx_word' id='word_1_169' title='bbox 1553 1808 1606 1890; x_wconf 78' lang='grc' dir='ltr'>τὴν</span> 
     </span>
     <span class='ocr_line' id='line_1_16' title="bbox 301 1907 1653 1994; baseline -0.004 -22"><span class='ocrx_word' id='word_1_170' title='bbox 301 1930 331 1977; x_wconf 77' lang='lat'>15</span> <span class='ocrx_word' id='word_1_171' title='bbox 351 1910 446 1993; x_wconf 79' lang='grc' dir='ltr'>ἀρχὴν</span> <span class='ocrx_word' id='word_1_172' title='bbox 471 1909 660 1993; x_wconf 77' lang='grc' dir='ltr'>προϋπάρχον</span> <span class='ocrx_word' id='word_1_173' title='bbox 683 1909 831 1990; x_wconf 82' lang='grc' dir='ltr'>ὑπομένει,</span> <span class='ocrx_word' id='word_1_174' title='bbox 854 1909 931 1972; x_wconf 90' lang='grc' dir='ltr'>ώστε</span> <span class='ocrx_word' id='word_1_175' title='bbox 953 1909 1083 1992; x_wconf 89' lang='grc' dir='ltr'>γίνεσθαι</span> <span class='ocrx_word' id='word_1_176' title='bbox 1111 1915 1154 1994; x_wconf 79' lang='grc' dir='ltr'>τῷ</span> <span class='ocrx_word' id='word_1_177' title='bbox 1177 1907 1289 1978; x_wconf 83' lang='grc' dir='ltr'>αὔξοντι</span> <span class='ocrx_word' id='word_1_178' title='bbox 1312 1911 1427 1990; x_wconf 87' lang='grc' dir='ltr'>σώματι</span> <span class='ocrx_word' id='word_1_179' title='bbox 1449 1907 1487 1972; x_wconf 89' lang='grc' dir='ltr'>δι’</span> <span class='ocrx_word' id='word_1_180' title='bbox 1514 1909 1605 1972; x_wconf 81' lang='grc' dir='ltr'>αὐτοῦ</span> <span class='ocrx_word' id='word_1_181' title='bbox 1621 1925 1653 1969; x_wconf 84' lang='grc' dir='ltr'>ιιι</span> 
     </span>
     <span class='ocr_line' id='line_1_17' title="bbox 351 2010 1608 2096; baseline 0.002 -24"><span class='ocrx_word' id='word_1_182' title='bbox 351 2013 403 2094; x_wconf 84' lang='grc' dir='ltr'>τῆν</span> <span class='ocrx_word' id='word_1_183' title='bbox 427 2010 505 2086; x_wconf 85' lang='grc' dir='ltr'>ὁδόν,</span> <span class='ocrx_word' id='word_1_184' title='bbox 539 2011 613 2074; x_wconf 83' lang='grc' dir='ltr'>ἀλλὰ</span> <span class='ocrx_word' id='word_1_185' title='bbox 636 2012 742 2092; x_wconf 87' lang='grc' dir='ltr'>γίνεται</span> <span class='ocrx_word' id='word_1_186' title='bbox 765 2012 817 2093; x_wconf 81' lang='grc' dir='ltr'>μὲν</span> <span class='ocrx_word' id='word_1_187' title='bbox 840 2014 859 2094; x_wconf 82' lang='grc' dir='ltr'>ἡ</span> <span class='ocrx_word' id='word_1_188' title='bbox 883 2011 976 2096; x_wconf 76' lang='grc' dir='ltr'>τροφὴ</span> <span class='ocrx_word' id='word_1_189' title='bbox 998 2018 1051 2096; x_wconf 90' lang='grc' dir='ltr'>τῆς</span> <span class='ocrx_word' id='word_1_190' title='bbox 1078 2012 1185 2096; x_wconf 89' lang='grc' dir='ltr'>σαρκδς</span> <span class='ocrx_word' id='word_1_191' title='bbox 1213 2013 1278 2094; x_wconf 87' lang='grc' dir='ltr'>ύλη,</span> <span class='ocrx_word' id='word_1_192' title='bbox 1312 2011 1544 2096; x_wconf 77' lang='grc' dir='ltr'>προσκρινομένη</span> <span class='ocrx_word' id='word_1_193' title='bbox 1573 2013 1608 2075; x_wconf 73' lang='grc' dir='ltr'>δέ</span> 
     </span>
     <span class='ocr_line' id='line_1_18' title="bbox 351 2112 1608 2199; baseline 0.001 -22"><span class='ocrx_word' id='word_1_194' title='bbox 351 2114 424 2178; x_wconf 83' lang='grc' dir='ltr'>κατὰ</span> <span class='ocrx_word' id='word_1_195' title='bbox 448 2114 522 2198; x_wconf 86' lang='grc' dir='ltr'>μέρη</span> <span class='ocrx_word' id='word_1_196' title='bbox 546 2113 608 2176; x_wconf 83' lang='grc' dir='ltr'>τινὰ</span> <span class='ocrx_word' id='word_1_197' title='bbox 630 2117 667 2196; x_wconf 85' lang='grc' dir='ltr'>τῆ</span> <span class='ocrx_word' id='word_1_198' title='bbox 692 2119 743 2197; x_wconf 86' lang='grc' dir='ltr'>τῆς</span> <span class='ocrx_word' id='word_1_199' title='bbox 767 2114 1015 2199; x_wconf 72' lang='grc' dir='ltr'>προϋπαρχούσης</span> <span class='ocrx_word' id='word_1_200' title='bbox 1037 2113 1091 2190; x_wconf 80' lang='grc' dir='ltr'>ἔτι,</span> <span class='ocrx_word' id='word_1_201' title='bbox 1115 2115 1258 2198; x_wconf 89' lang='grc' dir='ltr'>μενούσης</span> <span class='ocrx_word' id='word_1_202' title='bbox 1280 2115 1382 2178; x_wconf 82' lang='grc' dir='ltr'>δὲκαὶ</span> <span class='ocrx_word' id='word_1_203' title='bbox 1404 2114 1437 2176; x_wconf 92' lang='grc' dir='ltr'>τδ</span> <span class='ocrx_word' id='word_1_204' title='bbox 1460 2112 1536 2184; x_wconf 86' lang='grc' dir='ltr'>εἶδος</span> <span class='ocrx_word' id='word_1_205' title='bbox 1557 2137 1608 2199; x_wconf 84' lang='grc' dir='ltr'>φε-</span> 
     </span>
     <span class='ocr_line' id='line_1_19' title="bbox 353 2213 1607 2301; baseline -0.002 -22"><span class='ocrx_word' id='word_1_206' title='bbox 353 2218 470 2300; x_wconf 87' lang='grc' dir='ltr'>ρούσης,</span> <span class='ocrx_word' id='word_1_207' title='bbox 503 2217 531 2278; x_wconf 85' lang='grc' dir='ltr'>εἰ</span> <span class='ocrx_word' id='word_1_208' title='bbox 554 2216 606 2298; x_wconf 81' lang='grc' dir='ltr'>μὲν</span> <span class='ocrx_word' id='word_1_209' title='bbox 629 2214 675 2299; x_wconf 78' lang='grc' dir='ltr'>εἴη</span> <span class='ocrx_word' id='word_1_210' title='bbox 698 2215 827 2279; x_wconf 86' lang='grc' dir='ltr'>ἐλάττων</span> <span class='ocrx_word' id='word_1_211' title='bbox 849 2216 869 2298; x_wconf 87' lang='grc' dir='ltr'>ῆ</span> <span class='ocrx_word' id='word_1_212' title='bbox 893 2217 942 2301; x_wconf 82' lang='grc' dir='ltr'>ἴση</span> <span class='ocrx_word' id='word_1_213' title='bbox 964 2222 1017 2300; x_wconf 87' lang='grc' dir='ltr'>τῆς</span> <span class='ocrx_word' id='word_1_214' title='bbox 1038 2217 1249 2301; x_wconf 83' lang='grc' dir='ltr'>ἀπορρεούσης,</span> <span class='ocrx_word' id='word_1_215' title='bbox 1284 2219 1373 2288; x_wconf 90' lang='grc' dir='ltr'>σώζει</span> <span class='ocrx_word' id='word_1_216' title='bbox 1395 2215 1429 2279; x_wconf 84' lang='grc' dir='ltr'>οὐ</span> <span class='ocrx_word' id='word_1_217' title='bbox 1453 2213 1541 2299; x_wconf 91' lang='grc' dir='ltr'>μόνον</span> <span class='ocrx_word' id='word_1_218' title='bbox 1563 2215 1607 2288; x_wconf 81' lang='grc' dir='ltr'>τό,</span> 
     </span>
     <span class='ocr_line' id='line_1_20' title="bbox 350 2316 1649 2403; baseline 0 -25"><span class='ocrx_word' id='word_1_219' title='bbox 350 2316 376 2402; x_wconf 76' lang='grc' dir='ltr'>ηύ</span> <span class='ocrx_word' id='word_1_220' title='bbox 400 2319 611 2402; x_wconf 89' lang='grc' dir='ltr'>πρυσκρίνεται,</span> <span class='ocrx_word' id='word_1_221' title='bbox 646 2316 794 2401; x_wconf 82' lang='grc' dir='ltr'>τρέφουσα</span> <span class='ocrx_word' id='word_1_222' title='bbox 827 2316 898 2380; x_wconf 87' lang='grc' dir='ltr'>αὐτὸ</span> <span class='ocrx_word' id='word_1_223' title='bbox 931 2320 979 2381; x_wconf 80' lang='grc' dir='ltr'>καί</span> <span class='ocrx_word' id='word_1_224' title='bbox 1015 2319 1171 2382; x_wconf 85' lang='grc' dir='ltr'>κωλύουσα</span> <span class='ocrx_word' id='word_1_225' title='bbox 1204 2323 1261 2381; x_wconf 84' lang='grc' dir='ltr'>πᾶν</span> <span class='ocrx_word' id='word_1_226' title='bbox 1284 2318 1483 2403; x_wconf 87' lang='grc' dir='ltr'>διαφθαρῆναί</span> <span class='ocrx_word' id='word_1_227' title='bbox 1503 2341 1536 2381; x_wconf 85' lang='grc' dir='ltr'>τε</span> <span class='ocrx_word' id='word_1_228' title='bbox 1558 2322 1607 2383; x_wconf 86' lang='grc' dir='ltr'>καὶ</span> <span class='ocrx_word' id='word_1_229' title='bbox 1623 2335 1649 2378; x_wconf 84' lang='grc' dir='ltr'>ιι</span> 
     </span>
     <span class='ocr_line' id='line_1_21' title="bbox 297 2419 1607 2506; baseline -0.002 -21"><span class='ocrx_word' id='word_1_230' title='bbox 297 2442 331 2488; x_wconf 82' lang='grc' dir='ltr'>νο</span> <span class='ocrx_word' id='word_1_231' title='bbox 350 2422 499 2506; x_wconf 81' lang='grc' dir='ltr'>φθαρῆναι</span> <span class='ocrx_word' id='word_1_232' title='bbox 522 2420 569 2483; x_wconf 82' lang='grc' dir='ltr'>διὰ</span> <span class='ocrx_word' id='word_1_233' title='bbox 592 2423 644 2504; x_wconf 80' lang='grc' dir='ltr'>τὴν</span> <span class='ocrx_word' id='word_1_234' title='bbox 668 2426 777 2505; x_wconf 90' lang='grc' dir='ltr'>συνεχῆ</span> <span class='ocrx_word' id='word_1_235' title='bbox 801 2421 892 2503; x_wconf 78' lang='grc' dir='ltr'>ῥύσιν,</span> <span class='ocrx_word' id='word_1_236' title='bbox 915 2419 983 2484; x_wconf 85' lang='grc' dir='ltr'>όταν</span> <span class='ocrx_word' id='word_1_237' title='bbox 1006 2422 1038 2484; x_wconf 76' lang='grc' dir='ltr'>δὲ</span> <span class='ocrx_word' id='word_1_238' title='bbox 1061 2422 1167 2485; x_wconf 90' lang='grc' dir='ltr'>πλείων</span> <span class='ocrx_word' id='word_1_239' title='bbox 1189 2422 1209 2503; x_wconf 81' lang='grc' dir='ltr'>ῆ</span> <span class='ocrx_word' id='word_1_240' title='bbox 1232 2421 1288 2484; x_wconf 89' lang='grc' dir='ltr'>ύπδ</span> <span class='ocrx_word' id='word_1_241' title='bbox 1311 2426 1363 2505; x_wconf 89' lang='grc' dir='ltr'>τῆς</span> <span class='ocrx_word' id='word_1_242' title='bbox 1378 2421 1538 2505; x_wconf 85' lang='grc' dir='ltr'>θρεπτικῆς</span> <span class='ocrx_word' id='word_1_243' title='bbox 1559 2423 1607 2484; x_wconf 90' lang='grc' dir='ltr'>δυ-</span> 
     </span>
     <span class='ocr_line' id='line_1_22' title="bbox 350 2522 1608 2608; baseline 0 -21"><span class='ocrx_word' id='word_1_244' title='bbox 350 2527 466 2606; x_wconf 88' lang='grc' dir='ltr'>νάμεως</span> <span class='ocrx_word' id='word_1_245' title='bbox 489 2523 721 2607; x_wconf 70' lang='grc' dir='ltr'>κατεργαζομένη</span> <span class='ocrx_word' id='word_1_246' title='bbox 745 2545 775 2585; x_wconf 87' lang='grc' dir='ltr'>τε</span> <span class='ocrx_word' id='word_1_247' title='bbox 798 2523 847 2585; x_wconf 79' lang='grc' dir='ltr'>καί</span> <span class='ocrx_word' id='word_1_248' title='bbox 870 2523 1098 2608; x_wconf 75' lang='grc' dir='ltr'>προσκρινομένη</span> <span class='ocrx_word' id='word_1_249' title='bbox 1133 2524 1187 2607; x_wconf 87' lang='grc' dir='ltr'>ύλη</span> <span class='ocrx_word' id='word_1_250' title='bbox 1211 2529 1265 2608; x_wconf 86' lang='grc' dir='ltr'>τῆς</span> <span class='ocrx_word' id='word_1_251' title='bbox 1287 2522 1553 2607; x_wconf 77' lang='grc' dir='ltr'>ἐπαναλισιιομένης</span> <span class='ocrx_word' id='word_1_252' title='bbox 1575 2546 1608 2587; x_wconf 87' lang='grc' dir='ltr'>τε</span> 
     </span>
     <span class='ocr_line' id='line_1_23' title="bbox 349 2622 1608 2711; baseline -0.002 -20"><span class='ocrx_word' id='word_1_253' title='bbox 349 2628 397 2692; x_wconf 84' lang='grc' dir='ltr'>καὶ</span> <span class='ocrx_word' id='word_1_254' title='bbox 420 2626 630 2711; x_wconf 83' lang='grc' dir='ltr'>ἀπορρεούσης,</span> <span class='ocrx_word' id='word_1_255' title='bbox 653 2625 718 2688; x_wconf 88' lang='grc' dir='ltr'>τότε</span> <span class='ocrx_word' id='word_1_256' title='bbox 741 2627 812 2709; x_wconf 84' lang='grc' dir='ltr'>πρὸς</span> <span class='ocrx_word' id='word_1_257' title='bbox 834 2630 876 2711; x_wconf 80' lang='grc' dir='ltr'>τῷ</span> <span class='ocrx_word' id='word_1_258' title='bbox 901 2625 1060 2710; x_wconf 86' lang='grc' dir='ltr'>τρέφεσθαι</span> <span class='ocrx_word' id='word_1_259' title='bbox 1081 2628 1115 2689; x_wconf 89' lang='grc' dir='ltr'>τδ</span> <span class='ocrx_word' id='word_1_260' title='bbox 1131 2627 1322 2709; x_wconf 87' lang='grc' dir='ltr'>ὑποκείμενον</span> <span class='ocrx_word' id='word_1_261' title='bbox 1339 2625 1387 2689; x_wconf 83' lang='grc' dir='ltr'>καί</span> <span class='ocrx_word' id='word_1_262' title='bbox 1403 2622 1530 2701; x_wconf 83' lang='grc' dir='ltr'>αὔξεται,</span> <span class='ocrx_word' id='word_1_263' title='bbox 1553 2630 1608 2708; x_wconf 91' lang='grc' dir='ltr'>τῆς</span> 
     </span>
     <span class='ocr_line' id='line_1_24' title="bbox 351 2727 1605 2812; baseline -0.002 -21"><span class='ocrx_word' id='word_1_264' title='bbox 351 2731 403 2812; x_wconf 84' lang='grc' dir='ltr'>μὲν</span> <span class='ocrx_word' id='word_1_265' title='bbox 426 2729 525 2797; x_wconf 83' lang='grc' dir='ltr'>οὐσίας</span> <span class='ocrx_word' id='word_1_266' title='bbox 558 2731 608 2790; x_wconf 84' lang='grc' dir='ltr'>τοῦ</span> <span class='ocrx_word' id='word_1_267' title='bbox 632 2730 776 2799; x_wconf 82' lang='grc' dir='ltr'>σώζοντος</span> <span class='ocrx_word' id='word_1_268' title='bbox 809 2728 850 2796; x_wconf 80' lang='grc' dir='ltr'>εἰς</span> <span class='ocrx_word' id='word_1_269' title='bbox 872 2729 904 2790; x_wconf 86' lang='grc' dir='ltr'>τὸ</span> <span class='ocrx_word' id='word_1_270' title='bbox 928 2727 1003 2791; x_wconf 80' lang='grc' dir='ltr'>εἶναί</span> <span class='ocrx_word' id='word_1_271' title='bbox 1023 2751 1055 2790; x_wconf 89' lang='grc' dir='ltr'>τε</span> <span class='ocrx_word' id='word_1_272' title='bbox 1078 2729 1126 2791; x_wconf 80' lang='grc' dir='ltr'>καί</span> <span class='ocrx_word' id='word_1_273' title='bbox 1160 2728 1309 2800; x_wconf 87' lang='grc' dir='ltr'>σώζεσθαι</span> <span class='ocrx_word' id='word_1_274' title='bbox 1342 2727 1535 2810; x_wconf 87' lang='grc' dir='ltr'>συντελούσης</span> <span class='ocrx_word' id='word_1_275' title='bbox 1561 2733 1605 2811; x_wconf 80' lang='grc' dir='ltr'>τῷ</span> 
     </span>
     <span class='ocr_line' id='line_1_25' title="bbox 351 2828 1604 2916; baseline -0.004 -22"><span class='ocrx_word' id='word_1_276' title='bbox 351 2831 531 2916; x_wconf 82' lang='grc' dir='ltr'>τρεφομένῳ,</span> <span class='ocrx_word' id='word_1_277' title='bbox 560 2835 612 2912; x_wconf 89' lang='grc' dir='ltr'>τῆς</span> <span class='ocrx_word' id='word_1_278' title='bbox 635 2830 667 2892; x_wconf 86' lang='grc' dir='ltr'>δὲ</span> <span class='ocrx_word' id='word_1_279' title='bbox 690 2828 851 2912; x_wconf 85' lang='grc' dir='ltr'>ποσότητος</span> <span class='ocrx_word' id='word_1_280' title='bbox 883 2830 924 2899; x_wconf 81' lang='grc' dir='ltr'>εἰς</span> <span class='ocrx_word' id='word_1_281' title='bbox 946 2828 1065 2914; x_wconf 81' lang='grc' dir='ltr'>αὔξησίν</span> <span class='ocrx_word' id='word_1_282' title='bbox 1088 2854 1119 2893; x_wconf 88' lang='grc' dir='ltr'>τε</span> <span class='ocrx_word' id='word_1_283' title='bbox 1141 2831 1190 2893; x_wconf 83' lang='grc' dir='ltr'>καί</span> <span class='ocrx_word' id='word_1_284' title='bbox 1214 2829 1347 2912; x_wconf 80' lang='grc' dir='ltr'>μέγεθος.</span> <span class='ocrx_word' id='word_1_285' title='bbox 1391 2831 1436 2894; x_wconf 88' lang='grc' dir='ltr'>διδ</span> <span class='ocrx_word' id='word_1_286' title='bbox 1458 2829 1528 2893; x_wconf 88' lang='grc' dir='ltr'>όταν</span> <span class='ocrx_word' id='word_1_287' title='bbox 1552 2831 1604 2913; x_wconf 71' lang='grc' dir='ltr'>μὲν</span> 
     </span>
     <span class='ocr_line' id='line_1_26' title="bbox 297 2930 1606 3018; baseline -0.002 -22"><span class='ocrx_word' id='word_1_288' title='bbox 297 2955 329 3002; x_wconf 72' lang='grc' dir='ltr'>νο</span> <span class='ocrx_word' id='word_1_289' title='bbox 350 2936 453 3018; x_wconf 79' lang='grc' dir='ltr'>ἐνεργῇ</span> <span class='ocrx_word' id='word_1_290' title='bbox 477 2934 552 2996; x_wconf 85' lang='grc' dir='ltr'>καθὸ</span> <span class='ocrx_word' id='word_1_291' title='bbox 574 2932 679 3015; x_wconf 78' lang='grc' dir='ltr'>τροφή,</span> <span class='ocrx_word' id='word_1_292' title='bbox 713 2930 778 2994; x_wconf 86' lang='grc' dir='ltr'>τότε</span> <span class='ocrx_word' id='word_1_293' title='bbox 802 2931 888 3013; x_wconf 84' lang='grc' dir='ltr'>μόνον</span> <span class='ocrx_word' id='word_1_294' title='bbox 912 2935 1002 3004; x_wconf 86' lang='grc' dir='ltr'>σώζει</span> <span class='ocrx_word' id='word_1_295' title='bbox 1023 2933 1055 2995; x_wconf 90' lang='grc' dir='ltr'>τδ</span> <span class='ocrx_word' id='word_1_296' title='bbox 1088 2931 1289 3016; x_wconf 86' lang='grc' dir='ltr'>ὑποκείμενον,</span> <span class='ocrx_word' id='word_1_297' title='bbox 1321 2932 1390 2996; x_wconf 88' lang='grc' dir='ltr'>όταν</span> <span class='ocrx_word' id='word_1_298' title='bbox 1425 2933 1458 2996; x_wconf 75' lang='grc' dir='ltr'>δὲ</span> <span class='ocrx_word' id='word_1_299' title='bbox 1486 2933 1535 2995; x_wconf 86' lang='grc' dir='ltr'>καὶ</span> <span class='ocrx_word' id='word_1_300' title='bbox 1565 2935 1606 3001; x_wconf 85' lang='grc' dir='ltr'>ώς</span> 
     </span>
     <span class='ocr_line' id='line_1_27' title="bbox 351 3032 1647 3120; baseline -0.005 -20"><span class='ocrx_word' id='word_1_301' title='bbox 351 3037 439 3118; x_wconf 85' lang='grc' dir='ltr'>ποσῆ,</span> <span class='ocrx_word' id='word_1_302' title='bbox 474 3036 545 3119; x_wconf 85' lang='grc' dir='ltr'>πρὸς</span> <span class='ocrx_word' id='word_1_303' title='bbox 566 3038 608 3118; x_wconf 79' lang='grc' dir='ltr'>τῷ</span> <span class='ocrx_word' id='word_1_304' title='bbox 633 3037 735 3105; x_wconf 90' lang='grc' dir='ltr'>σώζειν</span> <span class='ocrx_word' id='word_1_305' title='bbox 759 3034 807 3096; x_wconf 87' lang='grc' dir='ltr'>καὶ</span> <span class='ocrx_word' id='word_1_306' title='bbox 841 3032 981 3103; x_wconf 85' lang='grc' dir='ltr'>συναύξει.</span> <span class='ocrx_word' id='word_1_307' title='bbox 1027 3035 1098 3118; x_wconf 84' lang='grc' dir='ltr'>[μὴ]</span> <span class='ocrx_word' id='word_1_308' title='bbox 1127 3036 1221 3118; x_wconf 81' lang='grc' dir='ltr'>πάντη</span> <span class='ocrx_word' id='word_1_309' title='bbox 1255 3035 1288 3098; x_wconf 81' lang='grc' dir='ltr'>δὲ</span> <span class='ocrx_word' id='word_1_310' title='bbox 1321 3039 1374 3118; x_wconf 87' lang='grc' dir='ltr'>τῆς</span> <span class='ocrx_word' id='word_1_311' title='bbox 1407 3036 1647 3120; x_wconf 77' lang='grc' dir='ltr'>προσκρίσεωςεν</span> 
     </span>
     <span class='ocr_line' id='line_1_28' title="bbox 349 3134 1606 3222; baseline 0.002 -21"><span class='ocrx_word' id='word_1_312' title='bbox 349 3138 510 3222; x_wconf 82' lang='grc' dir='ltr'>γινομένης,</span> <span class='ocrx_word' id='word_1_313' title='bbox 544 3134 658 3205; x_wconf 84' lang='grc' dir='ltr'>αὔξεται</span> <span class='ocrx_word' id='word_1_314' title='bbox 681 3136 806 3212; x_wconf 87' lang='grc' dir='ltr'>πάντως,</span> <span class='ocrx_word' id='word_1_315' title='bbox 841 3135 884 3198; x_wconf 84' lang='grc' dir='ltr'>ότι</span> <span class='ocrx_word' id='word_1_316' title='bbox 907 3141 960 3219; x_wconf 89' lang='grc' dir='ltr'>τῆς</span> <span class='ocrx_word' id='word_1_317' title='bbox 982 3138 1142 3221; x_wconf 86' lang='grc' dir='ltr'>θρεπτικῆς</span> <span class='ocrx_word' id='word_1_318' title='bbox 1164 3139 1316 3218; x_wconf 86' lang='grc' dir='ltr'>δυνάμεως</span> <span class='ocrx_word' id='word_1_319' title='bbox 1349 3141 1402 3221; x_wconf 88' lang='grc' dir='ltr'>τῆς</span> <span class='ocrx_word' id='word_1_320' title='bbox 1430 3137 1606 3222; x_wconf 76' lang='grc' dir='ltr'>ἀλλοιούσης</span> 
     </span>
     <span class='ocr_line' id='line_1_29' title="bbox 350 3237 1604 3324; baseline -0.002 -22"><span class='ocrx_word' id='word_1_321' title='bbox 350 3266 381 3304; x_wconf 86' lang='grc' dir='ltr'>τε</span> <span class='ocrx_word' id='word_1_322' title='bbox 403 3242 455 3323; x_wconf 82' lang='grc' dir='ltr'>τὴν</span> <span class='ocrx_word' id='word_1_323' title='bbox 482 3239 592 3323; x_wconf 85' lang='grc' dir='ltr'>τροφὴν</span> <span class='ocrx_word' id='word_1_324' title='bbox 621 3238 668 3300; x_wconf 76' lang='grc' dir='ltr'>καὶ</span> <span class='ocrx_word' id='word_1_325' title='bbox 702 3237 891 3322; x_wconf 82' lang='grc' dir='ltr'>ἑξομοιούσης</span> <span class='ocrx_word' id='word_1_326' title='bbox 923 3239 972 3301; x_wconf 87' lang='grc' dir='ltr'>καὶ</span> <span class='ocrx_word' id='word_1_327' title='bbox 1006 3239 1234 3324; x_wconf 88' lang='grc' dir='ltr'>προσκρινούσης</span> <span class='ocrx_word' id='word_1_328' title='bbox 1260 3244 1304 3324; x_wconf 76' lang='grc' dir='ltr'>τῷ</span> <span class='ocrx_word' id='word_1_329' title='bbox 1333 3239 1504 3324; x_wconf 82' lang='grc' dir='ltr'>τρεφομένῳ</span> <span class='ocrx_word' id='word_1_330' title='bbox 1533 3239 1604 3303; x_wconf 78' lang='grc' dir='ltr'>ἴδιον</span> 
     </span>
     <span class='ocr_line' id='line_1_30' title="bbox 350 3337 1602 3428; baseline -0.002 -22"><span class='ocrx_word' id='word_1_331' title='bbox 350 3346 448 3428; x_wconf 86' lang='grc' dir='ltr'>ὥσπερ</span> <span class='ocrx_word' id='word_1_332' title='bbox 472 3343 504 3405; x_wconf 83' lang='grc' dir='ltr'>τδ</span> <span class='ocrx_word' id='word_1_333' title='bbox 528 3344 632 3412; x_wconf 83' lang='grc' dir='ltr'>σώζειν</span> <span class='ocrx_word' id='word_1_334' title='bbox 655 3341 688 3403; x_wconf 84' lang='grc' dir='ltr'>τὸ</span> <span class='ocrx_word' id='word_1_335' title='bbox 711 3337 760 3401; x_wconf 87' lang='grc' dir='ltr'>ὑπ’</span> <span class='ocrx_word' id='word_1_336' title='bbox 788 3338 878 3402; x_wconf 84' lang='grc' dir='ltr'>αὐτού</span> <span class='ocrx_word' id='word_1_337' title='bbox 901 3340 1087 3424; x_wconf 80' lang='grc' dir='ltr'>τρεφόμενον,</span> <span class='ocrx_word' id='word_1_338' title='bbox 1122 3341 1199 3403; x_wconf 80' lang='grc' dir='ltr'>οὕτω</span> <span class='ocrx_word' id='word_1_339' title='bbox 1221 3342 1253 3404; x_wconf 81' lang='grc' dir='ltr'>δὲ</span> <span class='ocrx_word' id='word_1_340' title='bbox 1275 3341 1324 3404; x_wconf 84' lang='grc' dir='ltr'>καὶ</span> <span class='ocrx_word' id='word_1_341' title='bbox 1358 3342 1432 3422; x_wconf 77' lang='grc' dir='ltr'>μετὰ</span> <span class='ocrx_word' id='word_1_342' title='bbox 1454 3345 1506 3404; x_wconf 84' lang='grc' dir='ltr'>τού</span> <span class='ocrx_word' id='word_1_343' title='bbox 1529 3341 1602 3404; x_wconf 82' lang='grc' dir='ltr'>ἰδίου</span> 
     </span>
     <span class='ocr_line' id='line_1_31' title="bbox 295 3442 1601 3530; baseline -0.006 -16"><span class='ocrx_word' id='word_1_344' title='bbox 295 3469 329 3516; x_wconf 83' lang='lat'>³0</span> <span class='ocrx_word' id='word_1_345' title='bbox 348 3448 420 3512; x_wconf 82' lang='grc' dir='ltr'>αὐτὸ</span> <span class='ocrx_word' id='word_1_346' title='bbox 443 3448 539 3530; x_wconf 86' lang='grc' dir='ltr'>τηρεῖν</span> <span class='ocrx_word' id='word_1_347' title='bbox 564 3443 728 3527; x_wconf 83' lang='grc' dir='ltr'>σχήματος·</span> <span class='ocrx_word' id='word_1_348' title='bbox 752 3445 862 3524; x_wconf 75' lang='grc' dir='ltr'>μᾶλλον</span> <span class='ocrx_word' id='word_1_349' title='bbox 885 3443 917 3505; x_wconf 86' lang='grc' dir='ltr'>δὲ</span> <span class='ocrx_word' id='word_1_350' title='bbox 940 3442 1040 3506; x_wconf 75' lang='grc' dir='ltr'>ἕπεται</span> <span class='ocrx_word' id='word_1_351' title='bbox 1063 3444 1111 3506; x_wconf 86' lang='grc' dir='ltr'>καί</span> <span class='ocrx_word' id='word_1_352' title='bbox 1133 3444 1228 3527; x_wconf 86' lang='grc' dir='ltr'>τούτῳ</span> <span class='ocrx_word' id='word_1_353' title='bbox 1251 3446 1283 3507; x_wconf 85' lang='grc' dir='ltr'>τδ</span> <span class='ocrx_word' id='word_1_354' title='bbox 1304 3445 1418 3517; x_wconf 89' lang='grc' dir='ltr'>σώζειν.</span> <span class='ocrx_word' id='word_1_355' title='bbox 1457 3443 1524 3507; x_wconf 89' lang='grc' dir='ltr'>τότε</span> <span class='ocrx_word' id='word_1_356' title='bbox 1546 3443 1601 3525; x_wconf 81' lang='grc' dir='ltr'>γὰρ</span> 
     </span>
     <span class='ocr_line' id='line_1_32' title="bbox 350 3544 1643 3632; baseline -0.002 -20"><span class='ocrx_word' id='word_1_357' title='bbox 350 3549 456 3632; x_wconf 88' lang='grc' dir='ltr'>κυρίως</span> <span class='ocrx_word' id='word_1_358' title='bbox 479 3546 604 3618; x_wconf 84' lang='grc' dir='ltr'>σώζεταί</span> <span class='ocrx_word' id='word_1_359' title='bbox 624 3568 659 3619; x_wconf 86' lang='grc' dir='ltr'>τι,</span> <span class='ocrx_word' id='word_1_360' title='bbox 683 3545 751 3607; x_wconf 82' lang='grc' dir='ltr'>όταν</span> <span class='ocrx_word' id='word_1_361' title='bbox 775 3548 899 3629; x_wconf 88' lang='grc' dir='ltr'>τηρῆται</span> <span class='ocrx_word' id='word_1_362' title='bbox 922 3544 995 3625; x_wconf 80' lang='grc' dir='ltr'>μετὰ</span> <span class='ocrx_word' id='word_1_363' title='bbox 1017 3547 1123 3615; x_wconf 85' lang='grc' dir='ltr'>παντὸς</span> <span class='ocrx_word' id='word_1_364' title='bbox 1144 3550 1196 3608; x_wconf 81' lang='grc' dir='ltr'>τοῦ</span> <span class='ocrx_word' id='word_1_365' title='bbox 1218 3547 1293 3610; x_wconf 82' lang='grc' dir='ltr'>κατὰ</span> <span class='ocrx_word' id='word_1_366' title='bbox 1312 3545 1397 3630; x_wconf 90' lang='grc' dir='ltr'>φύσιν</span> <span class='ocrx_word' id='word_1_367' title='bbox 1420 3546 1643 3631; x_wconf 64' lang='grc' dir='ltr'>ύπάρχοντοςῦ</span> 
     </span>
     <span class='ocr_line' id='line_1_33' title="bbox 349 3645 1615 3737; baseline -0.004 -21"><span class='ocrx_word' id='word_1_368' title='bbox 349 3653 439 3737; x_wconf 79' lang='grc' dir='ltr'>αὐτῷ,</span> <span class='ocrx_word' id='word_1_369' title='bbox 464 3651 504 3713; x_wconf 86' lang='grc' dir='ltr'>ών</span> <span class='ocrx_word' id='word_1_370' title='bbox 527 3648 657 3712; x_wconf 81' lang='grc' dir='ltr'>ἐστικαὶ</span> <span class='ocrx_word' id='word_1_371' title='bbox 680 3649 713 3710; x_wconf 90' lang='grc' dir='ltr'>τδ</span> <span class='ocrx_word' id='word_1_372' title='bbox 737 3652 849 3730; x_wconf 90' lang='grc' dir='ltr'>σχῆμα.</span> <span class='ocrx_word' id='word_1_373' title='bbox 887 3652 945 3709; x_wconf 84' lang='grc' dir='ltr'>πᾶν</span> <span class='ocrx_word' id='word_1_374' title='bbox 968 3647 1021 3730; x_wconf 82' lang='grc' dir='ltr'>γὰρ</span> <span class='ocrx_word' id='word_1_375' title='bbox 1044 3645 1177 3732; x_wconf 83' lang='grc' dir='ltr'>ἔμψυχον</span> <span class='ocrx_word' id='word_1_376' title='bbox 1198 3647 1269 3711; x_wconf 85' lang='grc' dir='ltr'>αὐτό</span> <span class='ocrx_word' id='word_1_377' title='bbox 1292 3672 1323 3712; x_wconf 90' lang='grc' dir='ltr'>τε</span> <span class='ocrx_word' id='word_1_378' title='bbox 1347 3650 1421 3733; x_wconf 88' lang='grc' dir='ltr'>μετά</span> <span class='ocrx_word' id='word_1_379' title='bbox 1443 3651 1519 3717; x_wconf 88' lang='grc' dir='ltr'>τινός</span> <span class='ocrx_word' id='word_1_380' title='bbox 1541 3645 1615 3713; x_wconf 76' lang='grc' dir='ltr'>ἐστι</span> 
     </span>
     <span class='ocr_line' id='line_1_34' title="bbox 349 3748 1657 3835; baseline -0.002 -18"><span class='ocrx_word' id='word_1_381' title='bbox 349 3755 456 3817; x_wconf 82' lang='grc' dir='ltr'>οἰκείου</span> <span class='ocrx_word' id='word_1_382' title='bbox 490 3752 641 3835; x_wconf 78' lang='grc' dir='ltr'>σχήματος</span> <span class='ocrx_word' id='word_1_383' title='bbox 669 3751 716 3813; x_wconf 82' lang='grc' dir='ltr'>καί</span> <span class='ocrx_word' id='word_1_384' title='bbox 740 3755 797 3812; x_wconf 84' lang='grc' dir='ltr'>τῶν</span> <span class='ocrx_word' id='word_1_385' title='bbox 826 3748 829 3833; x_wconf 68' lang='grc' dir='ltr'>ί</span> <span class='ocrx_word' id='word_1_386' title='bbox 855 3754 951 3834; x_wconf 82' lang='grc' dir='ltr'>μερῶν</span> <span class='ocrx_word' id='word_1_387' title='bbox 975 3750 1096 3813; x_wconf 79' lang='grc' dir='ltr'>ἕκαστον</span> <span class='ocrx_word' id='word_1_388' title='bbox 1123 3749 1222 3824; x_wconf 78' lang='grc' dir='ltr'>αὐτοῦ,</span> <span class='ocrx_word' id='word_1_389' title='bbox 1257 3749 1273 3812; x_wconf 89' lang='grc' dir='ltr'>δ</span> <span class='ocrx_word' id='word_1_390' title='bbox 1307 3752 1487 3835; x_wconf 84' lang='grc' dir='ltr'>φυλάσσεται</span> <span class='ocrx_word' id='word_1_391' title='bbox 1514 3749 1581 3815; x_wconf 82' lang='grc' dir='ltr'>τότε</span> <span class='ocrx_word' id='word_1_392' title='bbox 1605 3759 1657 3815; x_wconf 73' lang='grc'>622</span> 
     </span>
     <span class='ocr_line' id='line_1_35' title="bbox 349 3851 1603 3942; baseline -0.003 -21"><span class='ocrx_word' id='word_1_393' title='bbox 349 3862 462 3942; x_wconf 87' lang='grc' dir='ltr'>σχῆμα,</span> <span class='ocrx_word' id='word_1_394' title='bbox 486 3854 553 3918; x_wconf 88' lang='grc' dir='ltr'>όταν</span> <span class='ocrx_word' id='word_1_395' title='bbox 577 3851 820 3937; x_wconf 86' lang='grc' dir='ltr'>προσκρινόμενον</span> <span class='ocrx_word' id='word_1_396' title='bbox 843 3852 877 3916; x_wconf 80' lang='grc' dir='ltr'>ἐκ</span> <span class='ocrx_word' id='word_1_397' title='bbox 899 3857 951 3935; x_wconf 89' lang='grc' dir='ltr'>τῆς</span> <span class='ocrx_word' id='word_1_398' title='bbox 973 3857 1082 3935; x_wconf 86' lang='grc' dir='ltr'>τροφῆς</span> <span class='ocrx_word' id='word_1_399' title='bbox 1106 3853 1146 3936; x_wconf 87' lang='grc' dir='ltr'>μὴ</span> <span class='ocrx_word' id='word_1_400' title='bbox 1171 3854 1245 3935; x_wconf 88' lang='grc' dir='ltr'>μένη</span> <span class='ocrx_word' id='word_1_401' title='bbox 1268 3853 1321 3936; x_wconf 82' lang='grc' dir='ltr'>τὴν</span> <span class='ocrx_word' id='word_1_402' title='bbox 1344 3852 1421 3916; x_wconf 87' lang='grc' dir='ltr'>καθδ</span> <span class='ocrx_word' id='word_1_403' title='bbox 1436 3853 1603 3938; x_wconf 78' lang='grc' dir='ltr'>προσετέθη</span> 
     </span>
    </p>
   </div>
   <div class='ocr_carea' id='block_1_3' title="bbox 295 4042 695 4056">
    <p class='ocr_par' dir='ltr' id='par_1_3' title="bbox 295 4042 695 4056">
     <span class='ocr_line' id='line_1_36' title="bbox 295 4042 695 4056; baseline -0.015 0"><span class='ocrx_word' id='word_1_404' title='bbox 295 4049 366 4056; x_wconf 84' lang='grc'>--</span> <span class='ocrx_word' id='word_1_405' title='bbox 372 4042 695 4055; x_wconf 74' lang='lat'>————-..——--.-.</span> 
     </span>
    </p>
   </div>
   <div class='ocr_carea' id='block_1_4' title="bbox 293 4184 1656 4956">
    <p class='ocr_par' dir='ltr' id='par_1_4' title="bbox 294 4184 1656 4781">
     <span class='ocr_line' id='line_1_37' title="bbox 295 4184 1656 4256; baseline 0.001 -16"><span class='ocrx_word' id='word_1_406' title='bbox 295 4190 375 4256; x_wconf 76' lang='grc' dir='ltr'>2μὶν</span> <span class='ocrx_word' id='word_1_407' title='bbox 394 4205 444 4241; x_wconf 88' lang='lat' dir='ltr'>om.</span> <span class='ocrx_word' id='word_1_408' title='bbox 464 4191 503 4240; x_wconf 77' lang='lat' dir='ltr'>Ra</span> <span class='ocrx_word' id='word_1_409' title='bbox 617 4186 677 4256; x_wconf 86' lang='grc' dir='ltr'>λέγη</span> <span class='ocrx_word' id='word_1_410' title='bbox 697 4201 761 4239; x_wconf 81' lang='lat' dir='ltr'>corr.</span> <span class='ocrx_word' id='word_1_411' title='bbox 781 4204 813 4240; x_wconf 80' lang='lat' dir='ltr'>ex</span> <span class='ocrx_word' id='word_1_412' title='bbox 832 4185 896 4256; x_wconf 88' lang='grc' dir='ltr'>λίγιι</span> <span class='ocrx_word' id='word_1_413' title='bbox 915 4188 962 4240; x_wconf 49' lang='lat' dir='ltr'>A!</span> <span class='ocrx_word' id='word_1_414' title='bbox 1071 4185 1134 4238; x_wconf 88' lang='grc' dir='ltr'>3τό</span> <span class='ocrx_word' id='word_1_415' title='bbox 1153 4184 1181 4238; x_wconf 86' lang='grc' dir='ltr'>τὸ</span> <span class='ocrx_word' id='word_1_416' title='bbox 1200 4188 1320 4240; x_wconf 72' lang='grc' dir='ltr'>ΑΟΡδει</span> <span class='ocrx_word' id='word_1_417' title='bbox 1337 4185 1367 4238; x_wconf 85' lang='grc' dir='ltr'>τὸ</span> <span class='ocrx_word' id='word_1_418' title='bbox 1385 4188 1431 4239; x_wconf 88' lang='lat' dir='ltr'>RB</span> <span class='ocrx_word' id='word_1_419' title='bbox 1552 4186 1656 4249; x_wconf 82' lang='grc' dir='ltr'>αὐξανό-</span> 
     </span>
     <span class='ocr_line' id='line_1_38' title="bbox 295 4272 1656 4344; baseline 0 -15"><span class='ocrx_word' id='word_1_420' title='bbox 295 4294 369 4344; x_wconf 86' lang='grc' dir='ltr'>μενον</span> <span class='ocrx_word' id='word_1_421' title='bbox 394 4280 433 4328; x_wconf 80' lang='lat' dir='ltr'>Ra</span> <span class='ocrx_word' id='word_1_422' title='bbox 539 4274 568 4327; x_wconf 81' lang='grc' dir='ltr'>τό</span> <span class='ocrx_word' id='word_1_423' title='bbox 591 4273 619 4326; x_wconf 87' lang='grc' dir='ltr'>τδ</span> <span class='ocrx_word' id='word_1_424' title='bbox 644 4273 705 4326; x_wconf 85' lang='grc' dir='ltr'>αὐτὸ</span> <span class='ocrx_word' id='word_1_425' title='bbox 725 4280 748 4325; x_wconf 82' lang='grc' dir='ltr'>Α</span> <span class='ocrx_word' id='word_1_426' title='bbox 873 4275 889 4325; x_wconf 72' lang='lat'><strong>4</strong></span> <span class='ocrx_word' id='word_1_427' title='bbox 914 4273 942 4325; x_wconf 83' lang='grc' dir='ltr'>τό</span> <span class='ocrx_word' id='word_1_428' title='bbox 967 4290 1015 4327; x_wconf 85' lang='lat' dir='ltr'>om.</span> <span class='ocrx_word' id='word_1_429' title='bbox 1037 4274 1075 4325; x_wconf 79' lang='lat' dir='ltr'>Ra</span> <span class='ocrx_word' id='word_1_430' title='bbox 1200 4273 1215 4323; x_wconf 79' lang='lat'><strong>7</strong></span> <span class='ocrx_word' id='word_1_431' title='bbox 1239 4272 1334 4342; x_wconf 84' lang='grc' dir='ltr'>αὐτοῖς]</span> <span class='ocrx_word' id='word_1_432' title='bbox 1361 4288 1425 4326; x_wconf 80' lang='lat' dir='ltr'><strong>corr.</strong></span> <span class='ocrx_word' id='word_1_433' title='bbox 1450 4274 1478 4326; x_wconf 87' lang='lat' dir='ltr'>in</span> <span class='ocrx_word' id='word_1_434' title='bbox 1503 4275 1596 4333; x_wconf 78' lang='grc' dir='ltr'>αὐτοὺς</span> <span class='ocrx_word' id='word_1_435' title='bbox 1619 4280 1656 4329; x_wconf 88' lang='lat' dir='ltr'>B:</span> 
     </span>
     <span class='ocr_line' id='line_1_39' title="bbox 294 4359 1656 4432; baseline -0.001 -15"><span class='ocrx_word' id='word_1_436' title='bbox 294 4362 358 4417; x_wconf 78' lang='grc' dir='ltr'>αὐτὰ</span> <span class='ocrx_word' id='word_1_437' title='bbox 378 4363 459 4416; x_wconf 82' lang='lat' dir='ltr'>[deler</span> <span class='ocrx_word' id='word_1_438' title='bbox 557 4364 628 4431; x_wconf 81' lang='grc' dir='ltr'>θτῷ</span> <span class='ocrx_word' id='word_1_439' title='bbox 650 4363 737 4428; x_wconf 76' lang='lat' dir='ltr'><strong>Apelt:</strong></span> <span class='ocrx_word' id='word_1_440' title='bbox 766 4361 794 4413; x_wconf 85' lang='grc' dir='ltr'>τὸ</span> <span class='ocrx_word' id='word_1_441' title='bbox 814 4361 873 4414; x_wconf 82' lang='lat' dir='ltr'>libri</span> <span class='ocrx_word' id='word_1_442' title='bbox 982 4363 1010 4413; x_wconf 94' lang='lat' dir='ltr'>ll</span> <span class='ocrx_word' id='word_1_443' title='bbox 1039 4366 1084 4430; x_wconf 86' lang='grc' dir='ltr'>τῆς</span> <span class='ocrx_word' id='word_1_444' title='bbox 1103 4361 1181 4432; x_wconf 85' lang='grc' dir='ltr'>αὐτῆς</span> <span class='ocrx_word' id='word_1_445' title='bbox 1199 4360 1259 4432; x_wconf 84' lang='grc' dir='ltr'>ὕλης</span> <span class='ocrx_word' id='word_1_446' title='bbox 1278 4365 1317 4414; x_wconf 72' lang='lat' dir='ltr'>Ru</span> <span class='ocrx_word' id='word_1_447' title='bbox 1420 4361 1452 4412; x_wconf 76' lang='lat'>12</span> <span class='ocrx_word' id='word_1_448' title='bbox 1479 4359 1520 4431; x_wconf 79' lang='grc' dir='ltr'>(ῆ)</span> <span class='ocrx_word' id='word_1_449' title='bbox 1539 4363 1656 4430; x_wconf 87' lang='grc' dir='ltr'>σώματος</span> 
     </span>
     <span class='ocr_line' id='line_1_40' title="bbox 294 4447 1656 4519; baseline -0.004 -15"><span class='ocrx_word' id='word_1_450' title='bbox 294 4452 376 4504; x_wconf 85' lang='lat' dir='ltr'>Ideler</span> <span class='ocrx_word' id='word_1_451' title='bbox 486 4450 515 4502; x_wconf 86' lang='lat'>13</span> <span class='ocrx_word' id='word_1_452' title='bbox 540 4450 562 4502; x_wconf 79' lang='grc' dir='ltr'>εί</span> <span class='ocrx_word' id='word_1_453' title='bbox 585 4450 628 4501; x_wconf 84' lang='grc' dir='ltr'>καὶ</span> <span class='ocrx_word' id='word_1_454' title='bbox 646 4450 738 4501; x_wconf 82' lang='lat' dir='ltr'>Ideler:</span> <span class='ocrx_word' id='word_1_455' title='bbox 767 4450 829 4502; x_wconf 72' lang='grc' dir='ltr'>εἶναι</span> <span class='ocrx_word' id='word_1_456' title='bbox 852 4450 924 4502; x_wconf 84' lang='lat' dir='ltr'><strong>libri:</strong></span> <span class='ocrx_word' id='word_1_457' title='bbox 958 4466 1006 4502; x_wconf 89' lang='lat' dir='ltr'>om.</span> <span class='ocrx_word' id='word_1_458' title='bbox 1027 4471 1043 4502; x_wconf 80' lang='lat' dir='ltr'><strong>a</strong></span> <span class='ocrx_word' id='word_1_459' title='bbox 1067 4464 1125 4501; x_wconf 84' lang='lat' dir='ltr'>cum</span> <span class='ocrx_word' id='word_1_460' title='bbox 1144 4449 1242 4500; x_wconf 86' lang='lat' dir='ltr'><strong>indicio</strong></span> <span class='ocrx_word' id='word_1_461' title='bbox 1260 4448 1370 4501; x_wconf 76' lang='lat' dir='ltr'><strong>lacunae</strong></span> <span class='ocrx_word' id='word_1_462' title='bbox 1479 4447 1510 4499; x_wconf 79' lang='lat'>17</span> <span class='ocrx_word' id='word_1_463' title='bbox 1539 4448 1585 4519; x_wconf 73' lang='grc' dir='ltr'>τῇ]</span> <span class='ocrx_word' id='word_1_464' title='bbox 1611 4453 1656 4518; x_wconf 82' lang='grc' dir='ltr'>τῆς</span> 
     </span>
     <span class='ocr_line' id='line_1_41' title="bbox 294 4535 1654 4610; baseline -0.004 -19"><span class='ocrx_word' id='word_1_465' title='bbox 294 4539 384 4610; x_wconf 84' lang='grc' dir='ltr'>σαρκὸς</span> <span class='ocrx_word' id='word_1_466' title='bbox 406 4538 487 4590; x_wconf 80' lang='lat' dir='ltr'>ldeler</span> <span class='ocrx_word' id='word_1_467' title='bbox 613 4535 645 4588; x_wconf 81' lang='lat'>18</span> <span class='ocrx_word' id='word_1_468' title='bbox 673 4535 746 4596; x_wconf 80' lang='grc' dir='ltr'>σώζει</span> <span class='ocrx_word' id='word_1_469' title='bbox 767 4537 859 4590; x_wconf 79' lang='lat' dir='ltr'>[delerz</span> <span class='ocrx_word' id='word_1_470' title='bbox 889 4536 977 4596; x_wconf 84' lang='grc' dir='ltr'>σώζειν</span> <span class='ocrx_word' id='word_1_471' title='bbox 1000 4538 1060 4590; x_wconf 87' lang='lat' dir='ltr'>libri</span> <span class='ocrx_word' id='word_1_472' title='bbox 1208 4536 1241 4587; x_wconf 69' lang='lat'>2⁸2</span> <span class='ocrx_word' id='word_1_473' title='bbox 1271 4535 1430 4609; x_wconf 72' lang='grc' dir='ltr'>ἐπιρρεούσης</span> <span class='ocrx_word' id='word_1_474' title='bbox 1448 4553 1465 4587; x_wconf 80' lang='grc' dir='ltr'>ε</span> <span class='ocrx_word' id='word_1_475' title='bbox 1554 4535 1654 4604; x_wconf 86' lang='grc' dir='ltr'>πρὸς-</span> 
     </span>
     <span class='ocr_line' id='line_1_42' title="bbox 294 4622 1622 4693; baseline -0.002 -16"><span class='ocrx_word' id='word_1_476' title='bbox 294 4626 349 4677; x_wconf 83' lang='grc' dir='ltr'>τότε</span> <span class='ocrx_word' id='word_1_477' title='bbox 368 4625 422 4689; x_wconf 74' lang='lat'>(25)</span> <span class='ocrx_word' id='word_1_478' title='bbox 441 4640 490 4675; x_wconf 86' lang='lat' dir='ltr'>om.</span> <span class='ocrx_word' id='word_1_479' title='bbox 510 4624 590 4676; x_wconf 80' lang='grc' dir='ltr'>ΙιίεΙει</span> <span class='ocrx_word' id='word_1_480' title='bbox 679 4623 711 4674; x_wconf 71' lang='lat'>‘26</span> <span class='ocrx_word' id='word_1_481' title='bbox 732 4623 796 4691; x_wconf 78' lang='grc' dir='ltr'>τοσῆ</span> <span class='ocrx_word' id='word_1_482' title='bbox 813 4625 883 4675; x_wconf 78' lang='lat' dir='ltr'>A²R2</span> <span class='ocrx_word' id='word_1_483' title='bbox 904 4624 974 4676; x_wconf 80' lang='grc' dir='ltr'>πόσει</span> <span class='ocrx_word' id='word_1_484' title='bbox 987 4624 1035 4675; x_wconf 89' lang='lat' dir='ltr'>A¹:</span> <span class='ocrx_word' id='word_1_485' title='bbox 1055 4640 1110 4676; x_wconf 89' lang='grc' dir='ltr'>ποσ.</span> <span class='ocrx_word' id='word_1_486' title='bbox 1123 4626 1180 4675; x_wconf 87' lang='lat' dir='ltr'>BC:</span> <span class='ocrx_word' id='word_1_487' title='bbox 1201 4639 1249 4676; x_wconf 83' lang='grc' dir='ltr'>που</span> <span class='ocrx_word' id='word_1_488' title='bbox 1267 4627 1321 4676; x_wconf 89' lang='lat' dir='ltr'>PS:</span> <span class='ocrx_word' id='word_1_489' title='bbox 1341 4623 1406 4693; x_wconf 86' lang='grc' dir='ltr'>πόση</span> <span class='ocrx_word' id='word_1_490' title='bbox 1426 4642 1442 4675; x_wconf 84' lang='grc' dir='ltr'>ε</span> <span class='ocrx_word' id='word_1_491' title='bbox 1531 4622 1561 4674; x_wconf 86' lang='grc' dir='ltr'>τὸ</span> <span class='ocrx_word' id='word_1_492' title='bbox 1580 4626 1622 4676; x_wconf 76' lang='lat' dir='ltr'>Ra</span> 
     </span>
     <span class='ocr_line' id='line_1_43' title="bbox 294 4710 1549 4781; baseline -0.001 -17"><span class='ocrx_word' id='word_1_493' title='bbox 294 4710 420 4771; x_wconf 84' lang='grc' dir='ltr'>συναύξειν</span> <span class='ocrx_word' id='word_1_494' title='bbox 439 4711 520 4763; x_wconf 82' lang='grc' dir='ltr'>Ιύείετ</span> <span class='ocrx_word' id='word_1_495' title='bbox 626 4711 661 4778; x_wconf 80' lang='grc' dir='ltr'>μη</span> <span class='ocrx_word' id='word_1_496' title='bbox 684 4710 732 4762; x_wconf 79' lang='lat' dir='ltr'>del.</span> <span class='ocrx_word' id='word_1_497' title='bbox 754 4710 835 4762; x_wconf 75' lang='lat' dir='ltr'>{delet</span> <span class='ocrx_word' id='word_1_498' title='bbox 942 4710 974 4761; x_wconf 77' lang='lat'>27</span> <span class='ocrx_word' id='word_1_499' title='bbox 994 4713 1095 4768; x_wconf 83' lang='grc' dir='ltr'>πάντως</span> <span class='ocrx_word' id='word_1_500' title='bbox 1115 4716 1150 4762; x_wconf 85' lang='lat' dir='ltr'>A:</span> <span class='ocrx_word' id='word_1_501' title='bbox 1179 4712 1260 4781; x_wconf 78' lang='grc' dir='ltr'>πάντη</span> <span class='ocrx_word' id='word_1_502' title='bbox 1280 4713 1382 4764; x_wconf 86' lang='lat' dir='ltr'>BOPS:</span> <span class='ocrx_word' id='word_1_503' title='bbox 1406 4711 1489 4763; x_wconf 85' lang='grc' dir='ltr'>πάντα</span> <span class='ocrx_word' id='word_1_504' title='bbox 1510 4713 1549 4763; x_wconf 77' lang='lat' dir='ltr'>Ra</span> 
     </span>
    </p>

    <p class='ocr_par' dir='ltr' id='par_1_5' title="bbox 293 4795 1655 4956">
     <span class='ocr_line' id='line_1_44' title="bbox 294 4795 1655 4867; baseline -0.001 -17"><span class='ocrx_word' id='word_1_505' title='bbox 294 4799 327 4850; x_wconf 68' lang='lat'>⁶29</span> <span class='ocrx_word' id='word_1_506' title='bbox 351 4799 394 4851; x_wconf 76' lang='lat' dir='ltr'>alt.</span> <span class='ocrx_word' id='word_1_507' title='bbox 419 4797 447 4849; x_wconf 81' lang='grc' dir='ltr'>τό</span> <span class='ocrx_word' id='word_1_508' title='bbox 471 4813 521 4849; x_wconf 84' lang='lat' dir='ltr'>om.</span> <span class='ocrx_word' id='word_1_509' title='bbox 546 4798 626 4849; x_wconf 79' lang='grc' dir='ltr'>ΙιΙεΙετ</span> <span class='ocrx_word' id='word_1_510' title='bbox 745 4797 778 4848; x_wconf 80' lang='grc'>34</span> <span class='ocrx_word' id='word_1_511' title='bbox 802 4796 911 4850; x_wconf 75' lang='lat' dir='ltr'><strong>fortasse</strong></span> <span class='ocrx_word' id='word_1_512' title='bbox 935 4795 994 4849; x_wconf 85' lang='grc' dir='ltr'>όταν</span> <span class='ocrx_word' id='word_1_513' title='bbox 1017 4797 1065 4858; x_wconf 83' lang='grc' dir='ltr'>(τὸ</span> <span class='ocrx_word' id='word_1_514' title='bbox 1093 4798 1154 4861; x_wconf 76' lang='grc' dir='ltr'>ἀεὶ)</span> <span class='ocrx_word' id='word_1_515' title='bbox 1273 4798 1304 4851; x_wconf 85' lang='grc' dir='ltr'>ίιι</span> <span class='ocrx_word' id='word_1_516' title='bbox 1327 4813 1377 4850; x_wconf 87' lang='lat' dir='ltr'>om.</span> <span class='ocrx_word' id='word_1_517' title='bbox 1401 4797 1480 4866; x_wconf 76' lang='lat' dir='ltr'><strong>Apelt</strong></span> <span class='ocrx_word' id='word_1_518' title='bbox 1588 4798 1655 4867; x_wconf 66' lang='grc' dir='ltr'>μένει</span> 
     </span>
     <span class='ocr_line' id='line_1_45' title="bbox 293 4884 641 4956; baseline -0.006 -18"><span class='ocrx_word' id='word_1_519' title='bbox 293 4890 332 4939; x_wconf 73' lang='lat' dir='ltr'>Ra</span> <span class='ocrx_word' id='word_1_520' title='bbox 439 4884 582 4956; x_wconf 83' lang='grc' dir='ltr'>προσετάθη</span> <span class='ocrx_word' id='word_1_521' title='bbox 602 4888 641 4936; x_wconf 70' lang='lat' dir='ltr'>Ra</span> 
     </span>
    </p>
   </div>
   <div class='ocr_carea' id='block_1_5' title="bbox 0 0 1774 5610">
    <p class='ocr_par' dir='ltr' id='par_1_6' title="bbox 0 0 1774 5610">
     <span class='ocr_line' id='line_1_46' title="bbox 0 0 1774 5610; baseline 0 2"><span class='ocrx_word' id='word_1_522' title='bbox 0 0 1774 5610; x_wconf 95' lang='lat' dir='ltr'> </span> 
     </span>
    </p>
   </div>
  </div>
 </body>
</html>
