3548 5604
594 309 735 366 ΒΙΒΛΙΟΝ
753 307 934 367 ΔΕΥΤΕΡΟΝ
957 309 1057 363 11-12
1461 305 1500 370 bl

201 488 270 556 πίοις
293 486 388 550 αὐτῶν
411 487 520 568 γένεσιν
545 483 624 549 οῦσιν
647 482 727 549 ἔσται
750 483 779 552 ἐξ
801 484 928 567 ἀνάγκης
950 482 981 544 ἐν
1004 482 1169 564 τήτοότων
1194 484 1336 565 στερήσει.
1374 477 1450 541 καθὸ

199 592 253 674 γοίρ
276 590 353 654 ἐστιν
381 590 410 652 ἐν
433 595 476 674 τῷ
500 589 621 672 ἐναντίῳ
648 592 698 650 τοῦ
721 589 848 671 θερμοῦ,
876 585 952 651 ἔστιν
979 587 1008 649 ἐν
1032 585 1165 670 στερήσει
1191 585 1295 660 αὐτοῦ,
1324 586 1372 648 καί
1396 582 1452 650 ἕως
1479 595 1493 637 ⁵

202 691 237 754 ἄν
265 693 295 754 ἐν
322 692 425 776 ἐκείνῳ
454 689 487 776 ή,
523 692 569 774 [ἢ]
598 690 676 775 μένει
704 692 752 753 καὶ
779 690 809 752 ἐν
836 690 978 773 στερήσει.
1027 693 1069 772 τῷ
1099 686 1148 751 οῦν
1175 691 1213 772 τῇ
1239 692 1290 751 τοῦ
1323 685 1451 750 ἐναντίου

200 796 345 879 παρουσία
368 797 420 877 τήν
436 799 487 857 τοῦ
510 795 638 858 ἐναντίου
654 793 786 877 στέρησιν
804 793 996 876 συνεζεῦχθαι
1019 793 1066 854 καὶ
1089 792 1251 873 ἀναγκαίως
1270 792 1318 854 καὶ
1334 789 1401 852 όταν
1417 787 1451 850 ἐκ

163 904 251 980 ὁτῆς
274 900 440 982 στερήσεως
461 899 550 961 αὐτοῦ
574 898 615 965 εἰς
636 898 688 979 τήν
712 896 767 965 ἕξιν
791 896 976 981 μεταβαλλη,
1003 893 1065 957 κατ’
1093 895 1187 957 ἐκεῖνο
1209 893 1225 956 ὃ
1248 894 1338 977 παρόν
1362 889 1451 954 αίτιον
1466 905 1491 947 ¹⁵

200 1000 235 1085 ήν
258 1007 300 1087 τῷ
323 1000 505 1086 ὑποκειμένῳ
529 1004 579 1064 τοῦ
602 999 684 1075 εἶναι,
707 1000 737 1062 ἐν
760 1004 798 1084 πή
821 999 924 1062 τούτου
946 998 1052 1080 γίνεται
1074 999 1217 1082 στερήσει.

199 1293 268 1357 Xll.
307 1289 379 1359 Ὅτι
406 1295 444 1358 οῦ
472 1295 650 1358 δείκνυται
683 1293 740 1357 διόι
774 1298 832 1356 τοῦ
862 1293 1119 1357 συστέλλεσθαι
1151 1292 1191 1354 τὰ
1219 1294 1366 1374 σώματα
1398 1290 1449 1357 εἰς

468 1397 577 1460 ἑαυτὰ
598 1399 636 1461 τὸ
659 1402 758 1479 σῶμα
780 1396 836 1459 διὰ
859 1398 1020 1478 σώματος
1041 1399 1181 1481 χωρεῖν.
1466 1409 1492 1450 ιο

283 1600 327 1667 Οὐ
355 1603 408 1686 γὰρ
436 1603 471 1665 τὰ
499 1601 715 1684 συστελλόμενα
742 1600 817 1686 <eall
845 1603 885 1671 εἰς
913 1601 1001 1664 έαυτόι
1028 1603 1236 1686 ἀναχωροῦντα
1268 1600 1451 1665 συστέλλεται

149 1725 180 1772 10
200 1709 335 1786 σώματος
359 1711 524 1790 χωροῦντος
547 1707 595 1769 διὰ
617 1709 763 1788 σώματος.
803 1705 988 1769 συστέλλεται
1002 1705 1056 1789 γὰρ
1072 1709 1157 1768 τοῦτο
1173 1704 1189 1768 ὃ
1205 1705 1332 1788 ἐνεργείᾳ
1354 1702 1395 1766 ἔτι
1419 1702 1451 1766 ὄν

200 1809 284 1889 μένον
308 1810 355 1872 ἐπὶ
377 1815 429 1893 τῆς
451 1808 541 1893 αὐτῆς
564 1809 663 1877 οὐσίας
679 1808 746 1893 (εἰς)
769 1808 907 1871 ἐλάττονα
930 1806 1014 1890 ὄγκον
1038 1811 1190 1892 συνάγεται
1212 1808 1231 1891 ή
1255 1807 1311 1870 ὑπό
1334 1829 1409 1875 τινος
1431 1806 1493 1889 blo

200 1909 247 1996 ὑφ’
276 1913 390 1975 ἑαυτοῦ.
428 1914 520 1976 πάντα
544 1912 634 1975 δὲτὰ
657 1917 741 1975 τοῦτο
765 1914 917 1996 πάσχοντα
940 1912 1090 1996 ἀποκρίσει
1113 1913 1188 1980 τινός
1210 1915 1294 1974 τοῦτο
1317 1916 1396 1973 ποιεῖ
1415 1909 1449 1992 (ή

198 2016 252 2099 γὰρ
274 2020 325 2078 τοῦ
348 2015 508 2097 πνεύματος
530 2015 730 2101 χωριζομένου
753 2016 785 2078 τό
802 2017 900 2079 λοιπόν
926 2020 1014 2098 σῶμα
1036 2016 1077 2084 εἰς
1100 2018 1152 2099 τἠν
1176 2015 1248 2084 τέως
1271 2012 1319 2078 ὑπ’
1340 2012 1450 2076 ἐκείνου

199 2121 301 2202 χώραν
329 2119 528 2204 κατεχομένην
557 2118 746 2203 συνέρχεται,
778 2118 797 2202 ή
827 2123 877 2181 τοῦ
905 2119 993 2203 ὑγροῦ
1024 2123 1074 2182 τοῦ
1100 2119 1129 2181 ἐν
1158 2118 1255 2186 αὐτοῖς
1286 2132 1492 2202 παρεσπαρ-κὸ

149 2241 179 2288 15
199 2221 315 2303 μένου),
345 2224 363 2304 ή
388 2223 420 2284 δὲ
444 2223 497 2305 ῦλη
524 2221 593 2284 οὐδὲ
619 2223 670 2305 τήν
694 2219 798 2306 σἰρήχήν
827 2219 1012 2285 συστέλλεται
1039 2226 1081 2306 τῷ
1113 2219 1181 2304 μηδ’
1210 2221 1338 2304 ἐνεργείᾳ
1365 2221 1431 2305 ὑφε-
1455 2226 1503 2282 106

200 2326 309 2387 στάναι.
355 2324 462 2406 γίνεται
489 2325 521 2387 δὲ
548 2325 583 2387 τὰ
612 2324 660 2388 ὑπ’
688 2325 779 2409 αὐτῆς
806 2328 928 2406 σώματα
952 2325 1022 2387 ποτὲ
1049 2325 1100 2408 μὲν
1128 2324 1175 2386 ἐπὶ
1199 2324 1328 2407 μείζονος
1351 2321 1450 2406 ὄγκου,

198 2429 269 2490 ποτὲ
295 2427 321 2490 θ’
349 2426 396 2490 ἐπ’
424 2429 575 2497 ἐλάττονος
602 2433 644 2513 τῷ
672 2433 730 2492 τῶν
753 2429 897 2511 σωμάτων
924 2428 959 2490 τὰ
989 2428 1040 2510 μὲν
1067 2426 1140 2490 εἶναι
1167 2427 1319 2512 παχῦτεροί
1345 2450 1376 2491 τε
1403 2427 1451 2489 καὶ

203 2534 392 2614 στερεώτερα,
417 2531 451 2593 τὰ
475 2531 507 2593 δὲ
523 2530 681 2617 λεπτότερα
703 2556 734 2595 τε
756 2533 805 2594 καλ
822 2530 971 2616 ὑγρότερα,
994 2532 1035 2593 ὧν
1057 2530 1093 2593 τὰ
1117 2531 1168 2614 μὲν
1185 2531 1336 2617 παχότερά
1358 2533 1451 2594 τεκαὶ
1478 2546 1492 2588 σ

199 2636 380 2717 στερεώτερα
402 2635 442 2703 εἰς
465 2637 513 2696 τὸν
543 2634 602 2698 ἴσον
631 2633 716 2718 ὄγκον
738 2633 868 2704 πλείονος
894 2634 981 2717 ὄγκου
1004 2636 1111 2709 δεῖται,
1138 2634 1174 2697 τὰ
1201 2637 1233 2697 δὲ
1260 2634 1399 2718 ὑγρότεροί
1420 2656 1452 2697 τε

147 2757 180 2804 20
198 2739 247 2800 καὶ
269 2734 427 2820 λεπτότερα
456 2737 616 2806 ἐλοὶττονος.
661 2740 705 2802 διὸ
728 2739 802 2824 ποτὲΙ
822 2738 874 2821 μὲν
896 2739 944 2800 ἐπὶ
973 2743 1025 2821 τῆς
1047 2736 1138 2819 αὐτῆς
1165 2739 1236 2824 όλης
1263 2738 1338 2802 ἐστὶν
1366 2742 1453 2818 σῶμα

200 2841 317 2903 πλείονα
344 2839 467 2924 κατέχον
496 2839 598 2916 τόπον,
627 2842 697 2904 ποτὲ
725 2843 757 2905 δὲ
784 2841 922 2905 ἐλάττονα
949 2845 993 2926 τῷ
1021 2842 1073 2924 τήν
1096 2840 1187 2924 αὐτὴν
1215 2841 1284 2926 ῦλην
1308 2845 1365 2903 τῶν
1388 2840 1452 2903 έκα-
1468 2857 1493 2898 ιυ

199 2943 281 3025 τέρου
310 2948 366 3004 τῶν
390 2945 534 3026 σωμάτων
562 2952 720 3028 ποιητικῶν
748 2945 910 3028 ποιοτήτων
933 2944 1005 3007 εἶναι
1033 2945 1174 3028 δεκτικήν.
1219 2945 1245 3007 εἰ
1275 2945 1326 3028 μὲν
1349 2942 1399 3007 οῦν
1422 2944 1452 3006 ἐν

199 3051 235 3130 τῇ
253 3050 310 3108 τῶν
327 3048 472 3128 σωμάτιον
495 3049 628 3131 χωρήσει
650 3047 686 3111 δι’
708 3049 842 3132 ἀλλήλων
858 3049 965 3131 ἐγίνετο
982 3048 1080 3133 φθορά
1100 3071 1141 3116 τις
1163 3045 1239 3132 [καὶ]
1262 3047 1281 3133 ή
1303 3048 1450 3132 μεταβολὴ

199 3149 240 3217 εἰς
263 3148 504 3233 παχυμερέστερα
531 3154 668 3231 σώματα,
697 3151 766 3219 ἴσως
790 3152 823 3215 ὄιν
847 3152 966 3215 ἐδύνατο
995 3151 1025 3214 ὃν
1049 3150 1121 3219 τέως
1143 3152 1176 3213 τό
1200 3151 1297 3235 ἕτερον
1319 3156 1453 3238 κατεῖχεν
1468 3167 1493 3209 ιι

148 3272 180 3320 25
199 3250 300 3323 τόπον,
329 3256 429 3313 τοῦτον
452 3251 569 3336 ῦστερον
596 3253 731 3338 κατέχειν
759 3255 791 3317 τὸ
819 3254 852 3316 ἐκ
879 3260 931 3338 τῆς
960 3254 1133 3338 ἀμφοτέρων
1162 3252 1266 3334 μίξεως
1292 3253 1452 3337 γινόμενον,

201 3356 226 3416 εἶ
253 3355 285 3416 δὲ
319 3356 353 3416 τὰ
380 3353 453 3417 αὐτὰ
487 3354 565 3436 μένει
598 3357 749 3441 (ἑκάτερον
783 3356 827 3441 [ό]
862 3357 915 3440 γὰρ
943 3357 1038 3420 αὐτῶν
1072 3358 1152 3420 δοκεῖ
1178 3360 1282 3428 σώζειν
1318 3356 1366 3441 [ή]
1399 3359 1451 3442 τὴν

199 3459 302 3520 ἑαυτοῦ
335 3458 444 3541 ρόσιν),
479 3464 542 3526 πῶς
574 3458 609 3521 ἂν
636 3459 658 3542 γι
681 3457 722 3523 ἔτι
756 3461 878 3543 γίγνοιτο
901 3465 984 3522 τοῦτο
1015 3460 1158 3542 γίνεσθαι;
1193 3457 1234 3522 ἔτι
1266 3457 1327 3523 ἔνια
1359 3463 1494 3544 μιγνό-εο

201 3584 283 3643 μενα,
315 3559 348 3623 οῦ
372 3560 458 3641 μόνον
481 3561 514 3625 οῦ
541 3563 709 3648 τταχότερον4
727 3563 802 3626 ἀλλὰ
824 3566 873 3627 καὶ
894 3562 1065 3647 λεπτότερον
1088 3562 1110 3645 †
1131 3563 1202 3625 αὐτὸ
1225 3562 1244 3646 ή
1268 3562 1394 3647 πρόσθεν
1417 3565 1452 3650 ήν

201 3668 288 3736 ποιεῖ,
321 3664 397 3726 ὥστε
424 3662 482 3727 ἔδει
510 3665 581 3728 αὐτὸ
609 3667 656 3730 ἐπὶ
680 3667 808 3750 μείζονος
837 3666 1002 3751 γιγνόμενον
1026 3665 1113 3749 ὄγκου
1136 3667 1185 3729 καλ
1210 3665 1297 3729 τόπον
1320 3667 1453 3754 κατέχειν

149 3787 182 3834 30
201 3767 327 3830 πλείονα
354 3765 357 3852 l

151 4051 251 4103 λοῦσιν
271 4052 397 4105 v¹GFs¹z
416 4051 477 4103 οῦσα
497 4051 604 4104 v⁹Bs²a
622 4055 678 4119 Sp.:
698 4050 816 4104 οῦσανΗ
954 4048 1083 4127 θήΨΒ
1104 4053 1161 4120 Sp.:
1181 4051 1197 4125 ή
1216 4055 1232 4123 ή
1253 4057 1301 4106 Vl:
1324 4055 1339 4125 ή
1360 4057 1381 4108 τί
1401 4059 1435 4111 G:
1454 4056 1506 4127 ήή

149 4141 181 4189 F:
211 4138 318 4207 ήήὸε
424 4140 439 4191 θ
464 4140 506 4191 καὶ
530 4139 588 4191 add.
607 4138 735 4191 Schwartz
845 4139 877 4191 10
899 4139 936 4192 ὄτι
955 4138 981 4192 ὄν
1000 4145 1061 4193 VB:
1089 4141 1167 4193 αίτιον
1186 4146 1278 4195 lisia:
1306 4162 1329 4196 τι
1348 4142 1376 4195 ὄν
1396 4144 1419 4196 Η
1439 4145 1506 4197 vict.

149 4227 193 4292 Sp.
304 4228 330 4278 ll
362 4228 395 4285 τίς
414 4227 472 4278 add.
491 4226 558 4280 3²8²
577 4246 592 4278 a
610 4227 653 4295 Sp.
769 4226 818 4278 ῦπό
844 4227 903 4295 Sp.:
931 4228 980 4279 ἀπό
1003 4229 1063 4281 libri
1196 4229 1226 4281 13
1254 4231 1405 4300 πνεύματος]
1430 4251 1508 4300 ματος

149 4329 169 4364 ε,
189 4330 212 4363 ν.
233 4317 254 4364 V
365 4316 396 4366 16
425 4311 470 4366 ὑπ’
491 4315 568 4383 αὑτῆς
588 4315 667 4368 Vict.:
693 4310 734 4381 ὑφ’
755 4313 833 4384 abr-iic
852 4315 923 4367 libri:
953 4316 1128 4384 intellegerem
1148 4317 1189 4369 ἐπὶ
1207 4322 1252 4388 τῆς
1270 4319 1349 4389 αὐτῆς
1367 4318 1457 4388 (ὕλης),
1477 4331 1507 4374 ut

150 4417 172 4450 v.
186 4401 220 4452 20
312 4402 341 4452 17
368 4420 395 4454 τι
414 4403 457 4454 καὶ
476 4404 582 4470 scripsi:
610 4404 640 4454 τὰ
659 4402 685 4455 δὲ
707 4403 765 4455 libri
876 4405 906 4454 19
931 4401 1020 4471 ὄγκου]
1044 4405 1123 4456 τόπου
1142 4407 1210 4457 coni.
1229 4405 1286 4474 Sp.:
1315 4409 1393 4459 immo
1411 4409 1506 4460 τόπον

149 4486 262 4546 πλείονος
283 4488 362 4557 ὄγκου
462 4489 495 4541 θθ
520 4496 660 4560 ποιητικῶν
678 4490 758 4542 vicl:
778 4490 911 4560 ποιητικήν
931 4491 990 4544 libri
1102 4491 1135 4544 23
1153 4492 1169 4562 ή
1189 4495 1294 4559 scripsi:
1316 4496 1393 4565 καλή
1413 4496 1472 4548 libri

150 4575 182 4627 ‘24
211 4575 294 4647 έπτρον
322 4584 437 4649 κατεῖχεν
467 4578 533 4629 vict.
562 4578 619 4646 Sp.:
654 4578 736 4648 ἔτερον
763 4579 865 4650 κατέχει
888 4579 972 4631 BlSl:
1005 4577 1106 4647 ὕστερον
1134 4581 1249 4651 κατέχειν
1278 4583 1396 4654 (κατέχει
1420 4584 1506 4648 B'S')

150 4665 325 4716 VHGFB¹S¹:
355 4664 439 4735 ἕτερον
464 4667 577 4737 κατίχιιν
596 4684 612 4717 a
735 4666 768 4718 25
796 4665 836 4735 τό]
859 4662 918 4719 τότ’
941 4669 1019 4734 aSp.
1139 4667 1171 4719 96
1191 4667 1205 4718 θ
1223 4686 1252 4720 οι
1272 4669 1320 4721 del.
1340 4671 1384 4737 Sp.

150 4748 234 4801 αῦτιῑιν
257 4750 312 4817 Sp.:
339 4751 424 4809 αὐτοῖς
447 4752 505 4804 libri
625 4754 641 4823 ἡ
665 4753 714 4806 del.
738 4753 784 4822 Sp.
908 4753 941 4806 27
968 4751 1089 4824 γίνεσθσιλ
1114 4751 1129 4798 ll
1150 4752 1243 4808 ιίνεται
1262 4756 1343 4808 vice:
1372 4755 1393 4825 ql
1416 4760 1508 4826 γίνεται

150 4836 209 4904 Sp.:
240 4836 269 4888 ἂν
289 4836 454 4907 ἐνδέχοιτο
472 4857 540 4907 τ.γ.,
568 4841 633 4893 ἐπεὶ
651 4842 723 4894 Diels
741 4847 809 4894 recte
916 4841 950 4895 28
976 4840 992 4894 d
1277 4849 1337 4912 post
1359 4845 1507 4917 λεπτότερον

152 4925 279 4977 excidisse
304 4928 372 4978 coni.
393 4926 437 4994 Sp.
461 4929 599 5000 παχίιτιρον
622 4931 669 5001 γὰρ
692 4928 721 4983 οῦ
743 4926 892 5002 λιπτότιρον
