3540 5610
210 277 274 341 234
648 275 878 338 ΑΛΕΞΑΝΔΡΟΥ
899 276 1127 336 ΑΦΡΟΔΙΣΙΕΩΣ

264 453 499 533 προσπλάσσεται
520 452 569 536 (οὐ
591 454 646 538 γὰρ
667 455 725 516 τῶν
747 452 913 536 αὐξομένων
936 454 1011 523 τινύς
1024 454 1049 517 ό
1072 457 1144 524 ποῦς
1167 451 1282 523 αὔξεται
1305 451 1417 535 μόνος),
1440 451 1516 516 ἀλλά

267 553 315 614 καλ
338 556 453 618 πάντων
476 559 534 618 τῶν
558 556 666 641 μορίων
688 556 814 623 ἐπίθεσις
836 554 901 619 κατ’
929 556 1081 638 ἀναλογίαν
1103 555 1221 638 γίνεται.
1265 556 1313 619 καὶ
1335 555 1391 640 γάρ
1413 555 1518 619 ταύτὸν
1532 569 1558 613 ιο

266 654 410 740 ὑπομένον
433 680 464 720 τε
486 660 534 720 καὶ
556 661 652 731 σῶζον
674 662 727 743 τήν
760 658 867 722 οἰκείαν
901 658 986 743 φύσιν
1017 660 1052 721 τὸ
1085 657 1243 743 αὐξόμενον
1269 658 1321 741 τὴν
1344 657 1517 742 προσθήκην

264 759 414 842 λαμβάνει.
461 759 528 824 οὑτε
550 762 604 846 γὰρ
628 765 669 847 μὴ
694 762 886 845 ὑπομένοντος
908 765 960 824 τοῦ
993 758 1133 830 αὔξεσθαι
1158 759 1316 844 λεγομένου
1343 758 1461 843 αὔξησις
1483 760 1518 822 τὸ

227 861 411 942 υγινὺμενον
433 883 454 923 ε
476 883 497 923 κ
519 884 539 924 νε
562 864 602 931 είς
625 861 710 945 όγκον
734 864 924 949 μεταβάλλειν
948 863 1065 944 μείζονα
1094 863 1156 945 (διὰ
1178 866 1264 927 τοῦτο
1285 863 1340 948 γὰρ
1362 861 1430 926 οὗτε
1456 866 1516 924 τῶν

268 965 446 1048 κιρναμένων
482 987 509 1026 τε
552 963 691 1035 αὔξεσθαι
731 965 844 1048 λέγεται
886 967 1124 1051 μεταβαλλόντων
1160 965 1200 1033 εἰς
1244 962 1316 1028 ἀλλο
1359 988 1386 1027 τι
1430 967 1519 1046 σῶμα
1533 980 1559 1024 τε

266 1063 297 1127 ὐν
320 1063 366 1129 ἐπ’
395 1065 483 1149 ὄγκου
507 1068 645 1150 μείζονος,
678 1070 718 1137 εὐς
740 1070 855 1152 όρεῖεμεν
877 1067 1026 1151 γινόμενον
1060 1067 1094 1131 ἑκ
1126 1072 1179 1151 τῆς
1200 1066 1230 1135 ἐξ
1252 1067 1357 1136 ὑδατσς
1378 1067 1419 1135 εἰς
1442 1066 1517 1152 ἀέρα

265 1169 438 1252 μεταβολῆς,
472 1167 533 1232 ἀλλ’
561 1169 689 1233 ἐνταῦθα
711 1171 764 1254 μὲν
786 1171 896 1252 γένεσις
918 1170 966 1233 καὶ
988 1170 1097 1254 φθορά,
1131 1170 1233 1239 ὑδατος
1256 1169 1309 1252 μὲν
1330 1170 1438 1253 φθορά,
1472 1168 1517 1251 γέ·

263 1289 338 1337 νεσις
360 1271 392 1333 δὲ
415 1270 511 1355 ἀέρος,
546 1271 610 1336 ἐκεῖ
630 1274 662 1337 δὲ
686 1273 758 1355 μῖξίς
781 1273 883 1336 τεκαὶ
905 1271 1030 1357 κρᾶσις),
1059 1269 1127 1334 οὔτε
1149 1272 1182 1335 τὸ
1204 1272 1294 1356 τυχόν
1316 1275 1375 1334 τῶν
1398 1271 1439 1341 είς
1462 1273 1514 1354 τήν

215 1390 245 1436 ro
264 1369 382 1456 αὔξησιν
406 1374 619 1439 συντελούντων
642 1374 767 1449 αὔξεται,
791 1374 865 1438 ἀλλά
887 1376 919 1438 τό
942 1373 1109 1457 σωζόμενον
1131 1396 1162 1437 τε
1185 1373 1280 1438 αὐτῶν
1295 1373 1345 1438 καί
1360 1374 1515 1458 ὑπομένον,

265 1475 312 1536 καὶ
335 1473 376 1538 έτε
400 1479 452 1560 τὴν
476 1477 630 1562 αὐξητικήν
654 1501 685 1541 τε
707 1479 755 1541 καλ
779 1479 937 1562 θρεπτικὴν
959 1475 1030 1562 έχον
1052 1477 1172 1559 δόναμιν
1187 1477 1217 1538 ἐν
1232 1476 1325 1561 αὑτῷ.
1362 1476 1410 1540 διὰ
1425 1480 1558 1540 mizano

261 1576 316 1661 γάρ
339 1578 396 1664 οὐχ
418 1581 437 1662 ἡ
460 1582 553 1665 τροφή
576 1579 780 1661 αὐξανόμενον,
814 1581 906 1644 καίτοι
939 1581 987 1643 καὶ
1022 1579 1096 1663 αὐτῆ
1120 1584 1208 1663 σῶμα
1234 1580 1283 1644 καὶ
1304 1579 1441 1663 γινομένη
1464 1582 1516 1660 τῆς

261 1680 412 1763 αὐξήσεως
445 1684 531 1757 αἰτία,
565 1681 625 1746 ἀλλ’
653 1681 679 1768 ᾧ
703 1685 723 1765 ή
745 1685 839 1767 τροφὴ
862 1683 1072 1768 προσκρένεται.
1118 1684 1137 1764 ή
1162 1682 1213 1763 μὲν
1245 1682 1301 1767 γάρ
1329 1682 1516 1768 μεταβάλλει,

260 1783 293 1844 τὸ
317 1785 349 1847 δὲ
373 1787 511 1857 σώζεται·
546 1788 635 1868 καλή
659 1787 801 1871 θρεπτική
825 1786 954 1869 δόναμες,
988 1787 1007 1867 ή
1032 1785 1228 1870 μεταβλητική
1252 1787 1289 1868 δή
1313 1785 1361 1848 καὶ
1384 1805 1516 1868 προσκρε-

212 1906 242 1953 15
264 1888 328 1969 τικὴ
352 1892 405 1971 τῆς
427 1894 547 1973 τροφῆς,
570 1889 647 1953 ἐστὶν
670 1889 700 1952 ἑν
723 1890 828 1974 τοὺτιρ.
866 1888 1001 1973 (τούτων)
1016 1889 1111 1952 τοίνυν
1126 1891 1186 1956 τοῖς
1200 1886 1406 1971 αὐξανομένοις
1428 1887 1516 1969 ὑπαρ·
1529 1899 1557 1942 ⁸

259 1990 374 2073 χόντων
397 1995 534 2073 ζητεῖται,
559 1991 623 2054 ἐπεὶ
647 1993 665 2074 ῆ
689 1989 807 2075 αὔξησις
829 1990 1051 2075 προστιθεμένῳ
1073 1990 1191 2072 γίνεται,
1213 1990 1241 2051 τί
1265 1989 1327 2053 ἐστι
1348 1988 1408 2073 (τό)
1431 2009 1517 2074 προσ·

260 2089 423 2173 τιθέμενον;
448 2093 467 2176 ‘l
489 2092 543 2178 γάρ
562 2098 649 2174 σῶμα
672 2093 691 2176 ή
715 2094 871 2176 ἀσώματον
894 2092 967 2156 εἶναι
990 2093 1089 2155 δεῖτὸ
1112 2091 1348 2176 προστιθέμενον.
1393 2090 1462 2155 οὐτε
1483 2090 1516 2153 δέ

262 2192 413 2278 ἀσωμάτῳ
436 2196 488 2278 τήν
512 2193 630 2278 αὔξησιν
653 2194 724 2257 εἶναι
747 2195 840 2277 λέγειν
856 2193 985 2277 εὔλογον,
1008 2191 1075 2258 οὔτε
1091 2196 1205 2277 σώματι
1220 2192 1398 2257 εἶναιδοκεῖ.
1436 2192 1516 2256 ἀσω·

259 2296 343 2379 μάτιρ
389 2295 455 2376 μέν,
489 2295 534 2359 ότι
567 2297 620 2361 οὐκ
654 2297 811 2380 ἀσώματος
844 2299 863 2381 ή
897 2297 1003 2380 τροφή,
1038 2296 1237 2378 ἀκολουθήσει
1272 2318 1304 2359 τε
1339 2300 1400 2364 τοῖς
1437 2295 1511 2358 κατὰ

207 2416 240 2462 ευ
259 2397 418 2481 ἀσωμάτου
441 2401 517 2469 τινὸς
540 2400 712 2485 προσθήκην
733 2403 785 2484 τὴν
801 2398 920 2483 αὔξησιν
935 2399 1009 2462 εἶναι
1024 2397 1139 2480 λέγουσι
1155 2398 1178 2480 †
1195 2399 1330 2484 κατέχειν
1352 2397 1456 2462 τόπον·
1479 2397 1514 2461 οὐ
1528 2413 1557 2456 ετ

259 2505 378 2585 κατεῖχε
400 2502 432 2564 δὲ
454 2501 543 2565 τόπον
566 2504 598 2565 τὸ
621 2502 749 2586 αὐξῆσαν
772 2502 857 2566 αὐτό·
890 2501 922 2565 θν
944 2500 999 2585 γάρ
1025 2501 1215 2586 ἐπιλαμβάνει
1249 2501 1283 2564 τύ
1309 2498 1514 2583 αὐξανόμενον,

259 2601 344 2672 οὑτός
378 2603 440 2668 έστι
473 2606 530 2689 πρὸ
563 2611 616 2688 τῆς
637 2605 788 2689 αὐξήσεως
809 2603 898 2667 αὐτοῦ
922 2603 1014 2680 κενός,
1038 2601 1042 2687 l
1066 2603 1147 2686 εἴγε
1170 2602 1267 2688 μόνων
1289 2604 1435 2685 σωμάτων
1458 2604 1491 2666 τό
1515 2609 1564 2666 ill

261 2705 395 2790 κατέχειν
418 2707 479 2770 τινὰ
502 2706 600 2771 τόπον.
634 2708 661 2770 εἰ
683 2708 715 2771 δὲ
737 2711 852 2791 σώματι
875 2707 987 2789 λέγοιτο
1020 2709 1040 2791 ή
1063 2704 1181 2788 αὔξησις
1207 2705 1340 2788 γίνεσθαι
1362 2705 1514 2790 προστιθε·

260 2807 350 2891 μένῳ,
373 2806 453 2871 ἔσται
476 2812 565 2892 σῶμά
586 2833 618 2873 τε
640 2811 687 2874 διὰ
710 2813 845 2892 σώματος
867 2813 984 2893 χωροῦν
1006 2810 1054 2872 καὶ
1076 2809 1099 2891 †
1121 2807 1269 2891 γενόμενον
1291 2811 1416 2890 σώματι,
1439 2807 1515 2890 εἴγε

205 2930 238 2977 25
259 2911 334 2974 καθὸ
359 2911 412 2993 μὲν
434 2910 552 2980 αὔξεταί
572 2938 609 2989 τε,
643 2913 717 2976 κατά
739 2917 824 2976 τοῦτο
858 2914 910 2995 τὴν
933 2912 1105 2996 προσθήκην
1137 2912 1287 2996 λαμβάνει,
1322 2911 1397 2975 κατά
1418 2911 1514 2975 πάντα

259 3014 291 3075 δὲ
313 3014 345 3075 τό
369 3012 525 3097 αὐξόμενον
547 3015 673 3092 αὔξεται,
707 3016 785 3078 ὥστε
807 3013 880 3077 κατὰ
903 3018 960 3076 πᾶν
982 3014 1031 3077 καὶ
1065 3014 1236 3097 προσθήκην
1265 3012 1399 3097 λήψεται.
1445 3011 1506 3076 ἀλλ’

257 3115 284 3177 εἰ
307 3120 394 3196 σῶμα
417 3115 448 3178 ὃν
471 3117 545 3179 κατὰ
567 3122 623 3180 πάν
647 3118 736 3181 έαυτύ
759 3119 811 3200 τὴν
833 3116 1005 3200 προσθήκην
1028 3115 1178 3199 λαμβάνει,
1208 3117 1308 3200 δεήσει
1336 3115 1385 3179 διὰ
1407 3116 1514 3185 παντὸς
1541 3130 1555 3171 ⁸

258 3215 330 3279 αὐτὸ
353 3221 471 3301 χωροῦν
494 3219 527 3281 τὸ
549 3220 775 3303 προστιθέμενον
799 3218 880 3302 αὐτῷ
900 3217 1001 3300 (τοῦτο
1024 3214 1050 3282 δ’
1077 3217 1154 3282 ἐστὶν
1177 3219 1196 3301 ή
1219 3219 1331 3303 τροφή)
1353 3219 1405 3301 τήν
1428 3216 1514 3300 αὔξη·

261 3338 304 3381 σιν
327 3319 417 3382 αὐτοῦ
441 3322 596 3386 ποιεῖσθαι
641 3323 668 3386 εὐ
689 3325 743 3408 γὰρ
766 3321 842 3404 λέγει
864 3343 905 3388 τις
928 3321 975 3384 διά
998 3342 1082 3383 τινων
1105 3324 1196 3384 κενῶν
1223 3320 1358 3403 γενέσθαι
1380 3321 1434 3403 τήν
1456 3320 1514 3382 δίο-

203 3439 238 3488 30
257 3423 306 3485 δον
329 3426 382 3504 τῆς
404 3428 523 3507 τροφῆς,
546 3423 657 3507 ἀνάγκη
680 3424 775 3508 τοὺτιρ
798 3422 901 3506 λέγειν,
924 3425 981 3484 πάν
1003 3423 1037 3485 τό
1059 3421 1236 3507 τρεφόμενον
1259 3427 1346 3505 σῶμα
1369 3421 1444 3486 εἶναι
1458 3445 1513 3501 κε·
1527 3437 1554 3480 ιο

257 3521 317 3598 νόν,
339 3523 366 3586 εὐ
389 3524 458 3588 καθ’
486 3525 502 3587 ὃ
526 3526 578 3609 μὲν
602 3528 620 3608 ῆ
644 3526 770 3609 πάροδος
791 3531 844 3608 τῆς
865 3529 985 3609 τροφῆς,
1008 3524 1090 3586 κενόν
1112 3523 1188 3586 κατά
1202 3526 1298 3600 τοῦτο,
1321 3525 1396 3588 κατά
1418 3525 1513 3587 πάντα

257 3623 283 3687 δ’
312 3624 402 3688 αὐτοῦ
425 3628 444 3709 ἡ
468 3627 595 3711 πάροδος
617 3632 669 3710 τῆς
691 3632 811 3712 τροφῆς,
834 3628 860 3691 εί
883 3629 919 3710 δή
944 3626 1018 3690 κατά
1040 3626 1133 3688 πάντα
1155 3623 1279 3694 αὔξεται.
1318 3630 1360 3710 τῷ
1384 3628 1421 3709 δὴ
1446 3625 1514 3708 μέλ

256 3730 333 3790 λοντι
366 3730 520 3812 φυλάττειν
552 3753 584 3793 τε
606 3728 641 3792 τά
664 3734 724 3797 τοῖς
746 3728 949 3809 αὐξανομένοις
979 3728 1148 3812 ὑπάρχοντα
1182 3728 1229 3791 καὶ
1256 3727 1353 3791 λὺσεεν
1380 3728 1417 3791 τά
1444 3730 1514 3792 ἀπο-

255 3830 382 3914 ρεόμενα
406 3833 560 3914 ἀναγκαῖον
583 3836 708 3916 πρῶτον,
742 3832 772 3894 τί
791 3829 861 3893 ποτέ
884 3830 946 3893 ἐστι
968 3832 1001 3893 τὸ
1029 3828 1186 3910 αὐξόμενον
1220 3830 1329 3914 λαβεῖν,
1362 3831 1412 3895 καὶ
1439 3832 1513 3895 κατὰ
1527 3847 1553 3891 τε

204 4076 214 4126 1
236 4075 414 4143 αὐξανομένων
433 4079 493 4130 RSa
582 4076 598 4128 2
618 4083 670 4129 τῶν
689 4091 739 4129 om.
758 4079 798 4130 Ru
884 4074 975 4128 ταύτόν
995 4075 1086 4143 Apelt:
1105 4078 1220 4128 τοιοῦτον
1243 4075 1337 4129 ldslsr:
1357 4075 1442 4147 τρίτον
1460 4077 1522 4130 libri

201 4162 583 4230 5ε1ς]ίοτίαυυο<είκα1>ε1ς
653 4164 764 4217 fortasse
777 4160 958 4232 μεταβάλλει
1041 4162 1124 4230 μεῖζον
1139 4163 1174 4214 Α1
1258 4162 1397 4232 όλέγεται
1415 4164 1485 4228 (οὐτε
1505 4169 1568 4229 τῶν)

201 4250 279 4317 Apelt
350 4251 628 4319 7ἐκ]ίοι1οεεεέπ1
700 4253 785 4303 θεῶν
803 4266 853 4303 om.
868 4269 885 4302 ε
959 4250 991 4302 10
1009 4248 1191 4303 έπετελοὺντων
1210 4253 1250 4302 Ra
1321 4248 1446 4319 ὑπομένον
1459 4254 1567 4321 scripsi:

201 4335 365 4404 ὑποκείμενον
384 4339 444 4391 libri
531 4340 562 4390 12
586 4338 741 4407 αὐξανομένη
757 4342 796 4390 Ην
883 4338 914 4389 14
938 4336 969 4406 δή
988 4339 1095 4404 scripsi:
1124 4337 1151 4389 δέ
1170 4337 1230 4391 libri
1303 4338 1343 4389 14.
1367 4338 1397 4391 15
1416 4343 1566 4412 προαιρετική

200 4427 241 4477 Rs
322 4425 354 4477 15
373 4425 438 4478 έστεν
458 4427 483 4478 ἐν
496 4427 587 4496 τοὺτερ.
615 4424 736 4488 <τούτων>
754 4427 860 4493 scripsi:
879 4425 952 4476 έστεν.
981 4423 1079 4476 τοὺτων
1098 4425 1177 4492 Αρο11
1252 4424 1486 4493 161πε1]ίπλίΛ

201 4510 388 4582 προστιθεμένῳ
408 4515 513 4580 scripsi:
541 4514 736 4583 προστιθεμένου
755 4513 816 4566 libri
893 4512 923 4565 τό
943 4512 1001 4565 add.
1016 4512 1087 4565 Diels
1176 4512 1207 4564 19
1235 4513 1280 4581 μὶν
1304 4512 1357 4577 (οὐ)
1381 4515 1460 4582 Apelt

200 4600 235 4651 ⁴20
254 4599 428 4667 intellegerem
442 4599 540 4669 λέγουσι
553 4601 592 4664 (τὸ
606 4599 716 4668 αὐξῆσαν
729 4600 791 4652 αὐτὸ
805 4601 839 4670 μὴ
855 4599 945 4669 λέγειν)
958 4600 1074 4671 κατέχειν
1087 4600 1178 4652 τόπον·
1198 4598 1252 4668 [οὐ]
1266 4607 1367 4670 κατεῖχε
1387 4600 1413 4653 δέ
1487 4602 1521 4655 23
1539 4602 1566 4655 δέ

201 4686 292 4754 Apelt:
311 4705 338 4738 τε
356 4686 414 4738 libri
488 4688 521 4738 24
541 4687 669 4755 γενόμενον
688 4688 797 4756 σώματι]
815 4688 924 4741 fortasse
943 4687 1115 4759 δεχόμενον
1135 4688 1223 4755 σῶμά
1240 4704 1270 4739 τι
1341 4687 1375 4740 28
1393 4688 1468 4758 αὐτὸ]
1488 4689 1567 4744 αὐτοῦ

201 4774 278 4840 Apelt
349 4770 373 4824 δ’
388 4790 437 4826 orn.
451 4778 564 4828 BCPSR
635 4774 669 4827 30
687 4774 770 4844 τοὺτιμ
792 4777 896 4844 scripsi:
916 4779 990 4827 τοῦτο
1009 4773 1069 4826 libri
1141 4774 1174 4826 32
1194 4779 1254 4842 post
1273 4771 1377 4833 αὐξεται
1394 4776 1566 4831 αι1ι1.1(1ο1οτι

200 4859 272 4914 κενὸν
292 4862 340 4932 ἀρα
359 4863 425 4915 κατὰ
443 4863 524 4915 πάντα
613 4862 646 4914 33
665 4864 704 4928 τε]
723 4861 749 4914 δέ
762 4881 778 4914 υ
867 4862 901 4915 34
921 4869 1021 4932 πρῶτον
1040 4862 1202 4931 <μ1ν>1ι1ε1εε
1290 4861 1387 4933 λαβεῖν]
1407 4863 1487 4934 λέγειν
1500 4868 1540 4920 Rs
