3540 5610
208 320 267 385 126
523 319 727 374 ALEXANDRI
750 320 794 374 DE
818 319 926 399 Annia
952 319 1043 374 LIBRI
1066 318 1238 375 nnnnlssn
1471 352 1482 375 ι

260 492 346 574 μένου
368 499 426 557 τῶν
448 496 591 578 τεττάρων
618 491 871 578 κεκοινωνηκότας.
915 495 941 558 εί
962 495 1030 577 γάρ,
1059 493 1108 557 ote
1137 494 1266 558 ἐκπίπτει
1293 497 1346 579 τὴν
1372 494 1510 580 αἴσθησιν

259 597 306 660 διὰ
329 595 521 681 σμικρότητα,
548 594 614 660 τότε
641 598 752 681 ἐροῦσιν
779 598 854 660 αὐτὰ
880 597 1016 680 εἰλικρινῆ
1043 597 1258 681 λαμβάνεσθαι,
1285 595 1401 662 οὐκέτ’
1430 596 1510 663 ἔσται

259 698 420 782 μεμιγμένα
441 701 544 763 πάντα.
583 697 638 783 [ἔτι
660 700 685 762 εί
708 700 755 762 καὶ
772 699 874 783 μηκέτι
897 700 1043 783 ὁρώμενον
1066 696 1108 761 ἔτι
1124 699 1259 783 μέμικται
1280 700 1357 784 πυρί,
1379 701 1413 764 υῦ
1437 697 1511 765 διότι

259 800 362 884 ὁρατόν
386 802 473 878 ἐστιν,
499 803 546 866 διὰ
568 806 652 865 τοῦτο
674 802 764 886 πυρὸς
786 790 863 886 ἔχει·
887 802 935 864 καλ
956 800 1011 885 γὰρ
1034 802 1136 886 μηκέτι
1159 804 1263 886 ὁρατὸν
1286 802 1317 865 ὃν
1341 804 1415 886 μηδὲ
1438 804 1552 888 ὀρίνει

230 919 342 986 σμένον
365 901 406 967 ἔτι
428 907 635 989 κεκοινώνηκεν
661 905 752 987 πυρὸς
777 902 866 987 τότε]
912 900 954 966 ἔτι
976 909 1040 973 πῶς
1067 904 1100 967 ἐκ
1125 910 1178 987 τῆς
1203 910 1261 968 τῶν
1287 907 1424 969 τοιούτων
1447 927 1510 969 συν-

260 1006 371 1076 θέσεως
391 1009 425 1070 τὸ
448 1008 551 1093 ὁρατόν
567 1005 662 1086 ἔσται;
685 1005 719 1070 υῦ
734 1006 787 1090 γὰρ
811 1006 847 1089 δὴ
869 1005 903 1068 ἐκ
925 1011 983 1069 τῶν
1003 1006 1132 1089 ἀμίκτων
1155 1009 1325 1091 ἡσόνθεσις
1348 1009 1419 1093 μῖξίν
1434 1032 1510 1078 τινος

257 1113 315 1172 τῶν
331 1108 428 1173 ἄλλων
450 1111 574 1194 ποιήσει.
608 1110 682 1173 εἰδὲ
703 1111 723 1193 ἡ
745 1113 802 1172 τῶν
823 1107 959 1171 τοιούτων
982 1109 1115 1178 σύνθεσις
1130 1108 1253 1193 ἀόρατος
1274 1107 1354 1175 ἔσται
1368 1117 1411 1195 τῷ
1428 1111 1510 1192 ἄμικ-

258 1235 305 1274 τον
328 1213 449 1277 έκαστυν
471 1212 566 1275 αὐτῶν
588 1212 661 1275 εἶναι
676 1208 776 1296 πυρός,
799 1212 953 1294 δυνήσεταί
973 1235 999 1273 τι
1015 1212 1107 1279 υῦτωε
1129 1212 1331 1295 συντιθέμενον
1347 1219 1434 1296 σῶμα
1455 1212 1503 1276 ἐπ’

259 1314 376 1401 ἄπειρον
391 1313 547 1399 αὐξόμενον
570 1314 692 1398 ἀόρατον
712 1312 816 1396 μένειν.
852 1316 960 1397 ὁμοίως
982 1315 1014 1376 δὲ
1037 1315 1084 1377 καὶ
1101 1315 1219 1399 ἀναφές,
1241 1317 1267 1378 εί
1283 1317 1317 1380 ἐκ
1338 1321 1397 1380 τῶν
1418 1317 1509 1379 καθα-

219 1434 245 1477 ιυ
259 1418 402 1502 μετιόντων
423 1423 476 1502 τῆς
495 1423 548 1502 γῆς
564 1416 746 1481 συντίθυιτο.’
767 1412 810 1477 ἔτι
825 1415 945 1498 πότερον
967 1415 1096 1499 λέγουσιν
1113 1417 1250 1480 ἀδύνατον
1273 1417 1347 1482 εἶναι
1369 1419 1421 1502 τὴν
1438 1420 1509 1502 ῦλην

260 1521 425 1604 θερμότητα
451 1521 499 1584 καλ
522 1518 664 1605 ξηρότητα
686 1518 823 1587 δέξασθαι
850 1519 898 1581 καλ
924 1522 981 1602 πῦρ
1003 1517 1136 1600 γενέσθαι
1163 1518 1233 1583 ἄνευ
1256 1521 1439 1606 ψυχρότητος
1460 1522 1509 1584 καὶ
1523 1538 1551 1579 κε

259 1621 427 1706 ξηρότητος,
456 1623 486 1686 έν
510 1623 552 1692 οἷς
574 1647 610 1706 τη
634 1625 673 1704 γῇ
697 1622 729 1683 τὸ
752 1620 839 1696 εἶναι,
870 1621 891 1705 ἢ
913 1621 961 1684 σία
982 1645 1014 1684 τε
1036 1623 1084 1684 καὶ
1112 1623 1203 1706 χωρὶς
1225 1623 1407 1709 ψυχρότητος
1428 1624 1510 1709 δέχε-

259 1728 328 1788 σθαι
351 1725 530 1811 θερμότητα;
563 1727 589 1788 εί
612 1725 663 1807 μὲν
685 1724 739 1808 γὰρ
762 1724 900 1787 ἀδύνατον
928 1725 1055 1808 ἐροῦσιν,
1083 1730 1146 1793 πῶς
1172 1724 1225 1788 οῦκ
1250 1725 1357 1789 ἄτοπον
1379 1727 1453 1790 κατὰ
1476 1728 1509 1790 τὸ

258 1828 329 1892 αὐτὸ
352 1829 441 1912 αὐτὴν
458 1827 642 1914 ψυχρότητός
663 1827 756 1891 τεκαὶ
772 1826 951 1910 θερμότητος
969 1825 1042 1889 εἶναι
1062 1828 1203 1911 δεκτικήν,
1225 1833 1283 1891 τῶν
1299 1828 1443 1903 ἐναντίων,
1466 1830 1507 1891 ὧν

219 1947 245 1991 15
259 1932 398 2001 ἀδύνατός
418 1932 480 1994 ἐστι
502 1933 533 1994 τὸ
554 1932 651 2014 ἕτερον
675 1930 732 2012 tota
748 1928 899 2007 ῦέξασθαις
922 1930 948 1992 εί
963 1929 1006 2004 ῦέ,
1029 1928 1100 2014 ὅπερ
1119 1929 1247 2012 εὔλογον,
1270 1931 1361 2015 χωρὶς
1375 1935 1426 1993 τοῦ
1450 1931 1509 1993 ἑτέ-

259 2059 308 2118 ρου
333 2035 454 2119 θάτερον
477 2034 524 2097 οία
547 2057 578 2096 τε
601 2033 738 2100 δέξασθαι
759 2031 848 2114 (κατὰ
869 2032 923 2115 γὰρ
945 2031 1048 2094 ταύτόν
1071 2032 1240 2116 ἀδύνατον),
1267 2038 1330 2102 πῶς
1352 2032 1404 2096 οὐκ
1428 2031 1509 2097 ἔσται

261 2140 293 2201 τό
316 2137 503 2219 ὑποκείμενον
525 2136 691 2219 θερμότητα
715 2135 762 2197 καὶ
785 2132 927 2218 ξηρότητα
949 2132 1018 2219 ἔχον
1042 2135 1145 2215 ἁπτόνγ
1180 2133 1261 2199 ἔσται
1282 2136 1336 2220 γὰρ
1359 2136 1452 2206 οῦτως
1475 2139 1508 2199 τό

259 2241 367 2324 θερμὸν
394 2238 447 2302 οῦκ
473 2238 612 2321 αἰσθητόν
640 2235 737 2306 αὐτοῖς
766 2237 839 2299 κατὰ
868 2238 920 2320 τὴν
947 2237 1036 2300 αὑτοῦ
1063 2238 1157 2322 φύσιν.
1202 2239 1228 2301 εἰ
1250 2238 1283 2301 ῦέ
1308 2262 1341 2320 γε
1366 2239 1507 2302 ἀδύνατόν
1522 2256 1550 2298 ευ

258 2343 334 2407 ἐστιν
356 2341 426 2405 αὐτὸ
455 2340 578 2425 ὑμεστῦς
606 2340 734 2423 ἐνεργείᾳ
757 2337 806 2401 ὑπ’
834 2337 970 2423 αἴσθησιν
993 2330 1106 2413 πεσεῖν,
1137 2341 1162 2403 εί
1186 2341 1226 2424 μὴ
1253 2341 1303 2403 καλ
1325 2340 1509 2426 ψυχρότητος

217 2462 245 2506 νυ
258 2444 340 2530 αὐτῷ
365 2443 538 2528 μεμιγμένον
553 2441 613 2525 εἴη·
637 2443 666 2505 ἐν
689 2441 742 2526 γὰρ
766 2441 858 2526 τούτῳ
880 2446 918 2525 τῇ
940 2448 978 2525 γῇ
1003 2443 1035 2505 τὸ
1051 2441 1133 2517 εἶναι,
1155 2443 1203 2506 καλ
1225 2443 1320 2527 τοότιρ
1341 2448 1392 2506 τοῦ
1416 2447 1509 2528 πυρός

258 2548 395 2633 διαφέρει.
435 2548 510 2609 ὥστε
537 2543 617 2609 ἔσται
644 2542 722 2627 παρὰ
749 2549 799 2606 τοῦ
827 2544 955 2607 ἐναντίου
983 2542 1065 2629 αὐτῷ
1091 2546 1125 2607 τὸ
1151 2544 1300 2628 αἰσθητόν.
1345 2545 1454 2629 ὁμοίως
1476 2549 1509 2611 δὲ

257 2653 304 2716 καὶ
327 2650 375 2714 ἐπὶ
398 2655 455 2712 τῶν
471 2648 578 2723 ἄλλων,
602 2648 649 2710 καὶ
664 2647 757 2714 οῦτως
778 2647 861 2709 οῦδὲν
877 2646 996 2729 ἄμικτον
1019 2646 1051 2709 ῦν
1066 2651 1116 2710 τοῦ
1139 2647 1267 2711 ἐναντίου
1290 2649 1338 2711 καλ
1360 2649 1509 2733 εἰλικρινὲς

256 2754 395 2838 αἰσθητὸν
418 2749 508 2815 ἔσται.

583 3083 585 3088 μ
635 2987 704 3055 Ὅτι
726 2990 742 3053 ό
766 2990 831 3074 ἀὴρ
853 2988 957 3075 φύσει
979 2987 1120 3073 θερμός.

217 3182 244 3227 ευ
344 3162 378 3229 Εἰ
400 3154 434 3227 τὸ
454 3168 521 3249 πῦρ,
543 3163 650 3246 θερμὸν
673 3163 720 3224 καὶ
744 3161 828 3246 ξηρὸν
851 3159 892 3237 όν,
915 3162 1000 3247 φύσει
1022 3160 1129 3247 κοῦφόν
1145 3163 1232 3239 ἐστιν,
1255 3162 1301 3248 εἴη
1324 3163 1359 3227 ἂν
1382 3164 1414 3226 τὸ
1438 3163 1502 3246 μετ’
1520 3181 1548 3223 ιε

257 3268 328 3332 αὐτὸ
351 3272 459 3352 κοῦφον
482 3270 635 3329 κοινωνοῦν
661 3265 742 3350 αὐτῷ
767 3263 830 3328 κατ’
858 3264 967 3340 ἐκεῖνο,
993 3261 1063 3328 καθ’
1090 3263 1106 3326 ὃ
1129 3268 1237 3349 κοῦφον
1259 3265 1305 3350 ἧν.
1351 3265 1425 3330 ἀλλὰ
1449 3269 1506 3350 μὴν

256 3374 288 3435 τὸ
311 3375 367 3455 πῦρ
390 3368 498 3454 κοῦφόν
521 3392 552 3432 τε
573 3369 621 3431 καὶ
645 3366 752 3452 θερμόν
775 3366 861 3439 ἐστιν,
884 3366 916 3429 τὸ
937 3371 1005 3449 γοῦν
1029 3366 1113 3450 ξηρόν
1136 3367 1220 3451 φύσει
1243 3368 1273 3430 έν
1296 3373 1334 3451 τῇ
1358 3374 1395 3452 γῇ
1419 3368 1506 3443 ἐστιν,

258 3473 333 3557 οῦση
357 3473 468 3558 βαρείᾳ,
492 3473 539 3534 καὶ
563 3474 578 3534 ό
601 3471 658 3555 ἀὴρ
681 3469 747 3554 ἄρα,
770 3469 912 3553 δευτέρως
934 3473 1042 3553 κοῦφος
1065 3470 1119 3546 ὤν,
1145 3469 1251 3554 θερμός
1274 3471 1359 3534 ἐστιν.
1404 3468 1456 3543 ἔτι,
1479 3472 1506 3534 εί

256 3576 292 3639 τὰ
314 3575 389 3638 ἄλλα
415 3575 451 3637 τὰ
472 3580 637 3657 γειτνιῶντα
664 3574 800 3658 ἀλλήλοις
822 3574 952 3656 στοιχεῖα
979 3572 1052 3634 κατὰ
1075 3571 1167 3635 κοινόν
1190 3596 1216 3635 τι
1237 3579 1359 3656 γειτνιᾷ,
1387 3572 1506 3656 εῦλυγον

217 3680 305 3743 μυκαὶ
328 3679 376 3741 τόν
399 3677 472 3762 ἀέρα
493 3680 537 3761 τῷ
561 3677 628 3757 πυρὶ
651 3672 730 3761 ἔχειν
753 3699 779 3738 τι
802 3674 895 3737 κοινόν
919 3674 1072 3758 σύμβολον.
1112 3675 1196 3758 ὑγρὸς
1218 3673 1243 3738 δ’
1265 3676 1305 3738 ὢν
1328 3677 1356 3738 τί
1378 3674 1411 3738 ἂν
1434 3675 1507 3739 ἄλλο

205 3819 396 3829 -——.·.-—-—
401 3818 438 3823 —-
445 3818 448 3823 .
462 3816 605 3824 —-...—-

205 3884 485 3955 λκεειυινανηκότυςα
594 3878 669 3932 ‘Mc'
691 3895 776 3933 οπλα
882 3880 968 3932 3καὶ
987 3894 1072 3931 oino
1177 3882 1264 3945 verba,
1282 3897 1348 3949 qnae
1366 3882 1561 3947 nnciseeclusi,

203 3977 263 4028 tinio
276 3980 332 4027 loco
346 3989 397 4026 non
412 3978 498 4040 potest.
511 3971 622 4037 scriptor
635 3968 788 4032 destinasse,
806 3985 863 4020 cum
878 3969 962 4020 verbis
975 3968 1144 4035 sequentibus
1161 3967 1208 4035 (ἔτι
1221 3974 1276 4027 πῶς
1288 3968 1317 4020 ἐκ
1331 3973 1376 4038 τῆς
1389 3969 1456 4035 κτλ.)
1470 3985 1558 4023 eorum

202 4064 350 4132 opinionem
365 4058 484 4129 ‚refellere
502 4059 605 4124 pergat,
624 4057 668 4125 qui
687 4072 743 4108 osso
762 4055 887 4124 quaedam
906 4055 1014 4106 minima
1033 4069 1140 4121 corpora
1159 4056 1230 4119 ignis
1248 4057 1365 4122 expertia
1383 4058 1559 4116 contendant;

201 4152 309 4204 fortasse
328 4149 410 4216 igitur
428 4149 488 4213 post
506 4141 645 4197 συντίθοιτο
664 4161 687 4194 ι.
704 4144 735 4194 to
753 4142 904 4195 collocanda
922 4146 985 4193 eunt
1067 4140 1082 4192 6
1102 4140 1167 4210 μίξίς
1185 4159 1200 4194 α
1279 4142 1296 4194 8
1314 4142 1399 4195 αὑτῶν
1417 4143 1524 4196 ἕκαστος
1544 4160 1560 4196 a

205 4240 235 4292 14
255 4236 411 4308 θερμότητος
429 4233 464 4283 V:
484 4229 620 4302 ξηρότητος
637 4248 653 4283 o
723 4229 873 4282 ἐναναντίων
893 4230 915 4283 V
990 4228 1091 4282 λῖν-16
1110 4229 1130 4282 εί
1143 4230 1168 4282 δέ
1188 4247 1270 4298 usque
1289 4231 1321 4283 ad
1340 4228 1457 4291 δέξασθαι
1476 4246 1526 4284 om.
1545 4249 1561 4283 a

205 4326 236 4378 18
258 4325 366 4376 fortasse
384 4320 469 4392 φῦσιν,
489 4318 516 4372 εί
532 4337 563 4388 γε
581 4317 702 4370 ἀδύνατόν
720 4317 785 4369 ἐστιν
798 4355 821 4369 ..
836 4322 930 4381 πεσεῖν,
952 4316 973 4369 εί
992 4316 1027 4386 μὴ
1042 4317 1231 4386 ..μεμιγμένον
1250 4317 1301 4389 ειη·
1328 4318 1355 4370 ἐν
1373 4318 1419 4388 γὰρ
1437 4317 1520 4387 τούτῳ
1534 4357 1560 4371 ..

202 4411 324 4482 διαφέρει,
346 4407 421 4462 ὥστε.
458 4408 593 4461 continent
612 4407 681 4458 onim
700 4405 762 4457 hacc
781 4405 860 4456 verba
884 4403 905 4456 εί
925 4403 950 4456 ot
968 4403 1148 4475 γε-διαρέρει
1170 4405 1374 4458 adversariorum
1398 4412 1561 4474 argumento,

202 4515 269 4569 quae
292 4498 315 4551 si
334 4512 392 4551 cum
413 4495 628 4564 praecedentibus
652 4493 735 4545 attins
759 4492 986 4556 coniunxerimue,
1009 4499 1035 4544 et
1058 4492 1232 4545 anacoluthon
1251 4492 1352 4544 tollitur
1370 4498 1396 4544 et
1414 4495 1560 4559 sentcntiae

202 4587 275 4653 (inde
294 4601 309 4639 a
326 4590 382 4642 πῶς
400 4582 447 4636 οῦκ
466 4599 489 4634 v.
502 4581 544 4647 16)
568 4582 633 4634 beno
652 4582 690 4633 sic
709 4580 866 4648 procedunt:
888 4597 932 4629 car
949 4580 1052 4629 materia
1071 4598 1122 4629 cum
1141 4579 1221 4629 calido
1240 4580 1351 4645 siccoque
1368 4581 1495 4632 coniuncta
1514 4600 1560 4633 ιιοιι

201 4674 292 4726 taetitia
310 4678 362 4723 cett
384 4672 429 4722 λου
447 4671 507 4720 enim
526 4670 665 4735 aequantibus
677 4667 805 4731 finiendum
825 4667 870 4717 orit
892 4665 971 4733 (ἔσται
990 4667 1035 4738 γὰρ
1055 4664 1137 4723 οὕτως
1154 4666 1261 4733 αῦτυῖς),
1284 4667 1387 4718 calidam
1404 4686 1450 4737 per
1468 4687 1495 4719 ιε
1514 4687 1560 4719 non

201 4759 314 4812 sensibile
333 4776 394 4819 εεεε,
413 4759 472 4824 quio
491 4755 635 4821 (secundam
654 4755 765 4818 eoadem)
785 4754 901 4818 calidam,
921 4754 976 4806 licet
995 4752 1100 4822 θφεστός
1117 4752 1234 4823 ἐνεργείᾳ,
1253 4755 1302 4805 nisi
1318 4772 1368 4805 cam
1382 4757 1482 4822 sriyido
1501 4757 1560 4806 mix.

201 4860 250 4900 ενοι
265 4847 361 4914 pertici
377 4865 424 4897 ιιυιι
439 4854 519 4915 poteo!
624 4842 654 4895 ‘21
683 4842 793 4895 αῦτυῦα
899 4841 932 4894 24
954 4839 1081 4915 θερμόνε
1187 4841 1219 4893 27
1238 4841 1347 4894 sortasse
1366 4846 1462 4913 κοῦφον
1480 4840 1560 4898 καθὸ

203 4934 297 5013 θερμόν
404 4933 437 4988 28
457 4929 543 5007 βαρείᾳ
561 4947 589 4984 a:
609 4929 693 5004 βαρεία
712 4931 748 4984 K:
769 4930 854 5005 βαρεῖα
874 4930 895 4984 V
