3540 5610
276 315 297 379 8
758 315 958 369 llexlshhl
980 314 1023 366 ιιπ
1044 314 1149 367 ..chisil

255 560 262 573 ο
332 492 368 568 τῇ
395 487 450 571 ὑλη
473 512 504 551 τε
527 490 575 551 καὶ
598 493 640 573 τῷ
658 485 853 570 ὑποκειμένῳ·
877 485 918 549 ἔτι
942 487 1098 570 δὲμᾶλλον
1121 490 1216 557 τοῦτο,
1238 486 1264 547 εί
1280 486 1355 569 μηδὲ
1377 485 1407 547 ἓν
1430 484 1474 567 είη
1492 482 1578 565 μὺνον

334 594 421 673 σῶμα
443 592 476 653 τδ
499 591 685 674 ὑποκείμενον
712 587 808 673 αὐτῷ,
836 589 852 652 ὑ
875 589 923 651 ἐπὶ
949 591 1007 650 τῶν
1030 593 1159 668 φυσικῶν
1187 589 1288 650 τεκαὶ
1311 586 1458 650 συνίλέτων
1482 589 1579 670 σωμά-

333 715 390 754 των
413 693 577 776 ἀναγκαῖον.
622 691 716 756 οὑδενλ
729 684 791 776 Ιγαλρ
813 692 922 754 τοὺςων
950 689 981 751 ἓν
1008 689 1040 751 τδ
1065 690 1250 775 ὑποκείμενον
1278 694 1365 772 σῶμα
1386 695 1444 752 τῶν
1468 690 1578 754 ἁπλῶν.
1592 707 1621 748 πυ
1680 720 1684 727 .

332 798 384 857 τοῦ
406 796 461 879 γὰρ
477 796 541 864 ένδς
562 797 610 858 καὶ
634 796 727 857 ἁπλοῦ
750 797 886 878 σώματος
907 795 927 875 η
949 792 1022 855 κατὰ
1044 793 1128 876 φύσιν
1149 793 1296 876 μεταβολὴ
1319 793 1361 860 είς
1376 794 1485 855 ἁπλοῦν
1507 792 1579 856 ἄλλο

291 902 420 980 ὀσῶμα
442 898 555 980 γίνεται.
594 895 667 961 ὥστ’
695 896 770 961 εἴτι
793 898 892 980 μέλλει
914 894 992 980 παρὰ
1015 895 1051 957 τδι
1073 892 1161 957 ἁπλᾶ
1175 898 1297 976 σώματα
1321 895 1458 958 σὺνίλετὺν
1481 919 1506 958 τι
1528 920 1578 979 φυ·

333 1000 413 1061 σικδν
430 997 551 1063 ἔσεσίλαι
575 1005 672 1083 σῶμα,
696 1002 740 1062 δεῖ
761 999 855 1083 τοὺτῳ
877 998 969 1061 πλείω
989 1002 1046 1060 τῶν
1069 999 1169 1061 ἁπλῶν
1194 1000 1337 1081 σωμάτων
1360 996 1490 1060 εἶναιτὰ
1513 999 1579 1061 ὑπο-

333 1102 462 1184 κείμενα,
486 1102 501 1165 ὃ
524 1102 638 1185 πλῆθος
659 1103 738 1187 παρὰ
760 1103 812 1186 τὴν
835 1107 893 1165 τῶν
910 1102 995 1164 εἰδῶν
1018 1105 1075 1162 τῶν
1099 1100 1128 1162 ἐν
1144 1099 1241 1171 αὐτοῖς
1264 1103 1402 1184 διαφοράν
1426 1100 1485 1163 ἐστι
1508 1104 1579 1184 celis

335 1205 397 1279 ὑυς,
421 1206 468 1268 καὶ
490 1205 538 1268 διδ
559 1209 643 1267 τοῦτο
665 1205 701 1267 τδι
723 1208 840 1267 τοιαῦτα
867 1207 991 1285 σώματα
1011 1202 1143 1265 σὺνὺετα.
1189 1199 1214 1288 ᾦ
1238 1204 1273 1286 δίη
1297 1202 1387 1265 πλείω
1413 1204 1460 1265 καὶ
1483 1203 1579 1287 διαφέ-

337 1330 422 1390 ροντα
445 1307 509 1390 εἴδη
532 1307 567 1369 τδι
590 1307 662 1388 μετὰ
684 1311 737 1390 τῆς
760 1307 828 1391 ὑλης
851 1307 1037 1389 ὑποκείμενα,
1062 1305 1090 1374 ἐξ
1112 1307 1238 1389 ἀνάγκης
1260 1305 1361 1368 τοὺτου
1384 1306 1432 1368 καί
1454 1307 1473 1389 ἡ
1496 1305 1580 1390 φὺσις

294 1424 321 1468 10
335 1410 383 1472 καὶ
405 1411 438 1473 ch
460 1408 536 1478 εἶδος
558 1408 763 1494 ποικιλώτερὺν
786 1432 817 1472 τε
833 1410 879 1472 καὶ
895 1407 1081 1491 τελειότερον,
1105 1409 1228 1491 ἑκάστης
1250 1408 1365 1492 φὺσεως
1387 1413 1445 1470 τῶν
1468 1409 1498 1472 ἐν
1521 1414 1579 1478 τοῖς
1593 1426 1620 1467 οτι

334 1512 534 1595 ὑποκειμένοις
556 1512 631 1596 αὐτῇ
649 1515 779 1593 σώμασιν
803 1504 1042 1594 συντελούσηςτι
1063 1511 1134 1592 πρδς
1155 1512 1187 1572 τδ
1211 1511 1258 1573 ἐπὶ
1279 1514 1364 1574 πᾶσιν
1386 1511 1480 1574 κοινδν
1502 1511 1580 1582 εἶδος

334 1614 440 1684 αὑτοῖς.
486 1613 562 1683 εἶδος
583 1616 636 1698 γαίρ
665 1638 727 1683 πως
750 1615 833 1676 εἰδῶν
860 1620 966 1695 γίνεται
987 1613 1020 1675 τδ
1043 1617 1170 1675 τοιοῦτον
1198 1612 1274 1682 εἶδος
1301 1615 1350 1676 καὶ
1371 1613 1516 1698 τελειὺτης
1537 1638 1579 1685 τις

334 1719 531 1802 τελειοτητων.
567 1719 611 1780 διδ
635 1718 683 1780 καὶ
705 1715 739 1779 οὑ
763 1719 808 1779 δεῖ
826 1716 988 1798 θαυμάζειν
1010 1715 1062 1798 τὴν
1085 1715 1115 1777 ἐν
1137 1720 1197 1783 τοῖς
1211 1721 1343 1800 φυσικοῖς
1365 1719 1497 1799 σώμασιν
1521 1723 1578 1780 τῶν

333 1820 419 1883 εἰδῶν
442 1821 581 1904 διαφορὰν
609 1817 730 1905 ἔχοντας
751 1818 846 1882 αὐτῶν
874 1823 926 1902 τῆς
954 1819 1140 1900 παραλλαγῆς
1166 1825 1298 1901 φανερῶς
1324 1819 1354 1881 ἐν
1381 1824 1441 1889 τοῖς
1467 1822 1578 1883 ὑποκει-

294 1937 319 1982 15
335 1923 430 2007 μένοις
451 1923 503 1992 τδις
524 1922 625 1991 αἰτίας.
662 1921 695 1985 τὺ
717 1945 748 1984 τε
769 1921 822 2006 γὰρ
844 1921 959 2004 πλῆθος
980 1924 1037 1982 τῶν
1058 1920 1143 1982 εἰδῶν
1165 1927 1222 1983 τῶν
1245 1923 1274 1984 ἐν
1298 1927 1356 1991 τοῖς
1379 1923 1577 2004 ὑποκειμένοις

335 2024 433 2094 αὑτοῖς
456 2029 586 2109 σώμασιν
610 2026 657 2088 καὶ
680 2025 823 2108 ἡτοὺτων
846 2025 983 2108 διάφορος
1005 2022 1078 2103 μῖξις
1097 2028 1149 2107 τῆς
1171 2024 1312 2108 τοσαύτης
1328 2029 1515 2110 παραλλαγῆς
1536 2023 1580 2086 εὑ·
1593 2042 1621 2083 ιιι

334 2128 428 2212 λὺγως
452 2128 486 2192 ἂν
509 2129 559 2198 τὰς
581 2128 671 2196 αἰτίας
693 2126 818 2212 φέροιτο.
864 2127 890 2188 εί
911 2125 966 2210 γδιρ
989 2126 1052 2194 ένδς
1076 2123 1156 2194 ὄντος
1182 2130 1233 2189 τοῦ
1256 2127 1446 2210 ὑποκειμένου
1468 2129 1517 2191 καὶ
1539 2129 1580 2197 είς

336 2231 479 2314 μήδεμίαν
503 2230 640 2316 διαφορὰν
663 2234 723 2298 τοῖς
744 2227 902 2311 γινομένοις
924 2228 953 2296 έΕ
970 2228 1065 2290 αὑτοῦ
1087 2232 1287 2298 συντελοῦντος
1315 2228 1349 2312 (η
1372 2229 1425 2312 γὰρ
1450 2230 1504 2315 ὑλη
1527 2255 1580 2294 τοι·

335 2334 434 2416 οὑτον)
461 2333 582 2418 ξηρότης
608 2333 655 2395 καὶ
679 2330 801 2416 ὑγρότης
827 2331 875 2393 καί
902 2329 1047 2413 ὑερμὺτης
1073 2338 1121 2393 καὶ
1144 2330 1292 2416 ψυχρότης
1319 2332 1421 2415 σὺνδυο
1451 2333 1480 2394 ἐν
1503 2332 1577 2417 αὑτῇ

291 2435 466 2520 νυγινὺμενα
488 2435 629 2517 τυσαὺτης
652 2434 756 2516 γίνεται
778 2436 916 2518 διαφορᾶς
939 2438 998 2502 τοῖς
1020 2432 1050 2501 ἐξ
1072 2432 1162 2517 αὑτῆς
1183 2433 1341 2517 γινομένοις
1363 2435 1454 2511 αἰτία,
1483 2440 1524 2505 ὡς
1545 2437 1578 2499 τδ

335 2541 386 2624 μὲν
408 2538 505 2601 αὐτῶν
528 2543 584 2622 πὺρ
607 2537 746 2620 γίνεσθαι,
771 2536 802 2598 τδ
825 2536 857 2599 δὲ
878 2536 959 2620 ἀέρα,
983 2537 1015 2598 τὸ
1039 2536 1070 2598 δὲ
1091 2541 1157 2620 γῆν,
1180 2537 1212 2599 ch
1235 2536 1267 2599 δὲ
1290 2537 1377 2620 ὑδωρ,
1400 2539 1448 2600 καί
1471 2539 1503 2601 τδ
1527 2540 1578 2621 μὲν

334 2641 416 2727 βαρὺ,
439 2642 472 2704 τδ
495 2642 527 2704 δὲ
550 2644 669 2724 κοῦφον,
696 2640 731 2702 τὰ
754 2640 786 2703 δὲ
809 2631 951 2722 δευτέρως
975 2640 1109 2723 ἑκάτερον
1132 2639 1240 2702 τοὺτων
1263 2637 1352 2725 ἔχειν,
1376 2646 1440 2709 πῶς
1461 2620 1514 2704 ὑὺκ
1537 2640 1580 2704 εὑ-

332 2748 415 2826 λογον
439 2744 544 2807 καὶτὰ
567 2744 599 2806 ἐκ
622 2747 674 2827 τῆς
695 2742 804 2805 τοὺτων
828 2743 962 2804 ἁπάντων
992 2746 1077 2811 ποιᾶς
1099 2742 1203 2824 μίξεως
1229 2766 1259 2804 τε
1283 2743 1331 2805 καὶ
1352 2744 1484 2828 κράσεως
1504 2744 1576 2827 γινὺ-
1591 2762 1617 2804 4ο

333 2869 405 2929 μενα
428 2849 551 2929 σώματα
573 2846 711 2928 πάμπολυ
733 2845 877 2930 διαφέρειν
900 2845 1034 2928 ἀλλήλων
1058 2845 1131 2908 κατδι
1153 2844 1189 2907 τδι
1211 2843 1274 2928 εἴδη
1298 2869 1329 2908 τε
1351 2847 1398 2909 καί
1421 2847 1472 2915 τὰς
1494 2849 1576 2910 δυναί-

291 2964 318 3009 ‘26
332 2973 394 3032 μεις
423 2949 472 3018 τὰς
499 2948 644 3032 κινητικὰς
671 2947 781 3025 αὑτῶν;
816 2946 900 3009 τοῦτὺ
923 2970 965 3008 τοι
992 2948 1040 3010 καὶ
1062 2947 1099 3008 τδι
1126 2945 1227 3031 δένδρα
1250 2949 1297 3010 καί
1320 2948 1356 3011 τδι
1383 2949 1460 3034 φυτδι
1487 2951 1578 3013 πάντα

333 3052 443 3137 φυσικὰ
472 3049 540 3114 ὄντα
566 3052 614 3113 καὶ
641 3050 765 3113 σύνθετοι
792 3053 914 3131 σώματα
945 3054 1001 3111 τῶν
1032 3051 1132 3113 ἁπλῶν
1162 3053 1306 3134 σωμάτων
1335 3056 1396 3120 ταῖς
1424 3058 1580 3135 κινητικαῖς

281 3295 348 3348 1-·2
376 3294 412 3347 ἔτι
430 3293 456 3346 δὲ
475 3292 643 3363 μᾶλλον-τὸ
661 3291 823 3360 ὑποκείμενον
842 3291 924 3361 αὑτῷ]
945 3293 992 3345 hie
1010 3293 1109 3361 Kirper
1131 3293 1190 3345 sind
1214 3292 1268 3344 also
1292 3295 1441 3363 geeigncler
1467 3312 1512 3348 zur
1533 3296 1633 3365 l'ielge-

279 3382 396 3450 eteltung
414 3382 453 3434 als
469 3383 530 3451 jenc
549 3381 602 3434 und
621 3381 789 3443 vollcndeter,
807 3396 881 3432 wenn
900 3381 941 3432 ihr
954 3380 1050 3448 Triger
1068 3380 1134 3433 noch
1153 3380 1218 3432 dazu
1238 3381 1310 3433 nicht
1329 3384 1370 3434 ein
1384 3382 1484 3451 Khrper
1502 3384 1581 3438 allcin
1599 3387 1635 3438 ist

278 3469 295 3520 4
314 3467 372 3539 γὰρ]
391 3468 477 3520 indem
559 3468 627 3521 5-6
647 3466 913 3535 ὥστ’-ὑποκείμενα]
934 3468 1242 3533 [)α1ιετοιυεσδιιε(ὑυί
1262 3469 1339 3534 dem),
1359 3486 1410 3521 was
1429 3471 1555 3539 verlengt,
1575 3473 1634 3525 dass

278 3572 326 3609 aus
345 3556 395 3608 den
414 3555 549 3609 einiachen
568 3557 685 3624 Khrpcrn
704 3555 795 3619 irgend
814 3555 859 3607 ein
878 3555 1036 3608 naicirlicher
1054 3559 1329 3623 zusammengeseizier
1349 3557 1447 3625 llhrper
1469 3560 1559 3625 werde,
1577 3561 1634 3613 sein
1712 3604 1720 3623 ,

279 3644 378 3713 Triger
395 3659 446 3696 νου
465 3645 516 3697 ‹len
533 3644 697 3696 natirllchen
716 3644 832 3710 Kirpem
857 3644 927 3695 mehr
946 3642 983 3694 als
1002 3643 1045 3694 ein
1062 3642 1161 3710 Κὸτρει
1185 3643 1241 3694 sein
1359 3643 1427 3695 8-9
1457 3643 1634 3715 ᾠδὴ-ὑπο-

279 3729 391 3801 κείμενα]
412 3731 548 3800 llerjenige
568 3746 618 3783 von
632 3731 681 3783 den
694 3730 820 3799 Khrpern,
840 3731 917 3783 deren
930 3730 1027 3797 Triger
1047 3730 1117 3781 mehr
1129 3730 1168 3781 als
1181 3730 1261 3796 einer,
1279 3732 1332 3783 und
1346 3732 1387 3784 die
1405 3733 1434 3784 in
1454 3732 1503 3784 deu
1515 3732 1634 3797 Formen,

217 3804 222 3812 ’
279 3819 373 3872 welche
394 3820 440 3870 mit
458 3819 503 3870 cler
521 3819 587 3886 Hyle
606 3819 674 3883 sind,
693 3819 859 3871 verschieclen
878 3818 937 3870 sincl
1047 3817 1146 3868 10-122
1169 3817 1406 3887 ἑκάστης-αὑτοῖς]
1426 3819 1496 3872 ‹lenn
1511 3822 1570 3889 jeclc
1590 3822 1635 3874 cler

279 3905 407 3970 Nemcen,
430 3906 472 3957 clie
490 3907 544 3958 sich
564 3922 598 3957 απ
618 3907 668 3958 den
687 3906 799 3959 clieselhe
822 3905 966 3971 tragenden
984 3905 1101 3972 Κδιμυιιι
1119 3904 1221 3970 finden,
1244 3909 1312 3973 trhgi
1331 3910 1410 3959 etwas
1433 3909 1474 3961 hei
1493 3924 1551 3959 zum
1572 3910 1634 3961 l'cr-

279 3993 439 4046 hendenseiu
460 3993 504 4045 der
523 3993 608 4056 Porin,
628 3993 722 4046 welche
740 3994 795 4046 sich
815 3995 843 4045 in
863 3994 942 4045 ihnen
961 3992 1029 4044 allen
1047 3993 1186 4044 verhrciiet
1294 3993 1325 4044 13
1352 3992 1501 4064 θαυμάζειν]
1520 3995 1633 4064 liugnen

282 4080 383 4135 13-14
409 4081 456 4150 τὴν
474 4079 675 4150 ἑν-διαφυράν]
695 4082 737 4133 ‹lic
756 4081 984 4148 verschiedenheit
1003 4080 1048 4132 der
1066 4079 1185 4140 Formen‚
1204 4080 1297 4132 welche
1316 4081 1371 4133 sich
1391 4081 1426 4132 im
1445 4081 1586 4134 Einzelnen
1606 4085 1635 4135 iu

280 4168 330 4219 clen
350 4168 514 4219 naticlichcn
532 4168 649 4236 Kirpern
668 4167 755 4220 finden
862 4167 893 4220 16
921 4165 1042 4233 εὐλόγως]
1062 4166 1239 4235 hotwencliger
1258 4169 1343 4221 Weise
1453 4169 1487 4221 24
1515 4169 1634 4239 σώματα]

280 4254 389 4321 einige
408 4268 460 4305 νοιι
478 4255 528 4307 (len
547 4256 664 4324 Khrpern
770 4255 803 4306 ‘25
822 4254 897 4307 τοῦτό
916 4253 966 4322 τοι]
985 4270 1032 4306 aus
1052 4254 1136 4306 dieser
1155 4253 1266 4306 Ursechc

280 4461 296 4512 4
320 4459 433 4513 ἁπλυῦυ
539 4461 554 4514 ι’)
579 4464 645 4533 παρὰ
664 4465 696 4516 ci.
715 4465 782 4533 παρὰ
799 4465 846 4533 τὴν
864 4463 983 4533 διαφοράν
1003 4462 1052 4514 el
1072 4461 1100 4514 οὑ
1120 4463 1186 4531 παρὰ
1204 4462 1233 4514 τδ
1252 4462 1327 4516 πλέον
1345 4463 1361 4534 ἡ
1381 4463 1484 4516 ἔλαττον
1504 4464 1570 4538 ἔχειν
1589 4468 1635 4535 γῆς

280 4546 309 4599 τδ
328 4548 458 4606 ἀντιτυπὲς
474 4548 554 4620 αὑτῷ,
572 4549 635 4601 ἀλλὰ
653 4552 720 4622 παρὰ
737 4552 782 4621 τἠν
801 4551 892 4604 οίιιείαν
912 4548 983 4618 φὺσιν
1004 4550 1107 4603 148r17
1127 4554 1153 4602 et
1171 4550 1227 4602 lnd.
1317 4552 1332 4603 6
1351 4550 1432 4621 τοὺτῳ
1452 4553 1559 4619 scripsi:
1578 4552 1634 4605 τοὺ-

280 4653 332 4686 των
350 4636 390 4688 l'a
465 4638 481 4689 8
499 4635 520 4707 ᾦ
539 4637 569 4707 δὴ
589 4639 694 4706 scripsi:
715 4637 736 4690 ιὺ
755 4638 785 4708 δὴ
806 4640 841 4690 l':
861 4636 897 4697 ὡς
915 4637 946 4708 δὴ
966 4655 981 4690 α
1058 4639 1089 4690 lh
1108 4637 1192 4700 αὑτᾷἰς
1211 4639 1249 4691 sic
1271 4640 1303 4690 V:
1323 4637 1401 4708 αὑτῆς
1419 4656 1434 4690 ιι
1521 4640 1552 4690 16
1572 4639 1636 4707 μίξις

280 4737 380 4790 semper
399 4723 420 4772 V
500 4723 663 4795 παλλαγῆςιι
749 4725 778 4777 19
802 4726 845 4777 οὑν
863 4723 906 4777 eho
926 4726 948 4777 V
1029 4724 1063 4776 ‘20
1084 4725 1211 4795 γινόμενα]
1234 4726 1266 4777 ci.
1284 4727 1300 4795 ἡ
1320 4725 1345 4777 δὲ
1364 4726 1430 4795 ὁρμή
1448 4745 1475 4778 τε
1496 4728 1539 4778 καὶ
1557 4726 1636 4796 ὄρεξις

281 4808 400 4878 δραστικὰ
420 4808 514 4877 μᾶλλον
533 4813 576 4864 καὶ
594 4814 713 4884 ποιητικά
735 4812 821 4864 137ῐὺ
840 4817 865 4864 et
883 4813 940 4865 lncl.
959 4829 1014 4864 ss.
1033 4818 1150 4864 acui-min
1227 4827 1315 4865 nonne
1333 4812 1418 4865 αἴτιαί
1499 4814 1529 4866 “ΖΙ
1552 4814 1636 4867 αὑτῶν

281 4896 313 4951 V:
332 4896 443 4972 αὑτηςιι
525 4897 557 4949 '23
576 4903 649 4971 ταιῆς
667 4915 682 4952 α
762 4898 795 4952 25
813 4899 889 4953 τοῦτο
906 4917 945 4951 τοι
964 4900 996 4952 ci.
1014 4899 1106 4953 τοῦτό
1124 4917 1172 4952 τοι
1191 4900 1233 4951 καὶ
1253 4901 1278 4952 ἐν
1297 4907 1348 4959 τοῖς
1366 4901 1451 4972 φόβοις
1470 4902 1525 4954 κτλ.
1549 4904 1634 4955 lllrl
