3540 5610
482 267 517 319 lv
554 267 597 320 DE
616 267 795 321 GODlClBUS
814 267 907 321 LIBRI
927 269 971 321 DE
990 268 1159 322 ulnuloss
1415 274 1500 313 xxxIx

142 438 270 504 hiatum
292 440 382 521 sequi
405 439 492 525 apud
515 438 684 506 Caninium
712 439 781 506 eius
807 439 963 507 enuntiati
990 441 1161 524 abruptum
1188 441 1362 507 membrum
1385 461 1443 525 per
1465 462 1501 507 se

142 578 244 624 sensu
257 577 393 644 cassum,
405 580 542 643 quocum
553 559 594 625 ad
607 559 740 625 verbum
750 560 910 625 consentit
919 559 1043 625 initium
1054 559 1108 626 fol.
1120 562 1194 624 mer
1206 580 1342 642 graecae
1352 561 1499 626 Aldinae.

230 677 336 742 Etiam
360 678 538 745 Scnscmus
561 699 602 745 ex
617 678 736 743 Aldina
760 679 889 762 pendet,
912 699 1104 763 quamquam
1128 681 1299 762 quominus
1320 681 1500 745 accuratius

145 797 207 863 hoc
231 819 406 883 persequar
428 799 532 865 obstat
551 797 836 881 neglegentissima
858 806 891 864 et
912 798 1132 865 semibarbara
1153 798 1247 863 huius
1269 799 1424 866 versionis
1446 821 1500 866 na-

144 926 229 983 tura.
275 939 357 1002 quae
373 925 493 1001 quanta
508 915 678 983 oscitantia
693 917 875 1001 conscripta
890 919 940 999 sit,
956 919 1019 983 duo
1035 919 1131 984 liceat
1147 920 1294 1004 exempla
1309 939 1499 1003 proponere.

142 1037 245 1103 verba
271 1038 473 1122 225,13-18
500 1034 747 1120 ἔτι-σύγκριμα]
775 1057 806 1119 p.
823 1037 865 1102 58
891 1037 937 1102 ita
959 1038 1067 1103 vertit:
1112 1038 1237 1101 Adlatres
1262 1038 1347 1101 Deus
1374 1041 1425 1104 dle
1442 1063 1501 1126 per·

141 1161 251 1221 mania
267 1180 440 1243 perrosum,
462 1159 595 1221 matema
616 1158 686 1240 apsa
708 1166 839 1240 temporo
859 1169 931 1220 esset
949 1159 1107 1242 posterior,
1129 1159 1280 1241 siquidum
1301 1163 1522 1224 matusalam·

140 1300 254 1363 corpms
275 1301 372 1361 omno,
397 1280 529 1342 matema
551 1280 621 1362 apsa
639 1277 791 1362 portemus
816 1287 866 1352 ast,
888 1276 973 1340 Deus
1000 1288 1101 1341 uatem
1130 1277 1189 1339 talc
1210 1299 1319 1362 corpus
1341 1291 1391 1359 est,
1420 1302 1499 1364 pua-

138 1409 269 1484 proptcr
290 1399 360 1462 duo
376 1399 539 1483 principia
560 1418 623 1460 aaa
644 1406 743 1474 aaut,
766 1416 846 1479 quac
860 1398 959 1458 oratio
974 1418 1078 1459 eorum
1088 1418 1169 1480 proc
1182 1418 1211 1459 su
1224 1397 1302 1479 jort,
1325 1400 1375 1461 scd
1396 1422 1500 1464 reuera

139 1530 267 1581 taatmn
288 1539 387 1581 uuum
420 1519 492 1597 era't,
526 1528 618 1601 atque
644 1515 697 1578 ille
719 1513 803 1576 Deus
820 1526 1000 1598 procreatus
1026 1537 1062 1577 es
1087 1518 1219 1579 aratoria
1246 1528 1301 1579 out
1323 1520 1500 1584 stemmatum

139 1639 299 1724 quoddam
314 1640 373 1702 emt
387 1648 443 1702 out
458 1660 494 1701 aa
507 1637 659 1700 elementa
673 1643 834 1697 coowretue.
871 1633 1124 1720 ampl-ausa
1146 1634 1362 1722 οὔτε-λέγειν]
1387 1637 1431 1723 (p.
1444 1640 1499 1726 55)

138 1759 233 1842 atqu-i
241 1757 355 1841 forma
376 1756 466 1820 uallo
487 1757 656 1841 separatim
677 1775 735 1816 esse
749 1763 853 1838 potest,
876 1754 990 1838 absquo
1010 1776 1042 1817 eo
1065 1758 1100 1817 o'u
1122 1778 1181 1839 quo
1196 1756 1295 1837 <leprae
1310 1767 1360 1837 est,
1384 1761 1499 1842 ipsum-

138 1900 201 1963 que
217 1878 320 1941 lumen
334 1879 398 1939 ursi
417 1879 453 1938 iu
469 1875 625 1960 pellucido
646 1874 816 1958 separatim
837 1894 924 1935 acum
946 1876 1063 1937 caruem
1072 1887 1178 1959 potest,
1200 1899 1297 1961 ruptae
1312 1881 1421 1940 auitae
1436 1881 1500 1942 sirac

136 2018 266 2081 corpore
285 1997 452 2080 separatim
474 1995 618 2075 consulit,
645 2003 672 2055 ct
698 2001 733 2055 ut
758 2013 821 2054 uuo
842 1990 928 2054 uerbo
950 1992 1062 2071 dicum,
1090 1997 1166 2078 quid
1186 1993 1349 2059 absurdius
1371 2001 1501 2081 capitu-ru

132 2129 244 2204 potest,
277 2139 372 2202 wem
396 2116 562 2179 maurium
587 2135 657 2177 oum
679 2134 736 2175 sua
754 2111 867 2195 forma
888 2114 1018 2175 mansuem.
1063 2137 1160 2198 quoru
1191 2137 1300 2178 rursus
1331 2117 1499 2180 rudiculum

137 2240 223 2304 illud
243 2219 311 2305 eto,⁴

227 2357 337 2423 Edidit
359 2354 501 2420 libellum
523 2351 713 2418 nostratium
736 2371 819 2416 unus
841 2352 960 2416 Iuenna
981 2353 1014 2417 in
1035 2352 1216 2419 Aristotelis
1238 2355 1500 2440 Meteorologico-

138 2499 211 2544 rum
233 2477 297 2544 vol.
314 2475 345 2540 II
368 2496 399 2559 p.
416 2472 587 2539 oss-624
602 2470 732 2554 Lipsiae
750 2472 841 2554 1836,
865 2471 891 2535 si
908 2471 1056 2536 editionis
1072 2472 1200 2537 nomine
1221 2494 1335 2540 ornare
1352 2477 1499 2543 volumus

139 2596 280 2663 Aldinae
295 2592 517 2679 apographum
532 2590 813 2674 neglegentissime
835 2588 966 2674 (desunt
989 2589 1073 2656 enim
1095 2612 1160 2656 nou
1184 2594 1286 2657 solum
1308 2595 1418 2679 verba,
1442 2597 1498 2663 sed

140 2725 211 2783 tota
233 2714 413 2798 enuntiata)
437 2712 632 2794 confectum,
656 2710 690 2774 in
712 2729 776 2792 quo
798 2717 914 2774 sauata
936 2710 1064 2793 quidem
1087 2719 1161 2776 sunt
1182 2732 1295 2796 pauca,
1319 2715 1376 2779 sed
1398 2715 1499 2780 multa

139 2843 274 2918 mutata,
297 2854 380 2919 quae
403 2834 452 2900 vir
466 2830 679 2913 doctissimus,
702 2830 729 2895 si
752 2849 818 2895 rem
841 2830 955 2895 iterum
980 2830 1182 2913 pensitasset,
1207 2831 1276 2915 ipse
1299 2834 1497 2900 removisset.

226 2955 326 3020 Multo
364 2953 458 3038 plura
494 2951 597 3017 debeo
632 2948 741 3015 Ottoni
772 2950 888 3031 Annua,
923 2952 975 3034 qui
1010 2951 1195 3017 doctissima
1229 2954 1497 3019 commentatione

138 3077 265 3141 inserta
280 3073 440 3156 Philologi
456 3069 609 3138 volumini
625 3070 712 3134 XLV
736 3091 766 3153 p.
782 3071 823 3135 82
836 3090 881 3152 sq.
905 3069 1046 3136 libellum
1069 3076 1213 3135 nostrum
1230 3079 1416 3155 persecutus
1431 3074 1497 3138 alia

138 3194 276 3261 feliciter
299 3192 481 3259 emendavit
503 3190 576 3256 aliis
598 3190 773 3275 prudenter
796 3189 954 3254 medelam
977 3188 1194 3275 praeparavit.

228 3311 338 3379 Habes
371 3310 531 3393 subsidia,
566 3309 680 3392 quibus
714 3329 789 3373 usus
822 3328 891 3373 sum
925 3308 958 3371 iu
987 3309 1120 3391 singulis
1148 3310 1323 3376 Alexandri
1360 3311 1495 3395 scriptis.
1600 3364 1609 3379 .

137 3434 283 3502 nondum
305 3452 382 3498 vero
406 3431 447 3497 de
469 3429 589 3496 auxilio
612 3429 694 3514 dixi,
723 3428 808 3512 quod
831 3427 908 3492 mihi
931 3448 989 3513 par
1013 3429 1119 3494 omnia
1140 3448 1243 3512 aeque
1265 3437 1412 3514 paratum
1435 3431 1495 3496 fuit

135 3552 416 3635 iucundissimum,
443 3551 619 3616 Hnausuur
642 3552 742 3615 Draus
764 3556 797 3615 et
818 3550 965 3614 Enuunm
988 3549 1161 3614 Scnwuauz
1189 3550 1372 3615 amicorum.
1418 3572 1494 3632 quo-

136 3695 208 3740 rum
232 3692 332 3757 opera
357 3669 477 3736 factum
506 3676 568 3753 est,
600 3676 635 3734 ut
656 3669 742 3734 uiam
770 3688 900 3734 emenso
928 3689 993 3732 uon
1021 3674 1087 3731 tam
1113 3667 1346 3752 molestiarum,
1380 3669 1494 3751 quibus

136 3814 204 3861 non
226 3790 329 3857 caruit
350 3790 420 3873 iter,
444 3795 555 3872 surgat
570 3788 761 3871 recordatio,
785 3807 880 3871 quam
904 3786 1079 3852 laetissima
1102 3787 1246 3852 laborum
1262 3787 1493 3852 communionis

136 3912 303 3981 memoria.
347 3908 401 3993 qui
422 3908 483 3974 viri
509 3907 700 3990 doctissimi,
730 3906 805 3971 dum
832 3905 864 3971 in
892 3907 1089 3989 corrigendis
1116 3907 1305 3992 typothetae
1333 3908 1493 3973 erroribus

135 4055 189 4100 me
210 4032 376 4112 adiuvant,
403 4034 557 4112 quantum
580 4027 718 4093 studium
741 4027 951 4093 emendandis
973 4026 1075 4110 ipsius
1098 4027 1273 4093 Alexandri
1297 4028 1349 4092 vel
1371 4026 1493 4090 difficil-

134 4152 221 4218 limis
243 4149 396 4215 librorum
418 4148 565 4233 partibus
586 4146 829 4230 impertiverint,
853 4166 975 4210 mecum
991 4145 1233 4211 admirabuntur
1255 4146 1398 4228 legentes
1421 4166 1491 4211 seu-

132 4271 293 4354 tientque,
327 4267 405 4349 quid
437 4266 555 4332 debeat
588 4266 668 4332 haee
694 4265 793 4332 editio
828 4265 952 4331 illorum
979 4265 1128 4330 acumini.
1172 4266 1339 4331 Vsnuunus
1373 4272 1490 4349 autem,

132 4410 200 4475 qua
226 4396 278 4456 est
304 4407 382 4471 erga
414 4408 465 4453 me
493 4362 732 4470 benevolentia,
765 4384 948 4467 gratissima
970 4385 1066 4448 etiam
1101 4385 1161 4450 hoo
1195 4388 1345 4451 volumen
1376 4406 1491 4450 ornare

131 4509 287 4592 dignatus
313 4515 363 4575 est
389 4508 551 4594 symbola,
585 4525 679 4589 quam
707 4504 873 4570 invenient
898 4504 1043 4584 legentes
1070 4502 1101 4566 iu
1125 4504 1337 4588 Addendis,
1371 4504 1424 4568 ubi
1452 4525 1491 4569 oa

132 4627 302 4714 descripsi,
324 4647 408 4710 quae
430 4628 463 4692 in
485 4626 633 4710 exemplo
656 4645 719 4707 quo
742 4623 840 4689 utitur
861 4623 1026 4688 Vsnunnus
1049 4621 1280 4700 Quaestionum
1303 4624 1490 4708 Spengelia-

132 4766 248 4812 narum
270 4747 449 4813 adnotavit.

614 4907 1011 4915 —.—.--———-—-—-
