3548 5604
246 1447 516 1518 ΑΛΕΞΑΝΔΡΟΥ
553 1449 632 1516 ΤΟΥ
664 1449 932 1516 ΑΦΡΟΔΙΣΙΕΩΣ
970 1449 1124 1517 ΗΘΙΚΩΝ
1160 1449 1473 1519 ΠΡΟΒΛΗΜΑΤΩΝ
1500 1464 1552 1519 226

752 1567 919 1635 ΒΙΒΛΙΟΝ
952 1569 990 1634 Α.

273 1799 503 1857 ΑΛΕΞΑΝΔΡΟΥ
522 1797 699 1855 ΣΧΟΛΙΚΩΝ
720 1798 851 1856 ΗΘΙΚΩΝ
871 1797 1025 1857 ΑΠΟΡΙΩΝ
1051 1798 1111 1855 ΚΑΙ
1130 1798 1263 1855 ΛΥΣΕΩΝ
1285 1800 1465 1857 ΚΕΦΑΛΑΙΑ

266 2103 294 2143 α.
337 2078 471 2162 Ἀπορίαι
492 2078 564 2161 πρὸς
585 2078 652 2146 τοὺς
674 2077 707 2140 τδ
731 2080 783 2161 ζήν
806 2075 885 2161 <ούκ>
907 2077 1018 2156 ἀγαδδν
1040 2076 1113 2139 εἶναι
1134 2075 1279 2158 λέγοντας.
1517 2083 1534 2137 8

208 2203 223 2251 5
265 2184 291 2267 β.
329 2176 392 2247 Ὅτι
415 2182 456 2264 μή
480 2181 623 2263 ὁμοειδεῖς
645 2180 676 2242 αἱ
699 2179 810 2262 ήδοναί.
1525 2191 1539 2234 ι

270 2307 296 2365 γ.
334 2278 398 2349 Ὅτι
420 2281 605 2366 δικαιοσύνης
626 2283 674 2345 καὶ
691 2280 802 2349 ἀδικίας
824 2282 872 2344 καὶ
888 2280 965 2350 δλως
988 2281 1093 2365 ἀρετῆς
1116 2282 1163 2342 καὶ
1180 2283 1280 2349 κακίας
1303 2279 1367 2343 ἐστί
1379 2302 1420 2348 τις
1442 2278 1498 2348 ἕξις

391 2409 508 2469 μετατυ.

262 2490 287 2551 δ.
330 2485 469 2572 Ἀπορίας
483 2487 563 2556 λύσις
578 2492 630 2570 τῆς
652 2486 793 2569 λεγούσης
808 2484 923 2570 ὀργάνῳ
947 2484 999 2565 μὲν
1016 2485 1107 2568 μηδὲν
1130 2483 1203 2547 εἶναι
1218 2484 1357 2559 ἐναντίον,
1379 2484 1497 2568 πλούτιρ

393 2591 425 2654 δὲ
448 2590 547 2653 πενίαν
569 2588 643 2651 εἶναι
665 2588 801 2662 ἐναντίον,
825 2589 869 2650 διὸ
893 2588 934 2670 μή
958 2585 1030 2649 εἶναι
1054 2587 1102 2649 τδν
1126 2589 1249 2650 πλοῦτον
1273 2585 1403 2669 ὄργανον.
1511 2602 1539 2644 ιο

191 2711 223 2758 10
270 2716 296 2755 ε.
339 2691 463 2776 Ἀπορία
486 2691 529 2754 ύτι
552 2692 571 2773 ή
592 2691 673 2773 κοινὴ
698 2691 789 2773 ἡδονή
812 2692 853 2757 ῶς
871 2689 953 2770 γένος
974 2689 1182 2773 λαμβανομένη
1206 2686 1267 2751 οὔτ’
1289 2688 1398 2770 άγαδύν
1421 2687 1498 2751 ἐστιν

388 2794 456 2858 οὔτε
478 2795 567 2858 κακδν
590 2789 653 2855 οὔτ’
680 2792 848 2874 ἀδιάφορον.

265 2921 291 2968 ς.
330 2894 391 2963 Ὁτι
414 2903 451 2979 τῇ
474 2898 568 2980 ήδονή
592 2897 611 2978 ή
634 2894 711 2977 λύπη
735 2893 812 2956 ἐστὶν
835 2892 974 2964 ἐναντίον,
1002 2893 1061 2956 ἀλλ’
1090 2893 1124 2957 ού
1147 2892 1244 2962 πόνος.
1512 2907 1539 2949 ιο

266 3004 290 3072 ζ.
336 3000 390 3065 Διδι
411 3000 454 3076 τί,
477 2999 503 3062 εἰ
525 3001 544 3082 ἡ
568 2998 645 3082 λύπη
670 2999 750 3058 πᾶσα
772 2995 862 3058 κακὸν
884 3000 921 3077 τῇ
945 2997 1050 3080 ἑαυτῆς
1073 2996 1173 3079 φύσει,
1200 2995 1268 3079 ούχὶ
1291 2995 1339 3058 καὶ
1361 2996 1381 3078 ἡ
1404 2995 1495 3078 ήδονή

387 3106 467 3165 πάσα
490 3101 600 3183 ἀγαδδν
623 3097 705 3163 ἔσται
727 3101 765 3180 τή
789 3097 896 3181 ἑαυτῆς
917 3097 1015 3180 φύσει.

190 3223 219 3271 15
260 3229 290 3287 η.
330 3199 392 3269 Ὅτι
415 3205 434 3287 ή
458 3204 547 3286 ἀρετή
570 3200 636 3266 οὔτε
657 3201 739 3283 γένος
761 3197 829 3262 ούτε
851 3198 929 3262 δλον.

263 3307 292 3369 θ.
331 3302 394 3371 Ὅτι
417 3306 457 3389 μὴ
481 3308 585 3373 πάντες
607 3304 634 3366 οἱ
658 3305 868 3387 ἁμαρτάνοντες
891 3302 992 3385 ἀγνοίᾳ
1018 3306 1069 3364 τοῦ
1091 3302 1167 3365 κακὰ
1194 3299 1266 3365 εἶναι
1294 3302 1342 3364 καὶ
1366 3301 1495 3386 βλαβερὰ
1509 3317 1537 3360 ιο

386 3408 405 3470 ἃ
428 3409 610 3491 πράττουσιν,
634 3407 859 3488 ἁμαρτάνουσιν.

273 3533 291 3572 ι.
330 3506 392 3575 Ὁτι
415 3512 430 3574 δ
454 3509 610 3594 ἅνθρωπος
631 3512 689 3570 τῶν
712 3507 823 3590 ἀρετῶν
846 3507 943 3591 χάριν,
965 3504 1026 3569 ἀλλ’
1055 3505 1108 3569 οὐκ
1127 3504 1260 3588 ἔμπαλιν.

254 3635 291 3676 ια.
331 3610 393 3678 Ὅτι
416 3613 457 3696 μή
481 3614 640 3696 πολλαχῶς
662 3611 695 3673 τὸ
719 3610 864 3684 ἀκούσιον,
886 3609 950 3672 ἐπεὶ
973 3609 1020 3670 καὶ
1044 3609 1092 3693 βίογ
1114 3609 1161 3671 καὶ
1183 3604 1219 3670 δι’
1247 3606 1375 3690 ἄγνοιαν.
1400 3616 1403 3692 γ
1508 3625 1536 3667 κο

186 3734 219 3781 20
252 3716 289 3800 ιβ.
337 3715 452 3784 Λέξεῶς
468 3736 543 3781 τινος
557 3713 692 3796 ἐξήγησις
707 3711 740 3775 ἐκ
755 3715 807 3775 τοῦ
822 3710 918 3794 τρίτου
933 3714 991 3772 τῶν
1009 3708 1215 3795 Νικομαχείων
1232 3712 1345 3796 ήβικῶν
1366 3709 1494 3796 Ἀριστο
1513 3720 1529 3776 9

385 3817 496 3886 τέλους.

253 3943 287 4002 ιγ.
325 3918 387 3984 Ὅτι
409 3919 502 3983 οἰκεία
524 3920 543 4001 ή
566 3918 658 4001 ήδονὴ
681 3920 719 4000 τῇ
742 3917 873 4002 ἐνεργείᾳ
895 3915 943 3999 ἐφ’
970 3911 992 3999 ή
1016 3916 1131 3997 γίνεται.

253 4025 311 4086 ιδ.·
335 4022 403 4092 Πῶς
427 4021 594 4104 σωδήσεται
617 4019 649 4082 τδ
673 4018 749 4082 εἶναί
767 4017 819 4103 (u)
842 4018 947 4102 μεταξύ
970 4020 1078 4101 ήδονῆς
1100 4018 1148 4081 καὶ
1171 4018 1274 4101 λύπης.
1520 4037 1534 4080 ι

253 4148 286 4189 ιε.
325 4122 387 4189 Ὁτι
410 4126 429 4208 ή
450 4123 599 4207 ἀφροσύνη
615 4122 724 4185 τούτων
740 4120 821 4185 ἔσται
836 4119 946 4203 ἄγνοια,
970 4122 1011 4183 ῶν
1034 4121 1110 4183 ἐστιν
1133 4119 1307 4204 ήρρύνησις
1331 4121 1491 4207 ἐπιστήμη·

184 4247 216 4296 25
388 4225 450 4290 ἔστι
473 4227 505 4289 δὲ
527 4227 547 4308 ή
570 4223 707 4308 φρόνησις
730 4223 877 4307 ἐπιστήμη
901 4223 1043 4306 ποιητέων
1066 4245 1097 4284 τε
1120 4224 1168 4285 καὶ
1191 4222 1225 4285 ού
1248 4223 1404 4308 ποιητέων.

183 4380 584 4392 -----·

183 4482 199 4534 4
218 4481 266 4535 ούκ
284 4480 343 4534 add.
356 4480 425 4532 vict.
439 4474 508 4544 (οὔτ’
523 4475 618 4547 ἀγαθδν
636 4477 694 4532 ούτι
710 4477 791 4531 κακόν
803 4477 849 4545 13²)
939 4479 956 4531 8
975 4477 1086 4531 ἐναντίον
1105 4477 1199 4530 ἁπλοῦν
1218 4481 1256 4546 τῷ
1269 4478 1295 4531 δὲ
1314 4478 1415 4549 πλούτῳ
1429 4497 1457 4532 αι
1476 4482 1545 4535 ίναν·

182 4568 234 4622 τίον
252 4569 291 4637 τῷ
309 4567 334 4620 δὲ
353 4564 457 4634 πλούτῳ
478 4566 546 4618 vict.
565 4568 609 4632 Sp.
718 4563 779 4618 9δὲ
798 4580 847 4618 om.
867 4583 883 4616 ε
901 4567 945 4632 Sp.
1052 4566 1114 4617 ιῑναι
1133 4581 1182 4617 om.
1202 4567 1242 4617 tit.
1352 4568 1384 4620 10
1403 4567 1450 4636 ῶς]
1470 4570 1485 4638 ή
1505 4568 1541 4626 ῶς

182 4658 223 4708 tit.
333 4653 363 4705 15
382 4653 412 4705 ού
430 4654 501 4722 γένος
519 4653 561 4704 tit.
670 4653 700 4704 Π
721 4652 737 4704 δ
756 4668 843 4705 οιτον
950 4652 991 4704 20.
1011 4653 1041 4704 21
1063 4654 1079 4721 ή
1104 4652 1168 4713 λέξις
1190 4653 1219 4705 ἐκ
1244 4659 1290 4706 τοῦ
1310 4662 1324 4723 γ
1343 4661 1395 4706 τῶν
1416 4651 1447 4707 Ν.
1468 4658 1507 4707 tit.

183 4739 386 4814 Νικομαχιῶνν
405 4740 529 4810 (semper)
614 4738 648 4792 22
666 4741 721 4810 περὶ
740 4738 833 4809 ήδονῆς
852 4741 891 4793 tit.
976 4740 1009 4793 23
1028 4738 1218 4810 βήσεταιοὸρ.
1302 4741 1335 4794 23
1353 4761 1376 4794 τι
1395 4742 1506 4796 add.tit.

183 4829 216 4882 24
234 4828 299 4882 ίστιν
319 4843 369 4881 om.
389 4828 430 4879 tit.
538 4826 570 4879 25
594 4827 813 4898 ἐστι-ἐπιστήμη
834 4844 883 4882 om.
904 4831 944 4882 tit.
1052 4829 1168 4899 ποιητέον
1188 4830 1252 4895 (bis)
1271 4833 1295 4879 V
