3540 5610
467 302 481 331 0
596 300 621 352 ll
655 299 700 352 DE
719 298 898 353 coblclssus
917 298 1161 362 QUAESTIONUM
1499 305 1560 345 ΝΠ

201 469 266 535 trio
288 467 412 536 addere
432 469 575 554 deberet,
607 489 708 556 saepe
730 469 847 554 haesit;
880 491 943 554 quo
977 470 1176 554 factumest,
1210 479 1245 537 ut
1271 492 1331 540 eae
1358 470 1559 555 potissimum

202 608 314 672 voees,
336 608 421 672 quae
441 589 571 656 diversa
586 589 737 673 prosodia
758 589 791 654 in
807 588 915 655 varias
937 589 1085 655 notiones
1107 590 1285 674 discedunt,
1309 598 1343 657 ut
1365 593 1384 677 ἢ
1408 590 1428 676 ᾗ
1451 593 1471 677 ἡ
1494 595 1513 678 ἢ
1537 593 1558 678 ἧ

204 708 258 774 vel
281 707 358 792 αότὴ
380 709 454 794 αὕτη
475 709 562 794 αὐτῇ,
585 728 684 794 saepe
706 715 763 774 aut
784 716 919 799 accentu
941 716 997 774 aut
1019 709 1131 794 spiritu
1157 717 1213 775 aut
1241 717 1375 794 utroque
1402 718 1560 777 carerent.

205 848 314 912 pauca
327 828 477 896 delibabo
493 851 533 897 ex
549 828 656 895 multis
674 829 766 912 14,36
789 829 880 912 1939
903 829 997 911 2133
1020 830 1114 913 2938
1138 830 1232 913 30‚15
1255 829 1327 909 35,l
1352 831 1445 915 37,12
1467 832 1562 917 4138

204 947 282 1032 48,6
304 950 379 1029 bO‚4
400 950 495 1034 5235
517 948 826 1034 55,2592,1098,5
850 949 963 1031 110,22
986 955 1045 1014 etc.

294 1085 422 1152 Deinde
443 1092 561 1171 antem,
583 1085 617 1151 id
632 1085 718 1170 quod
733 1082 862 1168 gravius
877 1089 936 1166 est,
958 1103 1190 1168 saepenumero
1214 1085 1261 1151 eis
1276 1085 1345 1152 sive
1366 1086 1473 1153 verbis
1495 1087 1564 1154 sive

205 1204 381 1272 verborum
403 1204 678 1272 coniunctionibus
700 1203 830 1289 spiritus
845 1211 878 1271 et
893 1212 1046 1271 accentus
1062 1205 1176 1271 deesse
1191 1205 1301 1289 voluit,
1324 1226 1407 1291 quae
1429 1215 1564 1274 autnon

206 1325 368 1391 intellexit
389 1330 447 1390 aut
473 1332 623 1409 corrupta
649 1344 722 1391 esse
750 1325 936 1410 plerumque
969 1331 1056 1390 recte
1087 1325 1267 1408 suspicatus
1301 1332 1359 1392 est.
1403 1327 1565 1410 adponam

207 1444 368 1510 nonnulla
389 1446 541 1530 exempla

435 1597 513 1664 13,18
531 1597 560 1650 τὸ
579 1597 606 1650 tl
623 1597 692 1667 robe]
712 1598 740 1652 τὸ
759 1618 788 1653 το
807 1599 833 1652 δι

430 1685 512 1751 46,13
531 1685 556 1752 i]
574 1685 677 1756 πλασμα
694 1706 720 1740 τι

431 1773 475 1837 48,
486 1775 516 1826 14
534 1773 647 1828 συντιλοῐ
663 1775 693 1827 ἄν
711 1774 747 1844 τι]
766 1774 896 1844 cadurcum

433 1862 516 1926 49,10
534 1861 591 1933 γῆς]
610 1881 639 1916 το
658 1883 675 1934 η
694 1868 740 1933 γῆς

431 1948 511 2011 5031
533 1947 665 2020 διαφοράν]
687 1950 802 2023 διαφοραῑ

434 2035 497 2103 53,7
534 2036 602 2106 bal]
622 2057 659 2109 ειη

435 2123 517 2189 cela
534 2124 547 2178 1
565 2131 667 2196 πρῶτα·
686 2145 717 2196 ην

435 2211 498 2277 69,7
535 2211 628 2284 bric]
647 2214 704 2282 ήτισ

434 2300 495 2366 12,1
535 2299 562 2353 δ’
580 2301 648 2372 alcsp
667 2301 746 2366 ἔσται]
765 2300 791 2353 dl
808 2299 927 2371 superduc

435 2387 517 2453 73,16
535 2387 559 2454 i]
577 2389 657 2442 saleru
675 2407 705 2441 cn
724 2388 804 2442 actem

435 2476 518 2541 87,Ιῖ
535 2476 579 2546 τὰ]
597 2479 629 2529 τὰ
647 2475 730 2549 φθορα

421 2563 516 2627 ilaue
535 2565 551 2634 ἡ
570 2567 609 2637 τῷ
626 2566 706 2634 ἐκτός,
725 2568 774 2638 (τῷ
793 2566 837 2635 μὲν
856 2565 947 2632 ἐκτός),
967 2565 994 2635 d]
1014 2573 1065 2619 τῶν
1084 2568 1186 2620 lusarca
1205 2567 1221 2620 ἃ

299 2709 468 2792 Ingratum
491 2709 606 2775 editori
629 2710 709 2776 talia
731 2710 868 2777 officium
890 2712 1078 2796 impingunt,
1106 2719 1141 2775 ut
1169 2732 1280 2777 omnes
1303 2712 1363 2778 bas
1385 2710 1573 2777 omissiones

213 2829 335 2912 tradat,
358 2827 444 2893 baud
466 2829 595 2895 nescius
617 2830 734 2895 multas
749 2831 836 2896 casui
859 2851 923 2896 non
944 2829 1077 2895 consilio
1093 2830 1213 2896 deberi.
1257 2832 1408 2914 graviora
1422 2832 1518 2917 igitur
1540 2832 1574 2898 in

212 2948 460 3015 adnotationem
484 2947 600 3034 recepi,
626 2969 722 3032 quam
749 2971 791 3017 ne
817 2950 912 3016 nimis
935 2969 1111 3032 onerarem,
1140 2950 1262 3033 reliqua
1289 2950 1321 3015 in
1344 2950 1573 3020 Additamento

215 3068 325 3152 priore
346 3069 471 3153 collegi.

305 3205 434 3272 Deinde
455 3206 608 3273 continua
634 3207 791 3291 scriptura
816 3213 977 3273 vetustum
1005 3207 1171 3289 exemplar
1197 3205 1349 3289 scriptum
1377 3182 1444 3272 fuit.
1489 3210 1575 3293 qnod

216 3328 350 3394 diversa
371 3325 520 3393 vitiorum
542 3345 663 3410 genera
685 3325 812 3408 docent,
840 3346 923 3409 quae
946 3327 1053 3392 omnia
1075 3326 1159 3391 banc
1181 3331 1304 3389 tantum
1327 3326 1575 3409 explicationem

216 3446 404 3513 admittunt
447 3445 512 3510 iam
534 3445 658 3529 pridem
682 3444 830 3513 restituta
851 3454 926 3511 sunt
948 3446 1029 3512 baec
1051 3445 1243 3511 οὐκαδύνατον
1266 3446 1361 3524 eleo
1383 3446 1576 3531 ἀλλατήκεται

219 3568 317 3652 nae
339 3567 568 3652 ἀποφρονήσεως
593 3564 709 3649 128,10
730 3565 851 3629 eccene
875 3566 989 3650 1621ss
1005 3573 1064 3632 etc.
1110 3566 1218 3648 paullo
1235 3565 1369 3632 tectiora
1385 3573 1470 3650 sunt,
1493 3586 1576 3650 quae

217 3688 325 3753 latent
350 3685 410 3752 sub
433 3686 497 3751 his:
529 3685 555 3749 δ’
583 3685 608 3748 εἰ
630 3684 737 3767 (legas
763 3685 821 3765 δεῖ)
845 3685 942 3767 14,22
969 3685 1112 3767 ἀνομοίως
1138 3685 1172 3767 (1.
1197 3683 1232 3746 ἂν
1255 3684 1379 3767 ὁμοίως)
1405 3687 1474 3767 26,1
1502 3686 1577 3748 ἀλλὰ

220 3806 386 3891 σύμμτρον
411 3805 449 3889 (1.
476 3803 536 3869 ἀλλ’
564 3802 762 3888 ἀσύμμετρον)
791 3804 885 3887 31‚15
912 3804 995 3867 οὐδὲν
1021 3804 1115 3890 τούτῳ
1143 3804 1178 3888 (1.
1201 3802 1262 3866 οὐδ’
1290 3803 1456 3889 ἐντούτῳ)
1481 3804 1577 3886 4232

220 3926 323 3991 τούτου
346 3926 380 3989 τὸ
402 3926 438 4009 (1.
461 3929 513 3989 τοῦ
538 3922 637 4008 τοῦτο)
659 3924 755 4007 66,31
791 3925 866 3988 ἀλλὰ
893 3925 1024 3993 πιθανῶς
1046 3922 1079 4007 (1.
1096 3921 1156 3986 ἀλλ’
1184 3924 1352 4007 ἀπιθάνως)
1380 3925 1495 4007 14536
1518 3930 1578 3989 etc.

220 4044 354 4131 saepius
376 4062 547 4129 perperam
562 4042 702 4108 discreta
723 4063 841 4109 novam
864 4044 969 4110 labem
994 4051 1170 4127 traxerunt,
1194 4045 1283 4109 cuius
1299 4044 1426 4127 generis
1449 4043 1576 4111 mendo-

221 4185 292 4231 rum
315 4163 395 4231 satis
418 4181 536 4246 magna
558 4162 653 4246 copia
675 4182 760 4228 nunc
782 4170 906 4229 remota
928 4171 986 4248 est,
1014 4163 1072 4229 sed
1094 4171 1217 4230 restare
1240 4170 1318 4248 puto
1341 4183 1426 4246 quae
1450 4182 1579 4228 manum

221 4281 474 4351 emendatricem
497 4287 676 4365 expectent.
725 4289 811 4348 certe
836 4282 878 4349 de
900 4283 1022 4366 origine
1050 4284 1251 4367 corruptelae
1274 4303 1338 4348 non
1362 4282 1578 4348 dubitabitur:

223 4404 298 4484 11‚5
325 4400 420 4486 12,16
447 4400 539 4485 16,18
565 4400 702 4477 24‚5.28
729 4401 824 4484 2213
851 4402 945 4485 3630
970 4404 1074 4486 40,13.
1088 4405 1126 4468 21
1154 4403 1228 4487 43,d
1259 4403 1330 4486 lap
1361 4403 1454 4486 ‘1339
1487 4403 1577 4481 7721

221 4522 384 4608 81‚13.2o
405 4519 500 4605 85,ae
521 4518 594 4603 98,1
620 4520 735 4600 103‚22
760 4522 853 4603 1053
878 4522 991 4605 rouel
1018 4523 1142 4607 145‚33.

310 4657 498 4725 Unciulibns
530 4677 625 4741 porro
655 4657 769 4724 litteris
799 4665 950 4724 exaratus
983 4657 1082 4725 fuisse
1111 4658 1239 4725 videtur
1272 4658 1327 4723 ille
1358 4658 1446 4724 liber.
1493 4659 1580 4741 quod

222 4777 364 4845 suadent
395 4780 479 4845 tales
505 4776 620 4844 Veneti
653 4797 790 4843 errores:
832 4784 889 4841 πᾶν
920 4779 1027 4861 (legas
1057 4780 1085 4841 τί
1114 4778 1163 4861 ἂν)
1190 4779 1241 4861 66,
1255 4781 1295 4842 lb
1328 4782 1385 4840 πᾶν
1421 4779 1457 4861 (1.
1481 4779 1582 4860 πάλιν)

224 4899 325 4984 63,33
348 4900 396 4965 δεῖ
412 4897 450 4982 (1.
472 4896 535 4981 dar)
559 4896 659 4981 39‚13
684 4898 759 4960 αὐτά
784 4896 820 4980 (1.
843 4898 928 4979 λυτά)
956 4897 1054 4979 114,9
1086 4895 1285 4979 cf.196‚·23‚
1320 4898 1379 4961 ruisi
1415 4896 1495 4962 baec
1529 4917 1583 4962 ve·

279 5023 353 5073 Suppl.
366 5022 433 5062 arira
447 5017 496 5062 112
521 5022 583 5061 Alsa.
598 5021 678 5071 scripta
692 5022 780 5060 minora
1357 5000 1380 5062 B
