3540 5610
201 279 270 319 ”W
781 278 976 333 PRAEFATIO

203 448 268 513 cari
290 467 312 513 a
334 448 537 516 Triucavello
561 451 740 535 nmium,
773 452 815 518 de
840 473 904 536 quo
932 452 1013 520 baec
1038 450 1105 516 ille:
1143 460 1195 532 „tu
1223 452 1299 518 mihi
1326 453 1358 519 in
1380 453 1557 521 Alexandri

204 567 453 646 Quaestiouibus
480 590 563 654 quae
589 571 631 636 ad
659 573 779 638 calcem
803 572 978 656 perductae
1005 572 1048 637 ad
1073 571 1247 638 editionem
1273 579 1458 657 properant,
1484 593 1557 639 eam

206 708 336 774 operam
360 697 392 756 et
413 691 566 756 auxilium
589 691 769 776 impertitus
792 711 836 774 es,
864 697 900 757 ut
922 691 1076 775 quidquid
1098 691 1234 758 studiosi
1260 691 1416 757 bonarum
1439 691 1559 759 littera

205 828 275 873 rum
297 828 338 875 ex
361 810 478 876 nostris
500 809 664 876 laboribus
685 831 721 877 se
744 810 917 894 profecisse
939 811 1109 896 senserint,
1136 809 1169 876 id
1191 811 1244 877 vel
1265 811 1405 878 maxime
1425 811 1483 877 tibi
1504 812 1558 879 de

207 925 332 995 besum
384 947 424 992 ex
458 928 519 994 hoc
551 928 647 1013 igitur
680 930 761 996 libro
794 951 859 996 non
892 932 994 997 solum
1027 932 1066 1016 is,
1100 951 1141 998 ex
1167 950 1230 1014 quo
1256 948 1279 995 a
1309 929 1468 1016 impressa
1499 939 1558 1017 est,

207 1046 265 1112 sed
287 1045 385 1113 etism
407 1047 534 1114 codices
557 1048 581 1111 B
607 1057 639 1116 et
660 1050 683 1116 S
706 1050 840 1118 correcti
863 1050 976 1133 suut.¹)

292 1165 479 1251 Explicatur
499 1174 607 1235 autem
622 1167 684 1234 bae
698 1169 833 1253 ratione,
856 1189 912 1234 cur
927 1176 974 1235 tot
990 1169 1143 1236 lectiones
1157 1169 1270 1236 classis
1284 1170 1394 1238 FSGL
1416 1171 1560 1238 secunda

207 1305 303 1352 mauu
325 1287 358 1352 in
374 1288 531 1353 Venetum
547 1287 573 1351 B
596 1288 752 1354 venerint.
797 1287 943 1354 nimirum
966 1288 1060 1355 buius
1082 1289 1224 1357 familiae
1246 1289 1359 1355 librum
1375 1291 1426 1357 vir
1446 1290 1560 1357 doctus

205 1406 261 1474 ille
282 1407 420 1473 correxit
442 1407 481 1474 cf.
504 1408 566 1491 4,2.
581 1409 623 1474 28
646 1409 697 1493 7,2
719 1409 794 1492 834
817 1408 910 1492 10,28
935 1410 1049 1492 11,1.5
1073 1408 1166 1493 1213
1191 1408 1284 1493 18,2Ο
1304 1409 1409 1494 20,14.
1428 1449 1433 1459 ·
1453 1432 1560 1496 neque

207 1526 359 1611 offendet,
381 1527 467 1610 quod
482 1526 518 1594 S²
539 1531 657 1594 multas
680 1527 835 1594 lectiones
855 1526 987 1593 alterius
1000 1528 1112 1594 Veneti
1127 1529 1190 1594 258
1205 1548 1319 1594 manus
1339 1529 1373 1595 iu
1389 1530 1412 1596 S
1427 1531 1561 1617 invexit,

207 1665 287 1729 quas
320 1666 391 1712 cum
427 1645 578 1714 fratribus
615 1646 667 1712 bic
699 1646 919 1730 praeterierat.
973 1665 1048 1711 nam
1080 1668 1146 1713 non
1178 1649 1282 1714 solum
1319 1649 1465 1734 coniecit,
1503 1652 1562 1718 sed

207 1766 303 1833 etiam
334 1787 374 1833 ex
401 1769 524 1834 Veneto
549 1767 575 1831 B
604 1769 714 1851 (quem
744 1767 861 1832 seimus
889 1766 957 1833 fere
984 1767 1166 1835 consentire
1191 1787 1263 1833 cum
1284 1766 1342 1852 ν’)
1368 1770 1490 1852 passim
1515 1771 1562 1838 in·

207 1894 317 1971 specto
345 1908 436 1952 suum
460 1887 574 1953 librum
602 1886 749 1952 correxit.
794 1886 839 1951 ita
860 1884 979 1951 factum
1007 1894 1065 1971 est,
1092 1894 1128 1952 ut
1148 1906 1248 1970 saepe
1270 1885 1330 1952 S²a
1357 1890 1563 1956 consentiant

210 2026 281 2071 cum
305 2005 389 2071 V'B:
428 2007 497 2089 19st
522 2007 626 2086 2127.
639 2006 681 2070 80
702 2005 773 2088 22,1
799 2006 903 2089 24,18.
918 2006 957 2071 19
979 2005 1049 2087 (ubi
1073 2007 1098 2069 B
1121 2005 1252 2072 exhibet
1272 2006 1488 2092 ἑστιν-εἶναι)
1508 2010 1563 2095 25,

208 2126 259 2191 22.
272 2125 313 2191 25
339 2125 438 2209 27,17
463 2127 541 2209 31,9
567 2126 761 2209 3253819
788 2124 874 2207 sat.
919 2125 1013 2189 simul
1039 2144 1168 2190 causam
1195 2125 1352 2210 videmus,
1381 2146 1437 2193 cur
1460 2129 1565 2213 46,10

212 2245 325 2328 130,13
348 2264 418 2309 cum
442 2264 505 2308 uno
529 2244 652 2310 Veneto
676 2243 702 2306 B
725 2252 903 2326 congruant
926 2242 994 2309 S'e.

295 2362 466 2447 ingeniose
488 2363 555 2428 dini
570 2363 746 2429 coniecisse
767 2370 932 2428 auctorem
955 2362 1126 2427 lectionum
1142 2361 1244 2428 B’sa
1265 2364 1474 2447 signatarum.
1510 2369 1567 2435 vel

209 2483 393 2552 emendavit
408 2492 567 2568 corrupte,
584 2503 671 2566 egr.
688 2484 760 2566 11‚s
784 2482 878 2566 lb‚30
902 2481 972 2565 165
984 2478 1053 2566 (ἔτι)
1067 2481 1160 2565 1832
1184 2482 1341 2566 18,13.16
1363 2485 1436 2569 30,9
1458 2487 1565 2571 36,12.

210 2604 348 2689 suspicio
370 2611 478 2668 autem
500 2604 573 2668 aliis
596 2610 724 2687 praet-er
747 2603 904 2667 Venatum
927 2602 989 2667 258
1016 2598 1158 2666 fontibus
1181 2621 1254 2667 eum
1281 2623 1371 2669 usum
1394 2624 1467 2673 esse
1488 2628 1567 2690 quo·

209 2723 315 2789 miuus
337 2732 498 2808 nascatur,
521 2723 602 2788 baec
624 2720 735 2788 tabula
757 2729 835 2805 puto
858 2720 1021 2804 impediet.

300 2878 380 2943 10,13
399 2877 456 2930 οὔτε
474 2877 614 2946 γινόμενσνε
635 2877 745 2930 fortasse
763 2876 816 2930 dre
835 2876 979 2947 γινόμενσνε
999 2874 1057 2928 οὔτε
1075 2875 1124 2939 (τὸ)
1143 2876 1271 2946 γινόμενον
1284 2876 1366 2931 s²B²s

300 2967 362 3030 13,3
397 2961 440 3036 ἐφ’
460 2964 489 3017 ὃν
508 2966 538 3017 V:
558 2965 640 3034 ἕτερον
660 2967 771 3018 correxit
784 2964 883 3018 GFSL:
901 2965 946 3033 μὲν
965 2964 991 3017 ἓν
1010 2963 1090 3017 B'sta

299 3054 380 3119 3229
399 3053 514 3106 δεκτικόν
534 3053 563 3104 V:
583 3053 682 3105 correxi
700 3052 839 3105 δεικτικόνι
862 3051 940 3105 αἴτιον
958 3051 1039 3104 S²B²a

300 3143 382 3209 sele
401 3148 509 3194 πεσεῖται
529 3141 571 3191 V¹z
590 3140 673 3193 πέσσει
690 3159 717 3192 τε
737 3141 849 3193 correxit
860 3139 907 3192 V’:
927 3140 1066 3192 ἐκπεσεῖται
1085 3139 1131 3192 S²a

300 3231 381 3296 36,‘25
400 3235 446 3299 τῆς
464 3230 498 3286 εἰς
511 3230 541 3280 V:
560 3232 604 3297 γῆς
623 3227 657 3285 εἰς
675 3229 786 3280 correxit
805 3227 861 3281 GF:
882 3230 930 3296 τῆς
947 3229 1034 3290 (τινος)
1053 3226 1087 3283 εἰς
1105 3225 1185 3279 B²sa

300 3320 381 3383 esis
400 3324 449 3370 πᾶν
468 3318 497 3369 V:
517 3319 540 3368 τί
559 3316 588 3368 ἂν
607 3317 721 3369 correxit
738 3315 862 3384 Spengel:
883 3321 1001 3367 παντοῖον
1021 3312 1100 3366 B²S²a

286 3407 382 3471 10:3,22
401 3405 458 3458 οὔτε
477 3403 514 3457 ὅτι
534 3406 563 3456 V:
583 3404 667 3456 οὐκέτι
686 3405 797 3456 correxi:
817 3401 874 3455 οὔτε
893 3401 939 3455 δ”σ

286 3495 382 3561 104,23
401 3493 464 3565 παρ’
483 3492 543 3563 ὅπερ
562 3511 628 3546 orsos
646 3493 678 3545 Vr
697 3488 758 3561 παρ’
779 3491 792 3543 ὃ
811 3498 923 3561 περαῖνον
943 3491 1056 3544 correxit
1074 3490 1109 3544 G:
1132 3487 1193 3561 παρ’
1214 3487 1273 3560 ὅπερ
1292 3491 1353 3544 εἶναι
1371 3488 1454 3544 B²S²a

288 3581 384 3647 irate
403 3582 567 3651 διαγεγόνασιν
586 3582 617 3634 V:
637 3577 670 3634 δι’
690 3581 706 3632 ἃ
724 3580 849 3650 γεγόνασιν
868 3581 979 3632 correxi:
998 3577 1049 3642 (ὃν)
1068 3577 1235 3648 tremescere
1254 3578 1335 3632 B²S²a

299 3720 410 3785 Addas
434 3720 537 3803 iO‚30,
566 3719 628 3800 ubi,
653 3718 728 3802 quie
754 3716 921 3782 οὐκ-αὐτὸ
943 3714 1025 3780 falso
1052 3714 1207 3781 tribuerat
1232 3715 1463 3798 interlocutori,
1486 3717 1569 3798 ἡγου-

217 3841 296 3926 μένῳ
320 3840 404 3923 quod
427 3839 579 3923 optimum
603 3846 652 3903 est
673 3839 705 3902 in
728 3840 853 3922 ἡγοῦμαι
876 3836 1061 3921 pessumdat
1083 3835 1140 3920 cipe
1162 3836 1245 3898 ultro
1262 3833 1396 3919 intruso,
1419 3834 1475 3900 vel
1496 3833 1568 3918 36,3

216 3961 268 4025 ubi
284 3960 394 4025 videre
410 3959 484 4023 lieet
500 3957 658 4039 quomodo
675 3956 917 4040 iuter-polatioui
932 3955 1093 4021 secundae
1116 3974 1230 4020 manus
1242 3954 1356 4021 Veneti
1372 3954 1435 4020 258
1451 3974 1568 4020 novam

216 4081 395 4162 adiungaut
417 4077 525 4143 B'Sla.
561 4097 665 4160 porro
689 4076 951 4159 of.46‚1.251‚2
976 4076 1068 4160 tale
1093 4075 1216 4158 12925.

218 4246 399 4253 ——---
407 4245 418 4250 -
425 4244 502 4250 ...—-
515 4244 519 4249 .
526 4244 565 4249 ,.-.
573 4243 588 4247 .-
599 4244 615 4248 ...

289 4354 308 4415 ¹)
328 4350 438 4403 Difficile
457 4365 516 4402 vero
535 4354 574 4400 est
597 4350 628 4400 de
647 4350 684 4400 eis
710 4350 838 4400 secundae
863 4363 954 4400 manus
974 4348 1128 4400 lectionibus
1152 4347 1275 4410 iudicare,
1301 4362 1368 4414 quse
1386 4351 1431 4398 aut
1449 4346 1468 4400 S
1485 4351 1533 4399 aut
1549 4347 1572 4400 B

219 4441 360 4510 peculiares
387 4443 448 4491 suut
471 4442 517 4490 aut
540 4438 655 4488 alterutri
675 4453 732 4488 cum
758 4453 774 4487 a
798 4452 954 4488 communes.
991 4436 1055 4487 latet
1073 4435 1151 4496 enim,
1176 4440 1260 4486 utrum
1285 4435 1327 4486 bie
1345 4435 1512 4498 accesserint,
1537 4449 1571 4486 an

218 4529 273 4581 illic
297 4529 408 4579 omissae
431 4527 492 4578 sint.
539 4529 616 4591 atque
644 4525 786 4576 levidensis
810 4532 885 4587 sunt,
913 4541 978 4591 quae
1001 4539 1070 4575 uuus
1088 4522 1119 4574 S²
1141 4523 1255 4590 praebet.
1292 4527 1331 4574 tot
1353 4526 1439 4574 autem
1466 4525 1492 4575 et
1518 4527 1572 4574 tam

219 4617 371 4685 ingeniosae
398 4616 568 4675 coniecturae,
597 4628 662 4679 quae
682 4613 809 4665 secundae
833 4613 924 4665 Veneti
949 4612 968 4662 B
993 4612 1080 4663 manui
1104 4610 1237 4674 debentur,
1261 4639 1293 4646 -
1317 4611 1395 4662 etiam
1420 4609 1454 4661 ad
1478 4609 1572 4662 librum

220 4705 258 4756 De
276 4704 329 4756 sato
353 4704 381 4755 in
400 4717 453 4755 uno
473 4702 520 4753 boo
540 4701 628 4752 codiee
647 4701 769 4767 leguntur
788 4704 879 4751 notatu
899 4700 1066 4768 dignissimae
1090 4699 1203 4751 eiusdem
1227 4713 1318 4750 manus
1337 4697 1520 4751 adnotationes
1539 4727 1573 4735 -

220 4790 341 4845 videntur
359 4790 392 4842 ad
412 4790 489 4842 buius
508 4789 605 4840 codicis
624 4802 798 4854 possessorem
817 4787 899 4838 redire
918 4803 975 4838 rum
995 4786 1088 4838 alienis
1107 4802 1154 4837 sua
1172 4788 1279 4838 inventa
1297 4785 1475 4839 adnotantem.
1510 4786 1575 4838 brec

221 4881 309 4933 omnia
327 4878 466 4948 diligenter
484 4876 576 4943 collegi
596 4882 621 4928 ot
640 4876 667 4927 iu
687 4880 812 4943 apparatu
832 4876 962 4943 proposui,
