3540 5610
212 324 273 387 150
528 323 730 377 ALEXANDRI
754 323 798 376 DE
821 322 930 408 ANfflA
954 323 1047 377 LIBRI
1068 322 1241 377 MANTISSA

263 493 282 576 ἢ
309 499 361 577 γῆς
387 495 494 583 ἔχοντα
521 499 620 560 πλεῖον
646 493 743 559 οὐκέτι
774 495 825 579 μέν
853 495 913 559 ἐστι
940 497 1051 559 δίοπτα.
1096 496 1164 559 οῦδὲ
1189 496 1244 580 γὰρ
1272 497 1348 559 ούτω
1375 496 1511 579 διαφανῆ,

264 597 333 659 οὐδὲ
361 601 393 662 τό
418 589 482 684 φιδς
510 596 552 662 ἔτι
579 600 620 668 ὡς
645 602 754 683 χρῶμα
782 598 888 661 οἰκεῖον
916 603 1006 662 ταῦτα
1032 598 1158 683 δέχεται.
1203 598 1308 661 οἰκεῖον
1335 599 1368 661 δὲ
1389 596 1512 662 ἕκαστον
1544 652 1547 659 .

264 698 360 763 αὐτῶν
390 698 454 786 ἔχει
480 706 588 786 χρῶμα
617 703 665 765 καὶ
691 701 765 765 κατὰ
793 700 878 764 τοῦτό
905 700 981 764 ἐστιν
1004 699 1122 786 όρατόν,
1150 697 1278 763 καθόσον
1307 701 1355 764 καὶ
1382 705 1434 784 τῆς
1456 702 1515 764 δια·

264 804 382 886 φανείας
404 804 522 889 μετέχει
546 809 599 888 τῆς
626 802 816 886 ὑποκειμένης
844 806 902 871 τοῖς
923 807 1085 888 χρώμασιν.
1131 802 1204 867 κατὰ
1227 803 1279 886 μὲν
1305 803 1359 887 γὰρ
1386 804 1439 887 τὴν
1461 807 1514 886 τῆς

237 908 391 987 ογεόδοος
412 909 528 992 φύσεως
555 906 628 989 μῖξιν
656 905 808 989 ἐστέρηται
833 909 884 968 τοῦ
910 906 1011 969 δίοπτα
1039 905 1120 969 εἶναι.
1165 908 1266 990 πρώτη
1292 905 1347 988 γὰρ
1376 911 1433 968 τῶν
1456 927 1511 970 σω·
1524 924 1554 965 νο

268 1009 367 1090 μάτων
390 1007 534 1072 πέπονθεν
557 1013 651 1072 τοῦτο.
696 1007 765 1071 καθ’
793 1008 860 1071 ὅσον
887 1008 920 1071 δὲ
947 1008 1064 1094 μετέχει
1091 1014 1143 1093 τῆς
1166 1008 1347 1092 διαφανείας,
1374 1009 1447 1071 κατὰ
1469 1032 1514 1072 το-

267 1114 369 1174 σοῦτον
391 1111 439 1174 καὶ
461 1110 538 1173 οὕτω
560 1110 734 1195 κέχρωσται.
778 1110 815 1174 τὰ
837 1111 890 1190 μὲν
912 1110 966 1194 γὰρ
989 1113 1099 1193 μᾶλλον
1121 1113 1247 1196 διαφανῆ
1270 1112 1427 1195 φωτοειδὲς
1449 1109 1514 1196 ἔχει

266 1214 300 1276 τδ
322 1218 445 1299 χρῶμα,
467 1213 504 1276 τὰ
525 1213 557 1275 δὲ
580 1212 663 1295 ἐγγύς
684 1211 794 1282 τούτοις
816 1212 933 1284 λευκόν,
956 1214 1004 1275 καὶ
1026 1215 1072 1276 δεῖ
1092 1213 1126 1276 τὰ
1150 1217 1258 1297 μᾶλλον
1281 1214 1384 1297 όριιτδν
1406 1211 1514 1299 ἔχοντα

266 1319 375 1400 χρῶμα
397 1317 506 1399 μᾶλλον
528 1312 607 1400 ἔχειν
629 1316 677 1377 καὶ
699 1316 875 1399 διαφάνειαν.
920 1314 996 1378 ἔστιν
1019 1315 1052 1379 δὲ
1075 1319 1184 1398 μᾶλλον
1207 1318 1259 1400 μὲν
1283 1316 1373 1401 δρατὰ
1394 1315 1431 1380 τὰ
1452 1340 1514 1401 φω-

227 1433 253 1478 ιο
267 1419 362 1501 τοειδῆ
384 1419 431 1482 καὶ
454 1419 552 1492 λευκοί,
580 1418 720 1500 δευτέρως
743 1417 774 1479 δὲ
796 1417 832 1479 τὰ
855 1417 965 1485 τούτοις
988 1418 1157 1487 ἀκολούθως
1179 1419 1386 1502 παρακείμενα,
1408 1420 1515 1504 ἥκιστα

269 1521 301 1583 δὲ
322 1520 358 1583 τὰ
381 1518 500 1600 μέλανα.
543 1520 670 1603 αἰσθητὰ
694 1520 744 1603 μὲν
766 1521 827 1602 γοὶρΙ
842 1519 902 1582 ἐστι
925 1522 973 1583 καὶ
999 1525 1098 1595 ταῦτα,
1122 1521 1155 1584 οὐ
1179 1522 1236 1605 μὴν
1258 1521 1349 1604 δρατὰ
1371 1543 1515 1609 προηγρυ·

267 1622 374 1705 μένως·
404 1621 459 1705 [ὧν
482 1622 555 1684 κατὰ
577 1623 610 1685 τδ
634 1621 743 1705 μᾶλλόν
772 1645 804 1685 τε
825 1620 873 1684 καὶ
895 1621 980 1704 ἧττον
1009 1623 1140 1709 μετέχειν
1164 1625 1287 1707 διάφορα
1309 1624 1356 1686 καί
1379 1623 1415 1687 τὰ
1437 1629 1515 1710 χρώ·
1529 1641 1558 1684 ετ

269 1748 344 1808 ματα
369 1728 429 1792 τοῖς
451 1723 595 1808 σώμασιν]
624 1724 729 1788 οἰκεῖον
752 1725 785 1787 δὲ
806 1728 890 1786 τοῦτο
919 1728 955 1807 τῇ
980 1728 1030 1807 γῇ.
1072 1725 1135 1788 ἐπεὶ
1159 1726 1191 1789 δὲ
1213 1730 1269 1788 πᾶν
1292 1727 1428 1811 διαφανὲς
1450 1729 1516 1811 δρα·

269 1827 316 1890 τόν
339 1827 426 1902 ἐστιν,
449 1831 505 1889 πᾶν
528 1828 560 1890 δὲ
580 1828 684 1911 όρατδν
707 1828 808 1910 δρᾶται
830 1827 904 1890 κατὰ
925 1828 958 1890 τό
974 1827 1072 1910 πέρας,
1095 1833 1152 1891 πᾶν
1172 1829 1307 1913 διαφανὲς
1329 1829 1432 1912 όρατόν
1455 1829 1516 1894 ἐστι

229 1946 253 1990 15
267 1930 340 1993 κατὰ
362 1929 395 1992 τδ
417 1929 515 2012 πέρας.
560 1927 636 1991 ἀλλὰ
659 1929 715 2012 μὴν
737 1931 846 2013 χρῶμά
868 1929 959 2005 ἐστιν,
989 1930 1064 1993 καθδ
1088 1930 1190 2013 όρατόν
1213 1931 1300 2005 ἐστιν,
1327 1935 1435 2016 χρῶμα
1457 1931 1516 2016 ἄρα

268 2032 329 2096 ἐστὶ
353 2031 428 2095 καθδ
450 2032 482 2094 τὸ
505 2032 641 2116 διαφανὲς
662 2030 765 2114 όρατόν
781 2031 868 2107 ἐστιν,
890 2033 994 2118 όρατδν
1016 2030 1049 2095 δέ
1069 2032 1155 2105 ἐστιν,
1179 2036 1219 2102 ὡς
1241 2032 1363 2118 ἔφαμεν,
1386 2034 1461 2098 κατὰ
1483 2036 1516 2098 τδ

269 2134 359 2220 πέρας
387 2134 419 2196 τδ
443 2133 523 2198 ἴδιον.
568 2135 600 2196 τὸ
623 2132 679 2217 ἄρα
704 2136 814 2218 χρῶμά
841 2135 917 2197 ἐστιν
944 2140 994 2199 τοῦ
1022 2137 1178 2219 διαφανοῦς
1203 2136 1301 2221 πέρας.
1347 2135 1433 2220 μόνον
1461 2137 1516 2222 γὰρ

268 2238 371 2323 όρατδν
394 2235 457 2301 κατ’
485 2237 626 2321 ἐνέργειαν
649 2239 742 2299 τοῦτο.

384 2477 459 2543 Τῶν
487 2477 579 2562 παρὰ
603 2474 872 2562 Ἀριστοτέλους
898 2481 978 2563 περὶ
1004 2484 1064 2544 τοῦ
1091 2483 1229 2566 πρώτου
1256 2481 1399 2544 οἰκείου.

228 2668 256 2711 νο
349 2649 467 2735 Ἐπειδή
491 2650 553 2714 ἐστι’
574 2674 600 2713 τι
616 2649 732 2735 δρεκτδν
755 2650 803 2713 καί
819 2648 975 2735 ὀρεκτικόν,
998 2648 1059 2714 ἔστι
1079 2651 1111 2713 δὲ
1133 2652 1182 2714 καὶ
1198 2649 1322 2738 ἔσχατόν
1345 2676 1371 2715 τι
1386 2650 1517 2735 όρεκτόν,
1530 2667 1559 2710 ευ

252 2758 310 2839 ,ὡς
333 2780 352 2838 η
375 2753 555 2836 εὐδαιμονία,
586 2753 620 2815 τδ
642 2752 675 2815 δὲ
697 2750 821 2837 ἔσχατον
847 2755 963 2837 πρώτου
991 2752 1065 2823 τινός
1097 2754 1172 2817 ἐστιν
1195 2752 1333 2840 ἔσχατον,
1364 2755 1411 2837 εἴη
1434 2754 1519 2818 ἄντι

270 2857 318 2920 καί
340 2863 454 2939 πρῶτον
470 2853 596 2940 όρεκτόν.
632 2856 755 2939 καὶγὰρ
778 2856 807 2918 ἐν
831 2851 856 2939 ᾦ
880 2853 1005 2939 ἔσχατόν
1027 2857 1055 2918 τί
1076 2857 1151 2921 ἐστιν
1174 2855 1233 2921 ὄντι
1256 2862 1382 2943 συνεχεῖ,
1406 2858 1518 2942 ἀνάγκη

270 2961 300 3023 ἐν
323 2959 417 3044 τούτῳ
439 2957 511 3021 εἰναι
533 2959 581 3021 καὶ
601 2959 654 3041 τὴν
677 2958 787 3042 ἀρχήν,
809 2955 862 3041 ἀφ’
890 2957 927 3040 ἧς
948 2958 968 3040 ἡ
991 2957 1114 3041 πρόοδος
1135 2959 1182 3023 διδ
1204 2964 1261 3022 τῶν
1285 2960 1390 3043 μεταξύ
1413 2960 1461 3023 ἐπὶ
1483 2961 1517 3023 τδ

269 3061 353 3131 τέλος
373 3063 421 3125 καὶ
442 3062 475 3124 τδ
498 3059 621 3146 ἔσχατον
643 3060 759 3143 γίνεται,
782 3061 867 3135 ὥστε,
890 3059 916 3121 εἰ
931 3056 1007 3123 ἔστιν
1030 3058 1155 3146 ἔσχατόν
1178 3085 1204 3125 τι
1226 3062 1355 3148 ὀρεκτόν,
1376 3064 1452 3128 ἐστίν
1475 3086 1517 3133 τις

230 3180 257 3225 ευ
271 3165 373 3229 τούτου
393 3149 486 3248 οἰρχή,
509 3163 525 3226 δ
548 3164 596 3227 καὶ
617 3168 731 3248 πρῶτον
753 3161 858 3225 οἰκεῖον
880 3165 1025 3225 καλοῦσιν.
1058 3168 1143 3227 τοῦτο
1166 3164 1202 3247 δὴ
1226 3165 1259 3227 τδ
1281 3169 1396 3249 πρῶτον
1411 3164 1518 3228 οἰκεῖον

272 3268 434 3352 ἐζήτηται,
451 3265 479 3328 τί
499 3264 569 3327 ποτέ
591 3264 661 3339 ἐστι,
684 3265 762 3349 παρὰ
783 3268 841 3333 τοῖς
863 3264 1042 3349 φιλοσόφοις,
1065 3267 1113 3329 καὶ
1135 3265 1169 3329 ού
1191 3266 1280 3330 ταύτδ
1303 3271 1389 3330 πᾶσιν
1412 3264 1519 3348 ἔδοξεν,
1532 3282 1560 3325 τι

272 3368 348 3434 ἀλλὰ
370 3368 474 3452 σχεδδν
497 3366 571 3430 κατὰ
592 3367 643 3449 τὴν
664 3370 714 3429 τοῦ
729 3365 857 3451 ἐσχάτου
880 3366 999 3451 δρεκτοῦ
1022 3369 1161 3453 διαφορὰν
1183 3369 1232 3431 καί
1254 3370 1354 3452 ἡπερὶ
1377 3373 1426 3432 τοῦ
1444 3374 1521 3454 πρώ-

272 3495 324 3534 του
347 3474 406 3538 τοῖς
429 3471 493 3553 περὶ
516 3468 605 3532 αὐτοῦ
632 3468 761 3551 λέγουσιν
783 3469 897 3550 γίνεται.
942 3471 969 3532 οἱ
993 3471 1043 3552 μὲν
1070 3468 1119 3533 οῦν
1143 3469 1266 3534 Στωϊκοὶ
1294 3471 1327 3535 ού
1351 3474 1454 3543 πάντες
1475 3472 1520 3548 δέ,

273 3573 402 3656 λέγουσιν
429 3576 543 3656 πρῶτον
570 3572 676 3635 οἰκεῖον
702 3570 774 3634 εἶναι
806 3572 838 3634 τδ
866 3575 942 3656 ζῷον
970 3574 1052 3658 αὑτιγῦ
1081 3573 1217 3654 (ἕκαστον
1245 3572 1299 3658 γὰρ
1328 3578 1404 3660 ζῷον
1431 3575 1521 3645 εδθδς

232 3677 423 3760 ,νυγενόμενον
446 3672 517 3759 πρός
538 3696 570 3736 τε
591 3674 662 3737 αύτδ
685 3673 877 3748 οἰκειοῦσθαι,
899 3676 947 3737 καί
969 3676 1004 3759 δὴ
1028 3676 1074 3738 καὶ
1097 3676 1145 3739 τὸν
1168 3674 1336 3760 ἄνθρωπον·
1364 3674 1392 3740 οί
1414 3677 1447 3740 δὲ
1468 3701 1521 3762 χα-

274 3779 417 3863 ριέστερον
440 3778 593 3844 δοκοῦντες
615 3776 708 3858 λέγειν
730 3775 827 3839 αὐτῶν
851 3778 898 3861 καί
922 3780 1030 3860 μᾶλλον
1058 3780 1213 3862 διαρθροῦν
1240 3779 1305 3863 περὶ
1328 3779 1412 3842 τοῦδέ
1434 3801 1522 3865 φασιν

273 3881 344 3965 πρὸς
371 3882 422 3963 τὴν
449 3880 583 3945 σύστασιν
610 3880 658 3942 καί
690 3880 810 3964 τήρησιν
837 3875 1008 3965 ᾠκειῶσθαι
1040 3879 1128 3948 εἰνθύς
1153 3879 1324 3962 γενομένους
1357 3883 1436 3964 ἡμᾶς
1468 3884 1522 3967 τὴν
1535 3898 1563 3942 4ο

273 3985 358 4067 ἡμῶν
375 3982 495 4067 αὐτῶν),
518 3987 577 4052 τοῖς
600 3983 632 4046 δὲ
647 3983 712 4066 περὶ
731 3979 898 4065 Ἐπίκουρον
922 3983 1012 4064 ἡδονὴ
1036 3982 1068 4045 τδ
1084 3986 1196 4066 πρῶτον
1212 3983 1318 4046 οἰκεῖον
1338 3981 1433 4052 ἔδοξεν
1448 3984 1523 4049 εἶναι

242 4110 248 4120 ·
274 4087 385 4160 ἁπλῶς,
407 4083 564 4169 προϊόντων
591 4085 623 4148 δὲ
645 4084 853 4168 διαρθροῦσθαι
876 4085 981 4167 ταύτην
1010 4086 1060 4167 τὴν
1083 4087 1190 4169 ἡδονήν
1213 4106 1312 4169 φασιν,
1339 4090 1399 4154 τοῖς
1421 4086 1522 4174 δὲοίο·

234 4205 261 4249 35
274 4190 398 4274 χλησία,
424 4189 523 4273 ὥσπερ
551 4192 610 4257 τοῖς
638 4185 827 4270 Μεγαρικοῖς,
854 4190 914 4257 τοῖς
943 4187 976 4250 δὲ
1000 4186 1227 4271 Ἀκαδημαϊκοῖς
1255 4188 1273 4269 ἡ
1303 4187 1522 4271 οἱπροσπτωσία.

226 4483 235 4533 l
257 4480 377 4551 διαφανῆ]
396 4498 412 4532 α
430 4484 492 4534 ante
509 4497 523 4530 ν
541 4481 569 4532 in
589 4479 663 4531 lit.v
768 4479 784 4531 6
803 4477 937 4548 πέπονθεν]
956 4478 989 4531 οἰ.
1008 4480 1050 4531 καί
1069 4478 1165 4547 μᾶλλόν
1183 4496 1212 4555 γε
1229 4477 1258 4531 τύ
1276 4478 1340 4538 εἶδος
1357 4485 1432 4533 τοῦτο
1451 4485 1497 4552 τῆς
1516 4480 1578 4553 ύλης

222 4565 345 4621 πέπονθεν
362 4567 421 4631 4,21
530 4565 671 4636 θμᾶλλον]
690 4565 741 4635 μᾶλ
760 4567 787 4618 in
806 4567 881 4618 lit2v
987 4566 1039 4639 ἔχεί
1058 4569 1137 4619 sicV
1247 4565 1348 4619 12-13
1371 4567 1408 4619 ὧν
1426 4568 1578 4623 κατὰ-στίν·

217 4636 309 4725 φασιν]
327 4655 471 4708 insiticium
489 4655 591 4708 videtur
690 4654 721 4706 13
739 4653 770 4724 δὴ
788 4658 863 4706 τοῦτο
883 4655 922 4706 Ka
1018 4655 1046 4706 19
1066 4655 1172 4713 οἰκείους
1187 4655 1230 4737 'Ka
1325 4653 1358 4705 ‘20
1377 4655 1429 4708 ἐπεὶ
1447 4655 1474 4708 δί
1493 4657 1546 4710 ἐστι
1562 4650 1579 4711 δ

223 4741 319 4795 ἔστιδὲ
337 4756 422 4795 υιιι.υ
515 4739 546 4792 21
566 4740 753 4814 πρίοτωςυ·
802 4741 835 4792 24
854 4739 956 4810 γίνεται]
976 4759 1002 4793 αι
1020 4743 1049 4794 in
1066 4742 1141 4795 lit.v
1235 4742 1360 4794 εἰσόκε
1452 4743 1485 4796 27
1505 4744 1579 4815 ἰσχά·

223 4829 308 4882 τοῦθ
419 4827 452 4879 29
480 4826 584 4898 αδςιγῐα
694 4830 729 4882 30
755 4827 917 4898 γινόμενονε
1021 4827 1083 4881 αύτδ
1102 4830 1208 4896 scripsi:
1228 4829 1289 4881 αὐτὸ
1309 4830 1344 4881 V:
1363 4828 1439 4882 αύτδν
1457 4847 1499 4884 ε·

224 4917 257 4971 31
277 4914 484 4990 διαρθροῦντιςε
589 4915 622 4969 32
642 4915 787 4970 ὡκειῶσθαι
808 4918 845 4968 Va
952 4914 986 4968 33
1005 4915 1112 4985 ύμῶνο
1165 4910 1171 4923 ’
1217 4916 1251 4969 34
1270 4932 1343 4985 φασιν
1361 4917 1389 4969 in
1407 4917 1483 4971 MV
