3548 5604
650 279 779 337 HOiKiiN
801 279 1065 337 ΠΡΟΒΛΗΜΑΊὨΝ
1086 284 1134 336 ΑΙ
1512 286 1573 349 119

272 457 325 534 κῆς
346 457 397 515 τοῦ
420 455 510 537 πρίειν
534 458 645 526 καλῶς,
674 455 718 517 διδ
741 454 790 516 καί
812 456 924 536 αἱρετδν
951 460 987 537 τῇ
1013 456 1064 539 μέν
1088 456 1120 518 τὸ
1147 459 1227 518 πλεῖν
1249 460 1286 539 τῇ
1310 455 1343 518 δέ
1363 457 1396 519 τὸ
1419 457 1520 539 πρίειν,

273 555 317 617 ότι
339 557 432 640 χωρὶς
455 557 564 620 τούτων
587 556 643 641 οὐχ
666 555 726 618 οίόν
750 579 781 618 τε
803 556 918 625 ταύταις
939 561 989 619 τοῦ
1006 558 1195 641 προκειμένου
1218 557 1317 625 τέλους
1338 564 1447 643 τυχεῖν.
1486 557 1520 620 οδ
1547 574 1561 617 σ

273 656 328 740 γὰρ
352 657 409 719 ἀπὸ
433 663 490 720 τῶν
515 656 551 721 δι’
580 658 741 742 ἀποτυχίαν
765 659 840 728 τινδς
862 658 1018 741 γινομένων
1046 658 1076 722 ἔν
1099 683 1151 721 τινι
1174 661 1192 741 ἡ
1217 661 1306 742 κρίσις
1329 665 1386 723 τῶν
1409 661 1520 723 ὑποκει-

272 759 376 838 μένων,
400 759 474 821 ἀλλά
498 760 555 822 ἀπδ
582 765 640 822 τῶν
664 761 704 821 ὧν
727 761 812 844 χάριν
840 758 916 824 ἔστιν
942 785 973 823 τε
1001 763 1049 823 καί
1070 761 1176 842 γίνεται
1197 762 1434 846 προηγουμένως.
1480 766 1520 830 ὡς

236 859 298 927 si‘
319 861 367 924 ἐπὶ
388 867 446 923 τῶν
468 862 541 925 κατὰ
564 861 615 930 τάς
635 861 738 946 τέχνας
760 863 916 945 γινομένων
932 862 1006 946 ἔχει,
1028 864 1105 926 οὕτω
1129 864 1177 926 καὶ
1192 865 1240 926 ἐπὶ
1255 870 1313 926 τῶν
1336 865 1409 927 κατά
1424 865 1518 948 φύσιν.
1533 881 1561 923 ιο

272 964 319 1026 καὶ
341 962 395 1046 γὰρ
423 962 469 1025 ἐπ’
499 964 616 1026 ἐκείνων
643 968 752 1033 σκοπός
777 969 815 1048 ιη’
838 965 922 1048 φύσει
944 966 976 1027 τδ
1000 965 1121 1048 βέλτιον,
1147 972 1205 1028 τῶν
1229 967 1395 1049 δυναμένων
1418 966 1519 1050 ἀμφω,

269 1065 317 1126 καὶ
340 1066 444 1128 τούτου
467 1067 553 1149 χάριν
576 1068 594 1147 ἡ
619 1067 704 1150 φύσις
730 1067 845 1130 δίδωσιν
868 1067 948 1131 αύτύ.
994 1067 1050 1130 ὅσα
1071 1066 1126 1151 γὰρ
1150 1069 1190 1151 μὴ
1214 1068 1275 1132 οίόν
1297 1093 1327 1132 τε
1349 1069 1438 1138 εὐθὺς
1462 1070 1518 1132 ὑπὸ

268 1172 321 1249 τῆς
343 1167 460 1249 φύσεως
482 1169 617 1250 γινόμενα
639 1170 691 1251 τὴν
715 1168 820 1232 οἰκείαν
843 1166 922 1252 ἔχειν
945 1168 1121 1251 τελειότητα,
1144 1168 1254 1237 τούτοις
1276 1170 1395 1253 ἡφύσις
1418 1172 1520 1233 δίδωσι
1534 1186 1560 1228 ιο

269 1269 387 1352 δύναμιν
411 1274 462 1332 τοῦ
485 1271 605 1339 τελείοις
626 1269 775 1350 γενέσθαι,
799 1271 937 1334 ἀδύνατον
960 1271 992 1333 δέ
1015 1294 1040 1332 τι
1063 1271 1182 1352 δύναμιν
1206 1268 1284 1354 ἔχειν
1308 1273 1383 1340 τινδς
1406 1273 1446 1355 μὴ
1471 1273 1518 1335 καί

218 1393 248 1439 ιο
266 1374 298 1435 τὸ
326 1373 518 1455 ἀντικείμενον
545 1372 627 1456 αύτῷ
655 1373 827 1453 δυνάμενον·
862 1373 952 1454 ταύτῃ
980 1373 1033 1456 γὰρ
1062 1375 1180 1454 δύναμις
1207 1373 1350 1455 ἐνεργείας
1377 1374 1516 1459 διαφέρει.

267 1475 311 1539 διό
334 1475 404 1538 εἰσιν
428 1475 479 1557 μέν
502 1476 532 1537 αί
555 1475 691 1554 δυνάμεις
713 1474 939 1558 προηγουμένως
961 1480 1018 1537 τῶν
1043 1473 1210 1561 βελτιόνων,
1241 1474 1341 1537 ἕπεται
1363 1472 1389 1538 δ’
1417 1476 1517 1543 αὐταῖς
1531 1492 1559 1534 ευ

265 1577 295 1647 ἐξ
318 1579 444 1660 ἀνάγκης
471 1579 504 1640 τὸ
531 1577 580 1640 καί
606 1581 663 1638 τῶν
691 1576 895 1658 ἀντικειμένων
922 1576 995 1639 εἰναι
1021 1577 1140 1644 τούτοις.
1186 1579 1212 1638 εἰ
1234 1578 1270 1660 δὴ
1299 1602 1318 1660 η
1341 1579 1431 1661 κρίσις
1453 1579 1518 1640 έκά·

171 1741 182 1765 γ
266 1700 335 1743 στου
362 1681 420 1742 ἀπὸ
449 1684 507 1741 τῶν
534 1676 760 1762 προηγουμένων
789 1679 836 1740 καί
864 1679 905 1740 ὧν
933 1679 1009 1742 ἐστιν
1038 1678 1087 1760 (ού
1113 1678 1169 1760 γάρ
1197 1683 1248 1741 τοῦ
1282 1680 1322 1762 μὴ
1351 1684 1516 1763 περιπατεῖν

264 1784 349 1866 χάριν
372 1806 391 1865 η
414 1782 532 1864 δύναμις
559 1783 579 1863 ἡ
602 1782 828 1864 περιπατητικὴ,
860 1780 885 1842 εἰ
912 1782 961 1842 καὶ
983 1781 1090 1862 γίνεταί
1115 1803 1184 1842 ποτε
1211 1780 1241 1842 ἐν
1263 1787 1306 1866 τῷ
1330 1786 1414 1845 τοῦτο
1437 1785 1517 1845 δυνα·
1531 1798 1558 1839 κο

213 1906 243 1953 15
264 1885 343 1970 μένῳ
367 1886 414 1948 καὶ
436 1884 607 1968 ἡστέρησις
629 1883 728 1957 αὐτοῦ,
751 1884 799 1945 καὶ
822 1883 847 1944 εἰ
871 1882 923 1963 μέν
943 1882 1056 1964 αἱρετὸν
1078 1881 1124 1966 εἴη
1147 1883 1180 1945 τδ
1204 1890 1380 1965 περιπατεῖν,
1403 1887 1516 1970 αίρετδν

263 1992 301 2071 ιγγ
326 1989 430 2050 ἑαυτοῦ
453 1987 538 2070 φύσει
565 1986 614 2049 καὶ
641 1986 674 2048 τδ
697 1986 837 2048 δύνασθαι
863 1991 1045 2069 περιπατεῖν,
1073 1986 1099 2047 εἰ
1123 1984 1127 2070 ἰ
1151 1989 1199 2050 καί
1226 1988 1258 2050 τδ
1282 1987 1424 2050 δύνασθαι
1446 1990 1569 2051 κα1228

264 2093 304 2174 μὴ
326 2096 491 2174 περιπατεῖν
507 2089 583 2174 ἔχει·
608 2090 634 2151 εἰ
657 2088 689 2151 δέ
705 2089 798 2151 ἐκεῖνο
822 2090 861 2170 μὴ
883 2086 1006 2172 αἱρετόν,
1029 2087 1098 2151 οὐδὲ
1117 2090 1150 2152 τδ
1167 2089 1323 2171 δύνασθαι)
1344 2090 1393 2152 καί
1415 2090 1448 2152 τδ
1465 2092 1517 2173 ζῆν

263 2194 300 2276 δη
323 2192 392 2278 ἔχον
416 2193 534 2273 δύναμιν
563 2193 593 2254 ἐν
616 2191 696 2277 αύτῷ
725 2195 775 2253 τοῦ
798 2214 829 2252 τε
850 2188 883 2253 εύ
911 2196 963 2274 ζῆν
987 2191 1034 2253 καί
1061 2195 1111 2254 τοῦ
1139 2196 1237 2260 κακῶς
1264 2192 1415 2274 δεδομένον
1438 2190 1517 2275 παρὰ

264 2301 317 2379 τῆς
338 2296 455 2378 φύσεως
477 2297 547 2378 ἡμῖν
570 2299 620 2357 τοῦ
643 2292 676 2356 εὖ
700 2297 751 2378 ζῆν
775 2295 860 2378 χάριν
888 2292 937 2375 (ού
959 2293 1013 2377 γάρ
1036 2292 1071 2377 ἦν
1094 2293 1155 2356 οίόν
1178 2317 1210 2356 τε
1236 2294 1326 2362 εδθδς
1347 2294 1515 2376 γενομένους
1542 2311 1556 2351 ο

209 2418 242 2464 20
261 2396 340 2483 ἔχειν
363 2399 396 2461 τδ
419 2395 452 2460 εὖ
476 2402 541 2480 ζῆν·
575 2397 659 2460 οὐδὲν
681 2396 735 2481 γὰρ
764 2396 794 2458 ἐν
817 2396 916 2458 ἀτελεῖ
940 2395 1063 2470 τέλειον,
1092 2399 1149 2458 πᾶν
1177 2397 1210 2458 δὲ
1235 2397 1335 2464 ἀτελὲς
1362 2396 1450 2466 εὐθὺς
1472 2401 1515 2481 τῷ

261 2501 424 2582 γενέσθαι),
452 2498 499 2583 εἴη
524 2497 558 2562 ἀν
580 2500 693 2582 αίρετδν
720 2502 771 2561 τοῦ
794 2498 910 2580 ἀρίστου
933 2500 1020 2582 χάριν
1046 2504 1105 2561 τῶν
1133 2499 1163 2561 ἐν
1184 2500 1254 2582 ἡμῖν
1276 2498 1412 2581 γενέσθαι
1435 2500 1515 2561 δυνα-

263 2603 357 2684 μένων
382 2601 574 2686 [δεδομένον].
619 2602 734 2686 ἄριστον
763 2602 815 2681 μὲν
837 2601 891 2685 γάρ
915 2604 963 2663 καὶ
985 2601 1066 2670 τέλος
1087 2602 1120 2664 τδ
1142 2599 1175 2664 εὖ
1199 2606 1261 2684 ζῆν,
1293 2605 1377 2664 τοῦτο
1404 2600 1430 2664 δ’
1458 2601 1516 2688 οόχ
1529 2618 1557 2660 ιο

263 2704 323 2767 οίόν
345 2727 377 2767 τε
399 2706 490 2789 χωρὶς
518 2709 568 2766 τοῦ
593 2708 645 2787 ζῆν
665 2703 811 2786 γενέσθαι.
857 2708 921 2772 πῶς
941 2703 996 2786 γάρ
1019 2703 1073 2767 ούκ
1101 2705 1285 2788 άπεμφαῖνον
1307 2706 1340 2768 τδ
1363 2705 1439 2785 δμού
1461 2704 1515 2787 μέν

261 2806 353 2889 λέγειν
376 2809 455 2889 ἡμᾶς
478 2808 535 2869 ύπδ
557 2812 610 2888 τῆς
632 2806 748 2889 φύσεως
774 2806 845 2888 πρὸς
870 2809 954 2869 τοῦτο
977 2806 1145 2869 υἰκειιῖισθαι
1173 2808 1221 2870 καί
1249 2812 1301 2889 τῆς
1324 2808 1437 2870 ἑαυτῶν
1460 2828 1515 2870 σω·

208 2928 240 2976 25
261 2911 357 2993 τηρίας
379 2912 464 2994 χάριν
488 2915 577 2972 ποιεῖν
600 2910 704 2984 πάντα,
728 2909 801 2990 όμού
825 2908 857 2970 δέ
880 2909 921 2991 μὴ
945 2907 1038 2990 λέγειν
1062 2907 1168 2993 [ἡμᾶς]
1193 2913 1233 2978 ιὐς
1255 2910 1326 2994 πρὸς
1347 2910 1381 2972 τδ
1403 2909 1515 2991 ἀγαθδν

264 3011 334 3075 αδτδ
358 3014 410 3095 τὴν
433 3012 518 3095 φύσιν
541 3013 620 3093 ἡμᾶς
635 3011 773 3090 οἰκειοῦν,
797 3008 841 3072 δτι
856 3009 911 3094 γάρ
934 3014 975 3078 ὡς
998 3012 1069 3094 πρός
1090 3013 1123 3073 τδ
1146 3012 1256 3093 ἀγαθὸν
1279 3014 1312 3075 τδ
1330 3017 1381 3096 ζῆν
1405 3010 1514 3097 ᾠκειύ·
1529 3027 1555 3069 1⁵

262 3115 354 3196 μεθα,
382 3115 469 3197 δῆλον
493 3115 541 3176 καὶ
564 3113 597 3175 ἐκ
623 3117 674 3175 τοῦ
701 3114 769 3196 περί
793 3135 825 3175 τε
851 3113 884 3175 τδ
911 3114 1016 3180 παῖδας
1037 3113 1218 3196 ποιήσασθαι
1245 3116 1356 3197 πολλὴν
1383 3115 1513 3196 σπουδὴν

261 3216 448 3300 εἰσφέρεσθαι
471 3220 511 3285 ίος
527 3215 683 3296 ἐσομένους
705 3217 810 3298 τρόπον
830 3214 892 3277 τινά
915 3213 951 3278 δι’
973 3215 1101 3290 ἐκείνων,
1124 3215 1199 3277 ἀλλά
1221 3218 1269 3278 καὶ
1285 3215 1332 3278 διὰ
1353 3221 1404 3278 τοῦ
1420 3218 1513 3279 πάντα

260 3319 279 3381 ἀ
302 3318 476 3405 φοβούμεθα
498 3318 653 3403 φοβεῖσθαι
677 3315 827 3399 μειζόνως,
850 3317 921 3380 διότι
938 3317 1129 3381 ὑποπτεύεται
1152 3320 1200 3381 καί
1216 3318 1344 3380 θανάτου
1360 3317 1436 3381 αἴτια
1452 3317 1512 3383 ἔσε-
1525 3335 1554 3376 ευ

207 3441 241 3488 30
260 3425 339 3488 σθαι.
384 3421 428 3485 δτι
454 3419 480 3483 δ’
510 3422 567 3484 ἀπδ
594 3425 646 3503 τῆς
672 3421 744 3503 πρὸς
770 3421 806 3483 τά
834 3421 937 3504 βελτίω
966 3421 1117 3503 δυνάμεως
1143 3422 1162 3503 ἡ
1191 3420 1280 3504 κρίσις
1307 3427 1365 3485 τῖον
1394 3422 1510 3502 μεταξύ,

259 3527 347 3608 δῆλόν
378 3525 454 3587 ἐστιν
486 3525 534 3586 καί
565 3523 599 3585 ἐκ
628 3526 678 3585 τοῦ
704 3522 753 3584 τδν
784 3521 939 3605 ἄνθρωπον
970 3522 1176 3603 ὁμολογεῖσθαι
1208 3527 1266 3585 τῶν
1298 3522 1394 3585 ἀλλων
1425 3521 1511 3610 ζῴων

259 3626 376 3709 ἄμεινον
400 3631 476 3711 ζιγῖον
500 3625 582 3699 εἶναι,
605 3629 689 3688 τοῦτο
712 3624 754 3698 δέ,
777 3623 849 3687 διότι
871 3629 929 3686 τῶν
945 3623 1041 3687 ἀλλων
1058 3623 1140 3687 ούδέν
1163 3625 1269 3708 ἀρετῆς
1284 3627 1423 3690 δεκτικόν.
1458 3634 1511 3712 τῷ,
1525 3643 1552 3686 ει

259 3729 293 3792 ού
321 3731 397 3794 ἐστιν
424 3730 573 3813 ἀμείνονος
601 3727 746 3808 δεκτικόν,
774 3731 859 3790 τοῦτο
885 3732 944 3789 τῶν
971 3727 1002 3789 ἐν
1028 3733 1088 3795 τοῖς
1114 3726 1213 3796 ἀλλοις
1241 3727 1328 3813 ζῴοις
1353 3730 1510 3813 γινομένων

259 3834 380 3917 αἱρετῶν
401 3832 518 3915 ἄμεινον
541 3831 623 3907 εἶναι,
648 3832 651 3916 ἰ
677 3831 771 3916 τούτῳ
795 3831 914 3916 βελτίων
938 3829 1137 3914 δάνθρωπος,
1160 3831 1234 3907 ἐπεί,
1257 3830 1288 3894 εί
1304 3855 1338 3914 γε
1360 3836 1408 3896 καί
1430 3835 1489 3897 ἀπδ
1511 3841 1563 3897 229

206 3955 238 4004 35
257 3942 316 4001 τῶν
339 3935 480 4019 χειρόνων
503 3937 522 4018 ἡ
545 3935 636 4019 κρίσις
662 3935 770 4017 ἐγίνετο
793 3938 850 3995 τῶν
874 3932 994 4014 μεταξύ,
1021 3932 1105 3996 οὐδὲν
1128 3932 1255 3997 ἐκώλυεν
1283 3935 1331 3997 τὸν
1354 3933 1509 4019 ἄνθρωπον

258 4040 277 4122 ἡ
305 4041 438 4102 κάκιστον
466 4043 524 4100 τῶν
552 4036 637 4122 ζῴων
664 4037 772 4119 λέγειν,
800 4042 851 4100 τοῦ
874 4037 1009 4100 κακίστου
1036 4040 1093 4098 τῶν
1122 4033 1211 4099 ὄντων
1239 4041 1291 4119 τῆς
1317 4038 1418 4106 κακίας
1441 4036 1509 4102 ὄντα

258 4139 401 4217 δεκτικόν,
425 4140 443 4222 ἣ
468 4140 592 4223 μηδενδς
614 4146 671 4203 τῶν
694 4138 792 4202 ἀλλων
816 4136 903 4224 ζῴων
926 4138 1000 4203 εἶναι
1021 4137 1107 4201 αδτδν
1131 4139 1276 4223 βελτίονα,
1299 4139 1363 4202 ἐπεὶ
1386 4140 1416 4202 ἐν
1438 4146 1509 4205 πᾶσι
1536 4161 1550 4202 ε

206 4387 217 4437 1
242 4387 301 4457 τῇδε
319 4391 344 4437 V
433 4386 611 4454 θδυναμίνων
631 4387 709 4439 Vict.:
735 4385 866 4454 δυνάμεων
885 4384 945 4437 libri
1044 4383 1155 4456 8ἔχειν]
1174 4404 1187 4435 ν
1208 4401 1228 4438 s.
1242 4402 1266 4437 ν.
1286 4389 1309 4436 V
1408 4386 1560 4458 9δύνίαἰνα·

204 4493 244 4542 μιν
263 4479 286 4526 V
376 4471 400 4526 δ’
421 4474 491 4526 έτιιι
589 4475 621 4527 13
639 4474 704 4526 ἰστιν
723 4475 818 4543 (χάριν)
837 4473 892 4525 sive
911 4472 975 4524 ἐστιν
995 4472 1091 4535 (ἕνεκα)
1110 4474 1176 4524 coni.
1196 4475 1240 4539 Sp.
1333 4473 1363 4526 15
1388 4473 1491 4526 αδτιῖιιι

203 4563 247 4614 ait.
265 4563 308 4614 καί
327 4577 376 4614 om.
396 4580 412 4612 a
430 4564 473 4628 Sp.
567 4562 597 4614 18
625 4561 695 4628 αύτῷ
715 4565 738 4612 V
829 4559 903 4629 εδζην
922 4564 945 4610 V
1039 4559 1068 4610 19
1087 4559 1226 4627 γενομένοις
1245 4562 1289 4626 Sp.
1380 4561 1413 4612 20
1437 4562 1475 4628 τιγῖ
1494 4565 1560 4614 VBS

204 4647 302 4702 vicii:
326 4649 355 4700 τὸ
373 4653 423 4702 Fa:
452 4654 496 4701 τοῦ
515 4652 559 4717 Sp.
666 4649 699 4701 22
727 4647 859 4716 δεδομένον
878 4647 1067 4714 circumscripsi
1170 4647 1203 4698 25
1231 4647 1298 4716 ἡμᾶς
1316 4647 1506 4714 circumscripsi

202 4736 231 4789 τὸ
255 4751 304 4787 om.
329 4755 344 4787 ιι
366 4739 410 4804 8ρ.
501 4737 534 4789 26
562 4738 629 4806 ἡμᾶς
651 4736 700 4790 dci.
723 4738 768 4803 Sp.
858 4735 900 4786 26.
919 4733 952 4785 27
972 4730 1125 4802 οἰκιιώμεθα
1144 4752 1160 4784 ιι
1178 4736 1222 4800 Sp.
1311 4733 1344 4784 27
1363 4752 1390 4785 τε
1410 4734 1459 4786 dci.
1479 4738 1524 4802 Sp.

203 4859 237 4912 28
255 4842 380 4925 ἐκείνων,
400 4856 464 4909 ἀλλὰ
478 4860 515 4910 sic
526 4862 549 4909 V
622 4856 655 4907 ‘29
674 4854 747 4926 διότι]
763 4855 803 4908 ότι
813 4855 942 4908 Schwartz
1014 4856 1055 4907 3⁶2.
1068 4855 1100 4907 33
1119 4857 1158 4925 τιγῖ
1171 4853 1214 4905 οὖν
1229 4852 1344 4921 ούεὸρ.
1416 4854 1448 4906 37
1469 4855 1485 4924 η
1504 4874 1520 4905 ιι
