3548 5604
669 323 809 381 ΒΙΒΛΙΟΝ
829 324 957 381 ΊῬΙΤΟΝ
983 327 1013 379 14
1456 326 1513 387 111

214 502 262 564 καί
284 502 303 584 ἡ
327 500 412 586 πέψις
438 504 610 587 πλεοναχῶς
636 502 683 564 καὶ
711 503 729 585 ἡ
753 500 875 577 ἀπεψία,
906 502 969 584 περὶ
996 500 1104 564 τούτων
1127 501 1216 562 εἰπεῖν
1243 497 1369 579 εὐλόγως
1397 512 1503 581 ipo-1⁵

216 603 317 678 έθετο,
346 607 393 667 καὶ
415 609 529 688 πρῶτον
558 605 609 686 μὲν
636 603 726 686 λέγει,
753 604 800 667 διὰ
828 603 910 666 τίνων
937 605 969 666 τδ
998 603 1105 688 θερμδν
1132 603 1183 671 τὰς
1205 601 1267 666 κατ’
1295 601 1365 664 αὑτὸ
1387 622 1458 681 γινο-

214 705 302 787 μένας
323 707 353 769 έν
376 711 420 791 τῷ
444 704 626 791 ὑποκειμένῳ
649 709 770 769 ποιεῖται
794 707 969 789 μεταβολάς,
996 707 1045 767 καί
1065 726 1151 790 φησιν
1174 705 1279 768 οἰκεῖον
1304 705 1355 788 μὲν
1378 701 1460 787 ἔργον

214 807 286 871 εἰναι
311 814 355 894 τῷ
383 810 486 894 θερμῷ
514 811 566 893 τὴν
593 807 691 892 πέψιν,
723 807 794 871 είναι
822 808 853 870 δὲ
881 814 932 892 τῆς
959 808 1075 891 πέψεως
1101 807 1164 890 είδη
1192 831 1224 870 τε
1250 809 1297 870 καὶ
1320 805 1460 891 διαφορὰς
1474 821 1502 864 ευ

178 911 351 979 επέπανσιν
375 910 494 995 ὄπτησιν
522 911 638 997 ἕψησιν,
668 916 719 994 τῆς
745 911 777 973 δὲ
804 910 988 995 ψυχρότητος
1014 912 1118 973 οἰκεῖον
1146 907 1227 994 ἔργον
1254 911 1306 992 μὲν
1334 908 1459 992 ἀπεψίαν

211 1014 298 1091 εἰναι,
329 1015 434 1098 ταύτης
460 1016 492 1076 δὲ
514 1013 577 1097 ε’ίδη
605 1015 689 1077 πάλιν
719 1014 767 1076 καί
793 1014 932 1098 διαφορὰς
959 1012 1097 1097 ὠμότητα
1125 1015 1269 1095 μώλυνσιν
1296 1014 1455 1077 στάτευσιν.

212 1114 259 1200 ἐφ’
279 1117 322 1185 οἷς
344 1117 433 1179 εἰπὼν
457 1116 500 1180 ύτι
524 1117 564 1199 μὴ
588 1117 680 1181 οἰκεῖα
703 1117 754 1199 μὲν
776 1119 866 1178 ταῦτα
888 1117 923 1179 τά
946 1115 1073 1197 ὀνόματα
1094 1120 1153 1185 τοῖς
1176 1114 1243 1179 καθ’
1270 1117 1310 1178 ῶν
1333 1114 1457 1198 εἴρηται,
1473 1131 1501 1172 α’»

216 1223 256 1301 τῷ
284 1220 316 1282 δὲ
344 1221 383 1303 μὴ
412 1220 527 1283 κεῖσθαι
556 1220 670 1303 ἑκάστῳ
697 1218 792 1282 αὑτῶν
820 1217 911 1302 ὄνομα
941 1217 1047 1280 οἰκεῖον
1075 1218 1132 1280 ἀπδ
1160 1223 1216 1281 τῶν
1244 1218 1459 1301 ὠνομασμένων

212 1321 322 1405 ἀνάγκη
347 1321 515 1407 μεταφέρειν
543 1323 579 1385 τὰ
602 1321 730 1404 ὀνόματα
755 1322 803 1385 καί
826 1321 873 1385 ἐπὶ
900 1320 935 1383 τά
958 1319 1044 1402 ὑμοια
1069 1324 1129 1389 τοῖς
1155 1321 1385 1405 ὠνομασμένας,
1413 1321 1456 1383 διδ
1546 1304 1552 1315 ’

121 1420 127 1428 ’
161 1445 190 1491 10
208 1425 246 1488 οἰι
269 1429 376 1489 ταὺτα
398 1426 485 1488 ἀλλά
508 1424 587 1508 [τά]
611 1429 752 1488 τοιαῦτα
776 1423 779 1507 ψ
804 1424 871 1508 χρὴ
899 1423 1053 1505 νομίζειν
1076 1422 1165 1486 εἰναι
1192 1423 1232 1486 τά
1253 1423 1439 1509 εἰρημένα,
1462 1428 1508 1487 215

209 1527 286 1612 λέγει
305 1551 336 1590 τε
359 1529 407 1591 καί
430 1528 563 1612 ὁρίζεται,
587 1528 614 1590 τί
633 1532 690 1591 τῶν
713 1526 872 1612 εἰρημένων
895 1525 1015 1590 έκαστύν
1031 1526 1117 1605 ἐστιν,
1140 1528 1190 1590 καί
1209 1531 1323 1610 πρῶτον
1346 1527 1375 1589 τί
1393 1527 1453 1590 ἐστι

211 1629 296 1712 πέψις
311 1630 398 1713 λέγει,
420 1631 467 1693 καὶ
490 1630 538 1693 ἐπὶ
559 1630 671 1698 τούτοις
685 1631 712 1692 τί
725 1630 801 1694 ἐστιν
817 1630 935 1711 ἀπεψία,
958 1631 1020 1714 ἥτις
1035 1631 1111 1693 ἐστίν
1126 1629 1306 1713 ἀντικειμένη
1323 1653 1358 1712 τη
1375 1633 1456 1712 κοινῇ

210 1731 304 1816 πέψει.
349 1731 417 1813 μεθ’
446 1733 465 1795 ἃ
487 1734 552 1816 περὶ
575 1734 746 1800 πεπάνσεως
773 1737 895 1796 ποιεῖται
921 1734 969 1795 τδν
991 1731 1075 1814 λόγον
1098 1733 1153 1795 ὑπδ
1176 1734 1228 1815 τὴν
1251 1731 1335 1814 πέψιν
1358 1729 1458 1816 οὔσης,
1485 1748 1499 1790 ο

210 1836 259 1897 καί
287 1836 360 1917 μετὰ
386 1836 434 1898 τδν
462 1837 526 1920 περὶ
553 1836 657 1919 ταύτης
683 1834 767 1916 λύγον
793 1836 858 1919 περὶ
886 1835 1036 1919 ὠμότητος
1063 1835 1154 1917 λέγει,
1182 1835 1201 1918 ἣ
1225 1832 1299 1898 υὺσα
1325 1834 1381 1896 ὑπδ
1403 1835 1455 1918 τὴν

163 1957 193 2005 15
212 1938 336 2023 ἀπεψίαν
363 1938 517 2001 ἀντίκειται
543 1941 580 2019 τῇ
608 1937 719 2022 ἑψήσει.
767 1936 815 2021 ἐφ’
842 1939 886 2007 οἷς
915 1938 943 2000 τί
968 1938 1043 2001 ἐστιν
1076 1935 1197 2021 ὄπτησις
1222 1939 1329 2013 εἰπών,
1359 1937 1379 2020 ἢ
1406 1939 1455 2001 καί

211 2039 284 2124 αὑτὴ
307 2039 392 2125 πέψις
413 2043 455 2108 τίς
478 2040 547 2115 ἐστι,
570 2039 648 2122 λέγει
669 2041 733 2125 περί
754 2041 943 2120 στατεύσεως,
967 2042 986 2124 ἢ
1009 2046 1067 2104 τῶν
1090 2041 1145 2103 ὑπδ
1168 2041 1220 2123 τὴν
1236 2038 1360 2125 ἀπεψίαν
1383 2038 1498 2104 οὑσαιο

210 2149 247 2226 τῇ
271 2143 393 2226 ὀπτήσει
419 2143 581 2206 ἀντίκειται.
627 2143 667 2204 ῶν
698 2145 750 2227 τὴν
778 2143 830 2226 μέν
860 2142 944 2227 πέψιν
970 2144 1050 2208 εἶπεν
1078 2143 1151 2207 εἰναι
1178 2142 1363 2206 τελείωσιν
1392 2145 1456 2207 ὑπδ

206 2250 267 2309 τοῦ
293 2249 442 2330 φυσικοῦ
469 2248 526 2309 καὶ
557 2246 695 2309 οἰκείου
722 2246 855 2329 θερμοῦ
882 2251 948 2310 τῶν
971 2245 1223 2328 ἀντικειμένων
1252 2246 1457 2330 παθητικῶν

203 2346 398 2431 (ἀντικείμενα
423 2349 456 2412 δὲ
482 2348 518 2433 ἦν
541 2349 679 2433 ἀλληλοις
706 2349 854 2433 παθητικά
880 2351 898 2432 ἡ
922 2350 952 2412 έν
976 2352 1086 2434 έκάστη
1115 2351 1169 2432 ύλη
1198 2348 1320 2433 Εηρύτης
1347 2372 1378 2412 τε
1404 2351 1452 2413 καὶ
1468 2366 1494 2408 ιε

153 2472 187 2518 20
206 2449 340 2534 ὑγρότης·
363 2455 454 2513 ταῦτα
474 2451 529 2536 γάρ
552 2452 588 2514 τὰ
603 2451 768 2532 πεσσόμενα
791 2453 839 2515 καί
855 2451 1008 2537 ὑριζύμενα
1024 2453 1080 2515 ὑπὸ
1096 2457 1146 2516 τοῦ
1162 2451 1299 2537 θερμοῦ),
1324 2451 1454 2536 ἀπεψία

203 2555 239 2617 δὲ
261 2553 403 2618 ἀτέλεια
425 2552 466 2617 δι’
494 2551 633 2618 ἔνδειαν
655 2560 718 2639 τῆς
738 2555 872 2623 οἰκείας
892 2555 1129 2639 θερμότητος,
1151 2554 1167 2618 δ
1190 2553 1341 2641 ψυχρότης
1362 2552 1448 2617 ἐστίν.

205 2657 245 2719 ῶν
267 2657 322 2741 γάρ
344 2658 426 2727 τέλος
447 2659 466 2740 ἡ
489 2657 581 2742 πέψις,
604 2658 715 2727 τούτοις
736 2660 755 2742 ἡ
779 2658 888 2743 ἀπεψία
910 2659 1036 2722 ἀτέλεια.

290 2758 381 2823 Πάλιν
405 2760 543 2824 πέπανσιν
571 2762 622 2844 μὲν
644 2761 723 2825 εἶπεν
751 2761 835 2847 πέψιν
862 2765 910 2825 καί
931 2764 1077 2826 τελείωσιν
1105 2767 1158 2845 τῆς
1185 2762 1215 2824 ἐν
1238 2766 1297 2829 τοῖς
1320 2779 1453 2844 περικαρ-
1467 2776 1495 2818 ευ

205 2862 279 2931 πίοις
307 2869 429 2948 τροφῆς,
459 2863 605 2932 τελείωσις
632 2864 664 2926 δὲ
686 2865 797 2933 τούτοις
822 2866 855 2928 τδ
881 2865 1023 2928 δύνασθαι
1049 2865 1079 2935 ἐξ
1105 2864 1201 2927 αὑτῶν
1227 2863 1356 2946 γίνεσθαι
1382 2861 1453 2926 ἀλλο

152 2984 184 3032 25
202 2971 329 3029 τοιοῦτον
344 2966 495 3050 (λέγεσθαι
511 2966 590 3028 εἶπεν
613 2968 661 3029 καί
676 2967 765 3030 ἀλλα
787 2968 923 3031 πέπονα
942 2969 1015 3032 κατὰ
1030 2971 1081 3052 τὴν
1102 2971 1174 3053 πρδς
1189 2968 1262 3031 αὐτὰ
1278 2965 1450 3051 ἀναφοράν),

204 3069 368 3152 ὠμότητα
390 3071 423 3132 δὲ
445 3068 568 3152 ἀπεψίαν
590 3070 639 3133 καί
662 3070 827 3134 ἀτέλειαν
850 3077 902 3155 τῆς
924 3072 953 3135 ἐν
969 3078 1012 3158 τῳ
1028 3072 1209 3157 περικαρπίῳ
1232 3075 1351 3155 τροφῆς.
1400 3067 1448 3153 ἐφ’
1466 3085 1494 3127 2⁶

202 3172 245 3240 οἷς
267 3169 387 3246 ἔδειξεν,
415 3170 458 3234 ὄτι
480 3176 537 3234 πᾶν
565 3171 597 3233 τδ
619 3172 827 3256 πεπαινόμενον
856 3174 1009 3256 ἀναγκαῖον
1034 3176 1037 3259 ψ
1062 3172 1141 3260 ἔχειν
1166 3176 1206 3258 μὴ
1239 3173 1325 3257 μόνον
1353 3171 1434 3256 ὑγρύ-
1456 3179 1504 3237 216

200 3297 282 3359 τητα,
299 3274 374 3336 ἀλλά
389 3275 435 3337 καί
452 3273 603 3358 ξηρότητα.
628 3275 665 3359 ἐφ

201 3378 362 3462 περιέχοντι
378 3377 458 3440 ύδατι
481 3376 697 3460 θερμότητος
716 3382 775 3441 τοῦ
791 3378 821 3441 ἐν
837 3379 917 3464 αὐτῷ
934 3380 1114 3464 ὑπάρχοντος
1136 3380 1302 3463 ἀορίστου
1325 3380 1451 3463 ὑγροῦ,

148 3498 182 3547 3ο
200 3480 218 3543 ὑ
232 3481 308 3544 έστιν
323 3505 342 3563 η
360 3482 471 3561 πνεὺμά
487 3503 513 3542 τι
528 3504 547 3562 η
565 3479 652 3564 ύδωρ.
675 3480 857 3564 προσέθηκεν
873 3483 905 3545 δὲ
920 3485 968 3545 καὶ
983 3482 1025 3567 ἐφ’
1041 3484 1081 3545 ῶν
1097 3484 1116 3564 ἡ
1133 3482 1236 3566 έψησις
1250 3488 1449 3566 κατηγορεῖται
1476 3500 1490 3542 ι

202 3583 363 3667 κοινότερον
379 3583 501 3667 ἕψεσθαι
516 3582 688 3664 λεγομένων.
727 3584 851 3666 ὡρίσατο
867 3587 899 3648 δὲ
915 3588 962 3648 καί
983 3586 1034 3670 τὴν
1052 3589 1196 3668 μώλυνσιν
1212 3586 1264 3668 τὴν
1287 3585 1446 3649 ἐναντίαν

202 3686 326 3770 ἑψήσει
349 3687 499 3770 ἀπεψίαν
521 3685 626 3766 εἰναι,
649 3687 712 3750 ἐπεὶ
735 3689 767 3750 δὲ
789 3692 960 3772 πλεοναχῶς
982 3712 1001 3770 η
1023 3689 1134 3772 ἕψησις,
1156 3689 1204 3751 καί
1226 3689 1279 3770 τἠν
1302 3691 1447 3771 μώλυνσιν

201 3794 403 3874 τοσαυταχῶς,
426 3789 535 3871 ἑκάστη
552 3790 675 3874 διαφορᾷ
691 3791 825 3875 ἑψήσεως
839 3791 944 3860 οἰκείας
959 3793 1034 3860 τινὸς
1049 3791 1245 3874 ἀντικειμένης
1260 3792 1444 3874 μωλύνσεως.
1462 3810 1488 3851 ιο

200 3891 267 3973 μεθ’
295 3892 364 3955 ἀτί
385 3892 459 3954 ἐστιν
483 3888 602 3974 ὄπτησις
623 3891 719 3970 εἶπεν,
746 3893 864 3978 ὅτιγὰρ
887 3895 988 3979 πέψις
1010 3896 1075 3957 ὑπδ
1100 3893 1319 3979 θερμότητος
1343 3895 1450 3980 ξηρᾶς

148 4010 180 4061 ³5
199 3996 256 4058 καὶ
279 3995 474 4077 ἀλλοτρίας.
512 3994 576 4056 ύπδ
600 3994 703 4079 ξηρᾶς
726 3997 762 4059 δέ
777 3996 856 4060 εἶπεν
878 3998 1006 4079 γίνεσθαι
1028 3997 1247 4081 θερμότητος
1269 4000 1344 4076 τότε,
1367 3999 1449 4062 ύταν

201 4096 386 4182 ξηρότερον
401 4097 537 4179 γίνηται
554 4097 590 4159 τδ
605 4097 823 4182 πεσσόμενον
844 4099 963 4169 οὑτως.
1000 4101 1052 4183 τὴν
1075 4101 1107 4162 δέ
1122 4123 1158 4183 τη
1176 4103 1216 4168 ῶς
1237 4100 1357 4184 δπτησει
1371 4105 1449 4186 λεγο·
1463 4119 1490 4161 ιε

146 4403 162 4456 2
184 4405 297 4474 πρῶτον]
329 4404 387 4469 110,
397 4404 534 4470 27-111,
545 4404 578 4456 θθ
588 4429 622 4450 =
633 4406 712 4459 Arist.
735 4408 837 4461 Meteor.
856 4410 936 4473 11’,2.
951 4408 1213 4463 379b10-380210
1372 4412 1388 4466 5
1412 4412 1500 4485 ἰψησιν

145 4508 246 4560 semper
263 4498 287 4543 V
402 4491 427 4544 δὲ
451 4493 519 4544 coni.
538 4495 595 4560 Sp.:
624 4512 650 4546 τε
675 4494 734 4547 libri
857 4495 872 4546 6
896 4497 1014 4566 διαροράς
1032 4500 1067 4550 Sa
1086 4502 1143 4564 Sp.:
1172 4495 1291 4567 διαφορᾶς
1308 4500 1355 4552 13⁴²:
1384 4500 1500 4574 διαφοραὶ

144 4581 224 4632 VFB¹
326 4581 357 4633 10
374 4581 406 4632 τά
424 4580 473 4632 del.
492 4583 536 4647 Sp.
555 4581 587 4633 cf.
601 4582 617 4633 i.
632 4598 654 4633 e.
668 4582 789 4639 379b16;
810 4585 844 4636 ib.
864 4583 906 4651 εἰρ.
926 4585 980 4654 είδη
1080 4586 1111 4636 15
1130 4585 1146 4653 ἢ
1166 4602 1193 4636 a:
1214 4586 1228 4655 ἡ
1252 4588 1317 4638 vict.
1418 4592 1449 4641 18
1468 4591 1497 4642 ἐκ

143 4673 197 4721 τῶν
216 4669 296 4722 Arist.
394 4667 427 4720 23
446 4669 530 4738 πάλιν]
552 4670 688 4732 111,“23-
700 4671 777 4735 112,4
788 4694 821 4714 =
832 4672 912 4723 Arist.
932 4674 1033 4724 Meteor.
1048 4673 1092 4737 iv,
1107 4673 1130 4725 3.
1145 4674 1347 4727 3801211-381
1357 4677 1408 4726 ²122

143 4755 177 4808 25
194 4754 308 4825 λέγεσθαι
320 4755 368 4819 <δὲ>
381 4758 448 4808 coni.
460 4759 504 4824 Sp.
573 4759 667 4811 πέπονα
680 4762 737 4825 Sp.:
756 4761 852 4811 πέπονα
873 4760 931 4811 libri
1016 4759 1088 4831 πρὸς]
1107 4761 1174 4818 εἰςΒ
1258 4761 1291 4814 32
1312 4762 1423 4829 μῶλυειν
1436 4768 1458 4812 V

142 4842 176 4897 35
195 4845 270 4915 ξηρᾶς
289 4845 331 4895 καὶ
344 4843 474 4914 ἀλλοτρίας
487 4861 550 4897 corr.
564 4848 595 4899 S¹
614 4849 672 4913 Sp.:
693 4845 755 4916 ξηρά
768 4848 810 4899 καὶ
823 4846 939 4916 ἀλλότρια
958 4849 1016 4900 libri
1316 4851 1393 4903 S¹GF
1408 4852 1498 4917 (Arist.

142 4930 270 4998 381⁸28):
291 4928 365 5000 ξηρὸν
385 4932 480 4985 vBS²a
493 4936 537 5001 sp.
