3540 5610
218 297 258 361 κς
704 292 856 351 ,ιιιονιυυ
876 293 936 349 lm
958 293 1090 350 κικτυυ

269 468 364 537 εἴδους
386 475 438 533 τοῦ
461 471 491 533 ἐν
513 471 600 553 αὐτῇ,
627 470 725 553 λαβὼν
747 470 783 533 τὰ
805 470 915 555 φυσικὰ
942 473 1065 553 σώματα
1092 468 1191 540 οὐσίας
1212 469 1284 533 εἶναι
1310 470 1439 552 (ἐνεργεῖ
1458 468 1523 550 γάρ.
1538 483 1565 526 ιι

268 573 302 634 τδ
329 573 443 658 ένεργὲς
470 574 502 636 δὲ
527 571 652 657 <ούσία>>
678 574 725 636 καὶ
754 573 797 636 δτι
820 574 957 642 σύνθετος
985 573 1078 647 υῦσία,
1104 575 1207 635 διελὼν
1229 573 1263 636 τὸ
1285 573 1407 656 φυσικὸν
1432 575 1521 653 σῶμα

267 679 311 759 τῷ
333 677 411 759 ζωὴν
428 673 517 760 ἔχειν,
541 673 642 761 ἔλαβεν
660 676 692 738 τδ
709 675 828 740 εἶναιτὸ
844 677 964 760 φυσικὸν
982 680 1068 757 σῶμα
1090 677 1122 738 τδ
1146 675 1224 758 ζωὴν
1247 673 1317 760 ἔχον
1339 675 1439 738 οὐσίαν
1462 674 1524 736 σύν-

272 779 366 853 θετον,
389 777 446 863 οὐχ
468 778 512 841 δτι
529 779 569 861 μὴ
593 779 641 842 καὶ
663 778 695 841 τδ
716 780 836 862 φυσικὸν
860 784 947 859 σῶμα
968 777 1036 841 καθ’
1057 778 1129 840 αὐτὸ
1152 776 1236 840 οδσίοι
1259 777 1396 847 σύνδετύς
1418 801 1450 840 τε
1472 777 1521 839 καὶ
1534 791 1563 834 εν

232 880 498 965 οσυνομφύτεμοςι
527 879 586 943 ἀλλ’
615 880 658 944 ὅτι
679 881 754 965 ούτὴ
777 880 834 964 ἤδη
856 882 904 944 καὶ
927 882 1066 945 ἐκτίνων
1090 881 1235 964 σύγκειται
1257 883 1369 965 φανεροί
1393 881 1443 963 (ἐκ
1465 879 1523 962 γὰρ

267 987 401 1066 σώματος
423 988 545 1067 φυσικοῦ
568 985 616 1047 κοιὶ
644 988 723 1067 ζωῆς
744 986 808 1069 ἥτις
829 985 906 1049 ἐστὶν
934 987 953 1068 ἡ
976 987 1087 1071 ψυχή),
1115 987 1212 1070 λαβὼν
1236 986 1323 1049 δὲτὸ
1347 985 1426 1068 ζωὴν
1449 981 1521 1068 ἔχον

269 1092 357 1169 σῶμα
379 1084 597 1170 συναμφύτεμον
620 1085 719 1150 οὐσίαν
742 1085 814 1149 εἶναι
840 1085 870 1156 ἐξ
893 1088 964 1171 ύλης
988 1111 1019 1151 τε
1042 1089 1089 1151 καὶ
1112 1087 1221 1162 εἴδους,
1248 1088 1297 1151 κοιὶ
1319 1087 1411 1157 δείξας
1435 1086 1479 1149 ὅτι
1501 1088 1564 1167 ἠΰ

268 1189 349 1272 ψυχὴ
373 1186 440 1253 οὔτε
464 1196 551 1274 σῶμα
574 1188 638 1252 οὔδ’
660 1189 849 1273 ὑποκείμενον
873 1191 902 1252 ἐν
925 1197 967 1276 τῷ
990 1189 1072 1277 ζῴῳ,
1094 1190 1198 1262 ἔδειξεν
1222 1190 1266 1254 ὅτι
1288 1192 1307 1274 ἡ
1329 1191 1404 1253 κατὰ
1427 1192 1460 1253 τῦ
1483 1188 1521 1253 εἴ·

266 1293 315 1360 δος
342 1291 426 1356 ούσία
452 1294 513 1357 ἐστὶ
540 1296 632 1378 ψυχή.
682 1295 728 1356 δεῖ
752 1293 807 1378 γὰρ
834 1294 925 1378 αὐτὴν
952 1295 972 1378 ἢ
1000 1299 1041 1365 ὡς
1068 1294 1144 1364 εἶδος
1174 1297 1193 1378 ἢ
1222 1298 1263 1373 ὡς
1291 1295 1362 1378 ύλην
1389 1292 1463 1356 εἶναι
1492 1292 1523 1356 ἐν

216 1415 247 1461 ιο
265 1394 355 1479 αὐτῷ.
382 1394 385 1480 λ

263 1636 359 1702 XXV.
404 1637 532 1723 Ἀλλης
558 1639 683 1708 λέξεως
710 1639 748 1701 ἐκ
775 1641 836 1700 τοῦ
863 1604 1032 1721 δευτέρου
1064 1642 1131 1699 τῶν
1160 1635 1244 1721 Περὶ
1271 1643 1385 1723 ψυχῆς
1409 1636 1501 1722 Ἀρι·
1524 1644 1576 1702 144

696 1742 887 1810 στυτέλυυς
910 1741 1083 1824 ἐξήγησις.

332 1912 407 1979 “ού
429 1914 492 1998 γὰρ
508 1915 668 1978 τοιούτου
691 1916 851 1995 σώματος
872 1914 910 1975 τὸ
933 1913 966 1974 τί
979 1909 1019 1995 ἦν
1035 1912 1126 1975 εἶναι
1149 1914 1204 1976 κοιλ
1225 1912 1391 1996 ύλύηοςὴ
1408 1915 1520 1998 ψυχή,

263 2016 349 2079 ἀλλὰ
383 2023 537 2102 φυσικοῦ
570 2022 629 2081 τοῦ
662 2014 808 2102 ἔχοντος
841 2017 954 2101 ἀρχὴν
989 2018 1165 2100 κινήσεως
1198 2018 1256 2080 καὶ
1289 2018 1449 2086 στάσεως
1486 2018 1521 2081 ἐν
1549 2034 1563 2075 υ

212 2138 241 2186 15
261 2118 387 2203 αύτῷ.”

348 2222 425 2307 Πρὸς
446 2225 475 2286 τί
498 2228 558 2286 τοῦ
581 2221 731 2307 ἔχοντος
754 2222 869 2307 ἀρχὴν
892 2224 1073 2306 κινήσεως
1095 2225 1151 2287 καὶ
1174 2224 1330 2291 στάσεως
1351 2223 1385 2285 ἐν
1408 2223 1521 2306 αύτῷ;

261 2325 322 2389 ἀλλ’
349 2328 375 2389 εἰ
396 2332 509 2390 τοιοῦτο
531 2327 564 2389 τὸ
588 2325 725 2410 φυσικόν,
753 2331 816 2395 πῶς
839 2323 881 2388 ἔτι
903 2326 1024 2409 φυσικὸν
1052 2327 1084 2389 τὸ
1107 2326 1187 2388 θεῖον
1214 2325 1268 2389 οὐκ
1290 2323 1360 2411 ἔχον
1383 2327 1517 2394 στάσεως

261 2430 356 2513 ἀρχὴν
384 2431 414 2492 ἐν
438 2431 536 2514 αύτηῦς
569 2429 587 2511 ἧ
617 2427 680 2513 ἔχει
704 2453 766 2498 πως
794 2430 925 2497 στάσεως
947 2428 1057 2512 ἀρχήν,
1084 2428 1170 2510 εἴγε
1197 2429 1271 2491 κατὰ
1299 2429 1351 2512 μὲν
1378 2429 1414 2491 τὰ
1438 2428 1515 2514 μέρη
1532 2444 1559 2487 ιο

261 2537 388 2607 κινεῖται,
411 2534 444 2596 τὸ
467 2530 493 2596 δ’
523 2531 589 2595 ύλυν
612 2535 653 2600 ὡς
676 2531 742 2595 ὅλον
766 2531 902 2614 ἕστηκεν·
937 2532 967 2594 ἐν
990 2536 1034 2615 τῷ
1058 2530 1140 2616 αὐτῷ
1163 2533 1218 2616 γάρ
1241 2533 1316 2596 ἐστιν
1339 2532 1394 2595 ἀεί.
1439 2533 1460 2614 ᾖ
1485 2531 1519 2595 ού

208 2655 242 2699 ‘20
261 2637 325 2717 περὶ
348 2636 455 2704 παντὸς
476 2634 555 2697 εἶπεν
578 2639 629 2696 τοῦ
652 2639 773 2719 φυσικοῦ
798 2638 948 2717 σώματος,
977 2634 1052 2697 ἀλλὰ
1074 2639 1125 2696 τοῦ
1147 2634 1178 2696 ἐν
1202 2632 1227 2718 ᾦ
1250 2637 1270 2719 η
1292 2635 1374 2720 ψυχὴ
1397 2635 1515 2717 γίνεται.

261 2740 355 2820 ἢτοῦ
371 2737 520 2823 ἔχοντος
540 2738 654 2821 ἀρχὴν
670 2740 841 2821 κινήσεως
864 2739 920 2799 καὶ
937 2739 1091 2806 στάσεως
1106 2736 1136 2799 έν
1152 2738 1245 2820 αύτῷ
1261 2736 1296 2799 ού
1312 2739 1377 2820 περὶ
1391 2743 1517 2822 φυσικοῦ
1533 2754 1559 2797 ιο

259 2844 395 2922 σώματος
416 2840 507 2921 λέγει,
535 2840 609 2902 ἀλλὰ
633 2843 697 2923 περὶ
720 2841 819 2925 ψυχὴν
842 2839 969 2925 ἔχοντος.
1017 2843 1036 2924 ἡ
1059 2840 1113 2924 γὰρ
1141 2841 1221 2924 ψυχὴ
1245 2840 1276 2902 έν
1299 2841 1410 2910 τούτοις
1431 2842 1513 2927 ἀρχὴ

259 2947 401 3028 κινήσεώς
426 2967 456 3007 τε
479 2944 526 3006 καὶ
549 2944 688 3011 στάσεως.

260 3184 371 3249 XXVI.
410 3183 518 3269 Ἀλλη
542 3186 580 3249 ἐκ
602 3190 660 3248 τοῦ
684 3184 791 3249 αὐτοῦ
813 3185 912 3255 λέξις.

206 3376 237 3425 25
338 3355 409 3421 “Tb
433 3359 469 3420 δὲ
492 3359 630 3442 σπέρμα
652 3358 710 3420 καὶ
734 3358 749 3419 ύ
772 3358 907 3439 καρπὸς
928 3358 966 3420 τὸ
989 3359 1136 3441 δυνάμει
1157 3358 1295 3421 τοιύνδε
1318 3356 1452 3440 σῶμα.”
1527 3376 1555 3418 εν

343 3460 469 3525 Μέλιττ’
497 3462 531 3524 ἂν
555 3461 711 3524 δεικνύοιτο
738 3463 758 3544 ἡ
785 3462 866 3545 ψύχη
896 3462 937 3544 μὴ
961 3459 1033 3524 ούσα
1061 3461 1091 3522 ἐν
1120 3461 1302 3544 ὑποκειμένῳ
1331 3462 1378 3524 διὰ
1404 3463 1514 3546 ταύτης

259 3570 310 3646 τῆς
333 3565 448 3633 λέξεως.
494 3566 519 3627 εἰ
542 3566 595 3647 γὰρ
617 3565 650 3626 τὸ
674 3565 822 3648 ὀργανικὸν
846 3571 942 3647 σῶμα,
965 3564 995 3627 ἐν
1018 3559 1043 3651 ᾧ
1069 3564 1144 3628 ἐστιν
1167 3566 1186 3647 ἡ
1209 3564 1301 3650 ψυχή,
1325 3565 1404 3649 παρὰ
1427 3572 1480 3650 τῆς
1507 3567 1510 3650 λ

256 3673 357 3752 ψυχῆς
379 3666 442 3753 ἔχει
464 3670 496 3730 τδ
520 3669 668 3750 ὀργανικὸν
692 3666 764 3730 εἶναι
794 3668 841 3729 καλ
865 3665 931 3729 οὔτε
959 3669 1014 3751 πφδ
1038 3671 1088 3729 τοῦ
1111 3665 1190 3751 ἔχειν
1213 3668 1265 3750 τὴν
1288 3669 1386 3753 ψυχὴν
1409 3669 1493 3753 δρηοι-
1516 3676 1564 3735 145

256 3772 332 3833 νικὸν
356 3769 402 3853 ἦν,
425 3768 491 3831 οὔτε
516 3770 702 3853 ἀπελθούσης
725 3776 777 3853 τῆς
799 3775 895 3855 ψυχῆς
919 3771 996 3832 ἐστιν
1020 3769 1178 3853 δρηοινικύν,
1202 3769 1255 3833 οῦκ
1277 3769 1312 3832 ἂν
1335 3771 1381 3854 εἴη
1406 3771 1437 3834 ἐν
1460 3772 1510 3836 αδ-

202 3894 236 3941 30
255 3878 297 3955 τῷ
322 3877 363 3941 ὡς
389 3872 419 3934 ἐν
447 3873 638 3956 ὑποκειμένῳ.
685 3872 760 3935 ἀλλὰ
787 3874 844 3955 μὴν
872 3873 924 3936 οῦκ
952 3874 981 3935 ἐν
1009 3871 1090 3956 ἄλλῳ
1120 3874 1175 3935 τινί
1199 3873 1260 3936 ἐστι
1288 3876 1402 3953 σώματι
1433 3875 1452 3958 ἢ
1480 3877 1511 3939 ἐν
1539 3893 1553 3934 ε

257 3977 360 4059 τούτῳ.
405 3977 438 4038 τὸ
465 3976 520 4058 γὰρ
547 3977 662 4058 σπέρμα
689 3978 808 4058 δυνάμει
835 3974 966 4061 ἔμψυχον
994 3981 1036 4060 τῷ
1065 3976 1207 4039 δύνασδυιι
1236 3976 1370 4058 γενέσθαι
1396 3983 1512 4043 τοιοῦτο

257 4086 352 4161 σῶμα,
376 4078 410 4141 ού
434 4081 452 4161 ἡ
477 4080 559 4163 ψυχὴ
576 4079 720 4161 τελειύτης
743 4080 813 4154 ἐστι’,
837 4082 883 4143 καὶ
905 4076 930 4165 η’)
949 4082 981 4143 τὸ
1004 4079 1076 4142 εἶναι
1097 4080 1201 4164 τούτῳ,
1225 4079 1332 4154 ὅέστι,
1355 4080 1435 4164 παρὰ
1457 4088 1512 4166 τῆς

255 4187 355 4266 ψυχῆς
377 4182 463 4244 ἐστιν.

205 4461 224 4510 l.
245 4458 260 4510 2
280 4459 389 4511 sortasse
409 4459 454 4527 γάρ
474 4455 535 4524 {rb}
625 4459 756 4528 ἳὲνεργὲς
775 4460 878 4525 scripsi:
899 4459 998 4528 ἐναργὲς
1015 4463 1038 4507 V
1127 4457 1197 4509 οῦσύα
1215 4458 1274 4509 add.
1293 4459 1422 4511 Schwartz
1515 4460 1563 4513 διε·

200 4545 252 4597 λιὶιν
272 4544 297 4596 δὲ
316 4545 345 4596 τὸ
366 4544 432 4596 vict.
452 4546 497 4610 Sp.
594 4544 609 4595 5
629 4542 729 4614 αύτην
826 4547 853 4596 11
876 4544 1002 4614 δευτέρου]
1023 4544 1192 4607 dean.11,1.
1212 4545 1321 4598 412ῢ15
1418 4546 1448 4599 13
1468 4547 1565 4601 τοιουδλ

200 4634 268 4685 vict.
368 4632 399 4682 14
416 4631 473 4699 τοῦ]
493 4631 585 4683 τοιονδὶ
602 4634 678 4684 Arist.
781 4632 1129 4699 15(1t;.1³.*21)a·'21223v
1236 4634 1270 4685 22
1288 4634 1438 4706 τἠηψυχὴν
1458 4635 1494 4687 3¹

200 4720 233 4771 ‘24
262 4720 290 4772 ἐκ
308 4723 353 4772 τοῦ
372 4719 460 4786 αὺτοῦ]
480 4719 511 4771 de
531 4720 618 4781 an.ll‚
637 4721 779 4771 1.41·.'b·215
873 4721 905 4771 25
925 4719 1016 4771 τοιονδὶ
1036 4722 1114 4772 Arist.
1214 4720 1246 4772 32
1277 4720 1402 4791 τελιιότης
1420 4722 1445 4787 (ς
1464 4724 1492 4775 in
1511 4724 1563 4790 lit.)

202 4811 223 4861 B
245 4809 311 4858 vict.
331 4808 388 4876 Sp.:
410 4806 564 4879 τελειότητος
583 4806 640 4858 libri
