3540 5610
200 299 261 364 136
426 292 590 366 [ΑΠΟΡΙΩΝ
611 289 672 351 ΚΑΙ
691 292 822 350 ΛΥΣΕΩΝ
843 290 985 350 ΒΙΒΛΙΟΝ
1004 290 1188 349 ΊῈΤΑΡΤΟΝ
1211 292 1325 363 14-17]

252 469 338 533 κατὰ
361 472 422 555 τὴν
446 469 523 554 ἄψιν
546 471 577 532 οἱ
601 468 852 553 ἐμβλέποντες,
880 468 1066 550 μετέπειτα
1092 466 1117 532 δ’
1146 468 1185 532 ού
1208 469 1340 550 γίνεται
1362 466 1508 549 τοιαύτη

254 575 272 655 ἡ
296 573 471 657 ἐνέργεια,
500 572 587 635 ἄλλᾶ
610 573 903 656 παρημελημένη,
932 573 984 634 διδ
1011 572 1068 634 καί
1095 573 1114 654 ἡ
1141 573 1250 655 ἡδονὴ
1278 571 1507 654 ἀμαυροῦται.

256 677 286 739 ἐν
308 676 361 759 γὰρ
384 680 445 744 ταῖς
461 674 604 744 τοιαύταις
627 675 756 738 ἄνέσεσίν
778 698 811 737 τε
832 676 880 738 καί
903 673 1100 759 ἠμελημένως
1122 674 1276 756 ἐνεργείαις
1298 675 1346 737 καί
1369 675 1508 757 ἀμαυρόν·
1521 688 1550 741 ,2⁰

255 799 333 842 σεσιν
348 785 401 863 τὴς
416 780 523 862 ἡδονῆς
537 780 570 840 τὸ
588 779 679 863 χωρὶς
694 780 801 861 ἡδονῆς
816 777 925 842 ἄλυπόν
941 778 1016 841 ἐστιν
1032 777 1135 861 εὑρεῖν.
1165 776 1209 839 ότι
1224 776 1257 840 δέ
1271 800 1355 839 τινων
1370 775 1508 841 αἰσθανό·

220 903 235 951 5
256 882 333 963 μεθα
349 880 416 944 οὔτε
431 880 570 964 ἡδόμενοι
593 879 659 943 οῦτε
678 882 863 961 λυπούμενοι,
886 880 964 962 λέγει
986 881 1033 944 καὶ
1056 880 1087 942 ἐν
1102 885 1145 963 τῷ
1168 877 1296 963 δευτέρῳ
1312 879 1382 964 Περὶ
1398 883 1507 963 ψυχῆς.

255 986 319 1069 περὶ
342 985 396 1068 γὰρ
419 986 592 1069 δσφρὴσεως
614 985 663 1046 καὶ
685 988 743 1046 τῶν
767 985 922 1069 όσφρητῶν
945 983 975 1046 ἑν
999 983 1080 1068 αότιγῦ
1103 982 1194 1066 λέγων
1216 982 1309 1046 εἰπεν·
1333 979 1491 1067 φαύίλως
1512 987 1562 1044 2δί

256 1087 320 1171 γᾶρ
343 1085 530 1171 ἄνθρωπος
552 1087 705 1168 όσμᾶται
733 1088 790 1150 καὶ
813 1085 955 1155 οῦδενδς
977 1086 1185 1149 αἰσθάνεται
1207 1089 1274 1148 τῶν
1297 1086 1506 1169 ὀσφραντῶν

254 1190 339 1254 ἄνευ
368 1193 427 1253 τοῦ
455 1193 611 1273 λυπηροῦ
635 1189 653 1272 ἡ
680 1194 741 1252 τοῦ
767 1190 882 1272 ἡδέος.
930 1191 956 1252 εἰ
982 1188 1037 1273 γάρ
1063 1189 1193 1272 φαύλως,
1223 1187 1296 1252 διότι
1324 1187 1421 1271 μόνων
1448 1194 1507 1252 τῶν

255 1293 350 1378 ἡδέων
372 1317 404 1356 τε
426 1293 475 1356 καί
497 1296 634 1376 λυπηρῶν
657 1293 840 1372 αἰσθάνεται,
866 1294 955 1375 δῆλον
978 1296 1019 1360 ῶς
1040 1297 1102 1362 ταῖς
1124 1290 1225 1360 ἄλλαις
1247 1293 1434 1376 αἰσθήσεσιν,
1461 1291 1507 1357 αἷς
1536 1305 1551 1348 ⁵

206 1419 237 1466 ιο
255 1396 289 1459 ού
313 1395 431 1480 φαύλως
453 1393 670 1477 αἰσθανόμεθα,
697 1394 900 1476 αἰσθανοίμεθ
929 1394 963 1458 ἄν
990 1396 1038 1458 καί
1061 1393 1128 1457 οὔτε
1150 1394 1245 1477 ἡδέων
1268 1392 1336 1458 οῦτε
1357 1398 1506 1478 λυπηρῶν.

256 1500 315 1564 ἀλλ’
343 1501 368 1562 εἰ
396 1500 443 1561 καὶ
470 1502 528 1560 τῶν
556 1501 721 1582 στερὴσεων
749 1504 806 1560 τῶν
832 1499 981 1583 αἰσθητῶν
1009 1499 1120 1580 ἑκάστη
1148 1498 1284 1581 αἰσθὴσει
1312 1502 1369 1560 τῶν
1392 1497 1507 1560 οἰκείων

255 1600 471 1682 αἰσθανόμεθα,
500 1603 588 1685 δῆλον
616 1603 656 1670 ῶς
677 1604 696 1685 ἡ
720 1602 828 1664 τούτων
856 1600 993 1685 αἴσθησις
1014 1598 1080 1663 οὔτε
1108 1598 1177 1682 μεθ’
1205 1601 1313 1684 ἡδονὴς
1339 1597 1405 1663 οῦτε
1433 1597 1507 1681 μετὰ
1522 1613 1552 1656 1ο

256 1707 349 1790 λύπης
370 1706 484 1787 γίνοιτο.

253 1948 321 2012 XV.
360 1944 439 2012 Ὅτι
460 1947 673 2030 ἡᾶφροσύνη
696 1946 827 2009 τούτων
850 1943 950 2009 ἔσται
972 1945 1110 2028 ἄγνοια,
1133 1946 1179 2008 ὧν
1201 1948 1221 2028 ἡ
1243 1945 1413 2029 φρόνησις
1434 1944 1507 2006 ἐπι-

205 2071 234 2119 15
821 2049 947 2132 στὴμη.

341 2218 377 2284 Εἰ
399 2223 418 2304 ἡ
441 2219 579 2304 φρόνησις
601 2220 749 2303 ἐπιστήμη
776 2220 837 2282 ἐστὶ
864 2219 1007 2303 ποιητέων
1030 2220 1131 2282 τεκαὶ
1159 2219 1193 2282 οῦ
1216 2218 1375 2302 ποιητέων,
1404 2217 1451 2301 εἴη
1473 2216 1509 2280 ἄν

255 2325 303 2387 καί
325 2325 344 2407 ἡ
369 2324 517 2408 ἀφροσύνη
542 2322 643 2405 ἄγνοια
665 2327 722 2386 τῶν
745 2323 856 2397 αὐτῶν,
884 2325 933 2386 καὶ
956 2322 1079 2406 ἄφρονες
1101 2324 1128 2385 οἱ
1152 2323 1260 2386 τούτων
1287 2345 1314 2385 τι
1337 2322 1509 2404 ἀγνοοῦντες
1523 2335 1552 2378 ¹⁶

255 2428 304 2489 καὶ
327 2429 392 2512 περὶ
415 2431 505 2490 ταῦτα
527 2425 737 2511 διεψευσμένοι.
772 2427 799 2489 εἰ
821 2427 853 2489 δὲ
875 2430 970 2502 τοῦτο,
993 2426 1028 2489 οῦ
1043 2428 1148 2495 πᾶντες
1170 2428 1197 2488 οἰ
1220 2423 1394 2509 ψευδόμενοί
1412 2448 1439 2487 τι
1460 2430 1504 2508 τῷ

254 2530 424 2614 ἠπατὴσθαι
448 2529 571 2614 ἄφρονες
595 2528 628 2591 ἄν
644 2528 711 2592 εἰεν.
745 2529 779 2593 ού
802 2529 857 2614 γάρ
879 2534 959 2592 πᾶσα
981 2536 1085 2612 γνῶσις
1107 2529 1241 2612 ἡᾶπᾶτη
1264 2529 1330 2613 περὶ
1353 2534 1410 2591 τῶν
1426 2551 1508 2610 ποιη-

202 2653 235 2700 20
254 2634 328 2697 τέων
351 2634 370 2717 ἡ
394 2633 427 2696 ού
450 2633 593 2716 ποιητέων
617 2632 703 2696 ἐστίν.
748 2631 813 2695 οὔτε
835 2631 889 2714 γᾶρ
912 2634 932 2715 ἡ
955 2633 1021 2716 περὶ
1048 2636 1099 2694 τοῦ
1122 2632 1171 2695 τδν
1198 2630 1306 2714 κόσμον
1329 2631 1401 2694 εἰναι
1424 2630 1511 2694 τοῦδέ
1525 2645 1553 2688 ευ

254 2760 328 2805 τινος
350 2737 502 2821 σχήματος
523 2740 627 2817 γνῶσις
650 2736 669 2818 ἡ
694 2735 791 2817 ἀπάτη
814 2736 880 2820 περὶ
903 2735 1046 2819 ποιητέων
1069 2734 1155 2808 ἐστίν,
1179 2732 1246 2797 ούτε
1268 2735 1334 2818 περὶ
1355 2737 1407 2797 τοῦ
1429 2756 1512 2815 γενη-

255 2840 303 2901 τδν
326 2837 500 2921 ἡᾶγένητον
523 2838 609 2900 αἰιτδν
633 2837 715 2911 εἰναι,
739 2838 991 2923 ἡπεπερασμένον
1015 2837 1181 2920 ἡᾶπειρον,
1203 2837 1223 2921 ἡ
1246 2835 1297 2899 ἕνα
1319 2836 1338 2919 ἡ
1362 2835 1509 2918 ἀπείρους,

257 2940 324 3004 οῦτε
352 2943 400 3005 τὸν
428 2947 485 3003 τῶν
514 2940 628 3025 ἄστρων
655 2942 779 3024 ἀριθμὸν
806 2942 826 3024 ἡ
851 2943 981 3026 περιττὸν
1008 2941 1079 3004 εἰναι
1108 2964 1127 3022 η
1150 2939 1260 3022 ἄρτιον,
1291 2938 1358 3003 οῦτε
1382 2939 1413 3001 τὸ
1437 2937 1511 3000 εἷναι

255 3049 307 3106 τοῦ
330 3043 441 3126 κόσμου
468 3045 501 3105 τδ
525 3044 576 3126 μὲν
599 3041 660 3106 ἄνω
687 3044 719 3107 τὸ
747 3045 779 3106 δὲ
806 3046 900 3119 κᾶτω,
932 3043 997 3109 οὔθ’
1026 3045 1102 3113 όλως
1127 3041 1130 3128 ἰ
1155 3069 1182 3108 τι
1203 3048 1261 3107 τῶν
1289 3043 1330 3113 εἰς
1350 3044 1457 3125 γνῶσίν
1479 3058 1553 3106 τειι

204 3168 236 3216 25
257 3147 307 3210 καὶ
331 3146 456 3229 θεωρίαν
479 3146 689 3209 συντελούντων
713 3148 812 3230 μόνην.
858 3145 917 3210 ἀλλ’
946 3148 971 3210 εἰ
994 3145 1070 3210 ἔστιν
1097 3149 1117 3230 ἡ
1141 3149 1206 3230 περὶ
1228 3150 1318 3210 ταῦτα
1340 3145 1489 3231 έπιστὴμη
1514 3154 1567 3210 262

259 3250 350 3332 ἄλλης
372 3249 487 3332 ἄρετὴς,
519 3248 577 3311 ἄλλ’
607 3249 640 3311 οό
663 3251 848 3333 φρονήσεως,
880 3250 988 3331 ὁμοίως
1015 3251 1063 3312 καί
1090 3252 1110 3332 ἡ
1139 3250 1236 3333 ἄπᾶτη
1264 3250 1329 3332 περὶ
1356 3248 1430 3313 αὐτὰ
1458 3248 1512 3313 ούκ

260 3351 419 3437 ἀφροσύνη,
443 3351 519 3414 ἀλλὰ
542 3352 627 3415 κακία
651 3376 692 3420 τις
714 3352 798 3434 ἄλλη.
1539 3369 1554 3410 ι

258 3609 341 3673 XVI.
392 3609 467 3679 Πῶς
503 3610 533 3672 εἰ
566 3611 585 3692 ἡ
615 3610 705 3693 λύπη
739 3612 844 3673 κακὸν
878 3615 987 3685 πᾶσα,
1021 3611 1100 3697 οῦχί
1134 3613 1189 3675 καί
1223 3613 1242 3694 ἡ
1276 3611 1384 3694 ἡδονὴ
1418 3615 1514 3675 πᾶσα

813 3713 954 3795 ἀγαθόν

206 3905 240 3953 30
345 3882 381 3948 Εἰ
403 3886 514 3968 ἡλόπη
539 3886 626 3947 κακόν
649 3887 740 3955 πᾶσα,
765 3885 889 3947 ἐναντίον
913 3886 945 3948 δὲ
967 3891 1006 3968 τη
1023 3886 1101 3968 λύπη
1125 3887 1263 3969 ἡὴδονὴ,
1286 3889 1349 3954 πῶς
1370 3885 1439 3971 οὐχὶ
1461 3888 1513 3950 καὶ

261 3987 334 4070 αῦτὴ
359 3990 438 4049 πᾶσα
461 3987 571 4069 ἀγαθὸν
594 3988 613 4070 ἡ
638 3991 717 4050 πᾶσα
740 3986 843 4062 κακόν,
870 3987 901 4050 εί
918 4013 951 4070 γε
972 3993 1015 4072 tq}
1039 3993 1120 4073 κακῷ
1149 3989 1181 4052 τὸ
1205 3988 1330 4052 ἐναντίον
1353 3989 1464 4073 ἄνᾶγκη
1488 3991 1553 4074 ἡιο

205 4162 527 4170 ..-..-.---.---
536 4164 571 4169 --
578 4164 603 4169 .-

209 4270 219 4320 l
241 4267 407 4336 ἐμβλέποντες
419 4269 501 4321 B'·'S'·'a
513 4271 570 4333 Sp.:
591 4268 754 4337 ἐκβλέποντες
770 4272 880 4323 vl3¹s¹F
969 4272 1061 4338 γίνεται
1081 4287 1129 4322 om.
1150 4273 1228 4323 Arist.
1247 4272 1318 4339 vulg.
1407 4271 1423 4323 2
1442 4273 1566 4344 ἐνέργεια]

206 4375 221 4407 α
241 4373 260 4406 s,
274 4372 297 4406 v.
312 4359 334 4404 V
429 4358 445 4407 3
464 4355 600 4423 τοιαύταις]
621 4374 631 4413 ς
651 4359 678 4408 in
698 4358 735 4409 lit.
749 4362 773 4408 V
862 4357 1199 4427 τοιαύταις-ἡμελημέναις
1218 4373 1297 4409 σακε
1316 4358 1566 4432 (ἀνέσεσι-ἠμελη-

207 4445 291 4510 μέναις
310 4442 368 4493 add.
384 4444 459 4507 λ’ίοι,
482 4445 525 4511 qui
545 4443 671 4500 τοιαύταις
690 4444 772 4497 delere
792 4445 901 4510 videtur,
921 4447 990 4513 quod
1009 4461 1058 4497 om.
1077 4447 1133 4512 Sp.)
1239 4446 1256 4496 4
1273 4444 1315 4511 τὸ]
1334 4445 1347 4497 δ
1366 4447 1394 4497 in
1413 4447 1453 4499 lit.
1468 4452 1501 4499 V:
1521 4454 1565 4501 w]

206 4530 273 4581 vict.
372 4530 387 4579 ἴ)
407 4531 432 4581 ἐν
452 4531 490 4599 τῷ
508 4530 614 4599 δευτέρην
636 4527 694 4600 Περὶ
714 4532 809 4604 ψυχῆς]
830 4534 860 4584 de
879 4549 920 4584 an.
937 4534 966 4594 11,
980 4533 1003 4583 θ.
1024 4533 1131 4584 4‘21210
1228 4531 1258 4582 17
1278 4533 1293 4602 ἡ
1314 4549 1364 4584 om.
1383 4552 1397 4584 a
1417 4537 1462 4601 Sp.

207 4617 241 4668 20
259 4621 303 4669 w]
317 4616 359 4668 τόν
373 4615 518 4669 132'vict.?2
538 4623 626 4670 τοῦτον
639 4619 697 4671 libri
786 4620 869 4689 τοῦδέ]
883 4620 1063 4688 τοιοῦδὲαδρ.
1153 4620 1183 4672 21
1204 4619 1361 4690 περὶίπρὸα
1445 4622 1479 4675 ’23
1498 4628 1565 4687 (τοῦ)

206 4721 249 4773 τὸν
269 4723 335 4772 coni.
349 4726 393 4788 Sp.
483 4720 523 4789 τό]
544 4740 572 4774 το
593 4727 624 4772 V:
644 4728 688 4774 τοῦ
707 4727 774 4776 coni.
795 4727 838 4791 Sp.
929 4725 960 4776 2ss
981 4726 1023 4776 καὶ
1041 4726 1109 4777 coni.
1132 4729 1189 4792 θρα
1214 4713 1240 4777 δί
1258 4728 1302 4777 καὶ
1323 4730 1352 4777 V:
1372 4725 1398 4778 δὲ
1417 4729 1496 4779 καὶε

207 4809 289 4877 ἄπατη
310 4812 333 4858 V
423 4808 455 4858 27
478 4809 619 4879 ἀφροσύνης
637 4829 652 4861 a
671 4814 715 4878 Sp.
813 4814 904 4870 κακίας
922 4831 986 4871 τινος
1006 4812 1082 4884 ἄλλης
1101 4815 1169 4866 coni.
1189 4816 1234 4882 Sp:
1332 4813 1365 4866 28
1383 4814 1465 4868 κακόν
1486 4816 1562 4887 πᾶσα]

207 4902 273 4952 πᾶσι
293 4896 371 4951 κακόν
391 4897 458 4948 coni.
478 4898 522 4969 Sp.
541 4897 603 4948 item
623 4914 646 4948 v.
660 4899 694 4951 30
