3540 5610
584 312 664 371 οεοι
684 313 843 372 immi
865 314 924 372 ιιι
945 296 1122 373 Arabim
1137 318 1238 372 15-16
1527 316 1591 382 233

285 496 344 552 τ’ων
367 490 416 552 καῖ
439 490 571 561 σώζοντα
593 467 644 559 τὰς
667 490 731 573 περὶ
753 493 806 574 τῆς
828 490 959 573 κράσεως
982 491 1078 560 κοινάς
1101 493 1271 575 προλήψεις,
1300 490 1387 572 μόνος
1405 488 1537 573 Ἀριστο-

283 590 370 674 τέλης
403 590 450 675 εἴη
484 589 518 653 ἂν
541 592 589 654 τὸν
623 591 723 676 ἀληθῆ
746 592 810 676 περὶ
833 596 885 675 τῆς
907 593 1039 675 κράσεως
1071 593 1270 662 ἀποδεδωκὼς
1298 595 1392 675 λόγον.
1438 590 1482 653 ότι
1505 591 1537 652 δὲ

285 690 348 775 (τὰ)
368 695 523 778 κιρνάμενα
545 694 709 776 διαιροῦντά
730 716 761 755 τε
783 697 899 777 πρῶτον
922 693 1035 779 ἄλληλα
1060 696 1063 776 l
1088 699 1136 757 καὶ
1158 701 1196 778 πή
1220 695 1294 759 κατὰ
1318 695 1406 779 μικρὰ
1429 717 1518 777 παρα·
1541 697 1589 754 llll

285 793 367 857 θέσει
383 793 583 878 εὐπαθέστερα
604 795 740 878 γινόμενα
755 796 869 859 ἑνοῦταί
883 819 914 859 τε
936 799 983 860 καλ
1000 799 1150 878 ὁμοιοῦται
1173 798 1246 861 κατά
1262 798 1294 860 τδ
1318 797 1393 863 εἶδος
1416 797 1463 859 καλ
1486 795 1538 864 τὰς

249 895 466 981 σδμοιότητας,
489 899 537 961 καὶ
560 897 634 960 κατὰ
656 900 709 981 τὴν
732 896 869 981 αἴσθησίν
892 899 954 962 ἐστι
976 902 1129 983 γνώριμον.
1167 899 1225 969 έως
1246 899 1300 983 γάρ
1323 896 1365 961 ἔτι
1388 898 1466 983 μένει
1481 902 1539 961 τῶν

284 999 462 1084 κιρναμένων
484 1001 622 1085 ἑκάτερον
644 999 693 1062 ἐπὶ
715 1004 768 1083 τῆς
789 1000 898 1069 οἰκείας
920 1001 1030 1082 οὐσίας,
1054 1005 1073 1084 ή
1096 999 1145 1064 ὑπ’
1168 1002 1304 1084 ἀλλήλων
1319 1000 1453 1083 γινομένη
1477 1001 1537 1062 διά·

286 1122 376 1184 κρισις
408 1101 504 1166 αὐτῶν
539 1103 587 1166 καὶ
620 1102 679 1165 άπὸ
712 1107 765 1184 τῆς
797 1106 855 1164 τῶν
889 1106 1055 1187 χρωμάτων
1088 1106 1229 1188 διαφορᾶς
1251 1105 1357 1186 γίνεται
1379 1105 1535 1187 γνώριμος·
1563 1118 1577 1159 ⁶

286 1203 358 1287 ὑγρὰ
381 1202 448 1268 όντα
471 1205 520 1268 καὶ
543 1203 703 1288 εὐδιαίρετα
726 1205 773 1267 καλ
796 1203 919 1285 ἀνόμοια
942 1206 998 1267 ὑπὸ
1022 1212 1073 1290 τῆς
1096 1210 1210 1290 πληγῆς
1230 1212 1282 1290 τῆς
1305 1205 1378 1268 κατὰ
1400 1206 1452 1287 τὴν
1476 1205 1537 1267 ἐπί-

287 1326 372 1390 χυσιν
395 1306 512 1390 θατέρῳ
536 1306 658 1389 θάτερον
682 1306 777 1391 ἀρχὴν
799 1305 925 1391 λαβόντα
949 1312 999 1370 τοῦ
1022 1311 1138 1393 διαιρεῖν
1162 1309 1285 1392 ἄλληλα,
1320 1307 1389 1370 όντα
1410 1309 1458 1370 καὶ
1481 1308 1537 1369 ἀνι·

234 1428 266 1476 ιο
285 1409 425 1492 σόρροπα,
448 1411 475 1473 εἰ
497 1409 590 1478 οὕτως
612 1409 706 1494 τὺχοι,
729 1410 762 1472 τό
787 1409 839 1492 μὲν
863 1410 1019 1495 βαρύτερον
1043 1411 1138 1474 αὐτῶν
1154 1414 1283 1496 διαιροῦν
1306 1410 1424 1494 φέρεται
1447 1410 1536 1484 κάτω,

286 1516 337 1574 τοῦ
360 1512 391 1574 δὲ
414 1511 594 1596 κουφοτέρου
628 1512 664 1574 τὰ
688 1509 773 1595 μόρια
796 1511 1008 1597 ὑποχωροῦντα
1035 1518 1095 1582 τοῖς
1123 1514 1289 1598 βαρυτέροις
1322 1514 1464 1595 ἐπιπολῆς
1486 1513 1537 1575 αὐ·
1553 1528 1579 1569 ιο

284 1617 343 1676 τῶν
366 1614 483 1678 σπεύδει
504 1613 650 1695 γενέσθαι.
690 1615 726 1697 ήν
748 1616 869 1697 τοπικήν
894 1616 1049 1701 μετάβασιν
1072 1615 1168 1679 αὐτῶν
1203 1617 1299 1699 ίστησι
1326 1617 1494 1699 φθάνουσαν
1517 1616 1536 1697 ἡ

285 1715 358 1780 κατὰ
381 1716 464 1799 πάθη
488 1717 646 1799 μεταβολή,
670 1717 776 1780 ἐνοῦσα
797 1715 873 1779 αὐτὰ
896 1721 934 1800 τῇ
956 1717 1030 1779 κατὰ
1053 1719 1145 1780 πάντα
1168 1718 1327 1801 ὁμοιότητι,
1357 1719 1373 1781 ὃ
1396 1719 1444 1780 καῖ
1466 1715 1537 1779 αὐτὸ

112 1888 123 1901 ,
200 1833 267 1888 XV!
291 1823 338 1903 τῇ·
353 1817 417 1901 ὄψει
439 1819 545 1901 γίνεται
567 1820 720 1902 γνώριμον.
762 1815 842 1882 Ἐπεὶ
865 1820 897 1882 δὲ
919 1820 990 1903 πρὸς
1013 1822 1194 1903 κατασκευήν
1227 1826 1277 1883 τοῦ
1301 1826 1388 1905 σῶμα
1410 1821 1457 1882 διὰ
1480 1821 1537 1882 σώ-

232 1941 264 1990 15
284 1944 373 2003 ματος
395 1927 504 2006 χωρεῖν
526 1925 656 2006 χρῶνται
678 1922 726 1984 καλ
749 1927 810 1989 ταῖς
832 1925 890 1984 τῶν
914 1921 999 2006 ζῴων
1023 1922 1071 1984 διὰ
1105 1927 1158 2004 τῆς
1186 1930 1297 2008 τροφής
1319 1924 1473 2008 αὐξήσεσιν
1497 1923 1537 2004 (εί
1553 1937 1578 1978 1⁶

283 2024 338 2108 γὰρ
362 2021 506 2107 [αὔξησις]
529 2028 566 2105 τῇ
584 2023 741 2107 προσθήκῃ
757 2029 809 2108 τῆς
831 2029 940 2108 τροφής
963 2027 1057 2106 πάντη
1080 2025 1128 2088 καλ
1154 2024 1269 2094 αὔξεται
1290 2027 1326 2088 τὰ
1348 2024 1537 2106 αὐξανόμενα,

283 2127 378 2208 πάντη
402 2124 478 2208 άνή
501 2127 594 2209 τροφὴ
617 2126 818 2210 προσκρίνοιτο
851 2130 894 2210 τῷ
918 2125 1079 2211 ὑπάρχοντι
1113 2130 1240 2208 σώματι·
1275 2128 1332 2213 οὐχ
1359 2128 1420 2191 οίόν
1447 2151 1478 2190 τε
1505 2127 1537 2189 δὲ

284 2229 379 2311 πάντη
413 2227 624 2311 προσκριθήναι
652 2228 704 2310 τὴν
733 2228 774 2311 μὴ
808 2227 856 2290 διὰ
889 2227 994 2298 παντός
1020 2252 1052 2292 τε
1084 2231 1130 2292 καὶ
1155 2232 1226 2314 πρὸς
1260 2235 1316 2292 ποῖν
1351 2231 1536 2315 ἐνεχθεῖσαν·

284 2328 344 2393 ἀλλ’
372 2330 398 2393 εἰ
420 2330 468 2394 διὰ
490 2331 596 2398 παντὸς
618 2331 637 2412 ἡ
660 2332 754 2414 τροφὴ
777 2335 827 2394 τοῦ
851 2333 986 2414 σώματος
1009 2331 1138 2416 φέρεται,
1162 2337 1249 2414 σῶμα
1271 2331 1354 2406 οὐσα,
1383 2332 1535 2414 ἀναγκαῖον
1551 2347 1579 2388 ιο

232 2454 267 2500 20
284 2434 357 2497 εἶναι
382 2431 468 2507 δόξει,
491 2436 579 2516 σῶμα
600 2432 649 2496 διὰ
664 2435 801 2515 σώματος
816 2437 935 2519 χωρεῖν,
960 2431 990 2497 εἴ
1001 2457 1034 2516 γε
1057 2434 1152 2517 μόνως
1176 2436 1269 2504 οὑτως
1291 2435 1352 2497 οἶόν
1375 2458 1406 2496 τε
1428 2436 1480 2517 τήν
1503 2435 1537 2497 ἐκ

284 2541 336 2620 τῆς
368 2540 478 2619 τροφῆς
513 2536 685 2619 προσθήκην
719 2536 803 2599 παντὶ
825 2541 869 2621 τῷ
893 2537 1064 2622 τρεφομένῳ
1092 2538 1223 2620 γίνεσθαι
1250 2537 1389 2619 σώματι),
1422 2536 1466 2599 ότι
1489 2534 1537 2598 οὐν

286 2641 327 2723 μὴ
351 2638 444 2706 οὕτως
466 2637 499 2700 τδ
521 2637 684 2721 τρέφεσθαί
702 2660 733 2700 τε
755 2638 804 2701 καὶ
819 2637 958 2708 αὔξεσθαι
979 2639 1083 2721 γίνεται
1107 2639 1206 2721 (οὐδὲν
1228 2640 1283 2723 γὰρ
1305 2643 1363 2701 τῶν
1386 2639 1537 2701 ἀδυνάτων

284 2741 406 2823 γίνεται)
420 2740 492 2824 φέρε
513 2739 598 2821 ήκαὶ
621 2739 662 2802 οῦν
686 2739 844 2824 ἐκθέμενος
866 2743 918 2825 τὴν
948 2740 1158 2825 Αριστοτέλους
1181 2741 1264 2810 δόξαν
1287 2743 1339 2824 τὴν
1362 2742 1428 2825 περὶ
1450 2739 1537 2823 αὐξή-

285 2846 361 2913 σεός
382 2865 413 2906 τε
435 2844 484 2906 καὶ
507 2846 626 2926 τροφῆς.
665 2845 825 2928 ποιήσομαι
858 2844 891 2906 δὲ
924 2845 972 2906 τόν
1006 2843 1090 2926 λόγον
1113 2844 1160 2906 ἐπὶ
1183 2848 1242 2906 τῶν
1272 2844 1376 2928 κυρίως
1400 2842 1538 2912 αὔξεσθαι
1552 2859 1579 2901 κο
1698 2905 1699 2908 ,

231 2965 265 3014 25
284 2946 458 3028 λεγομένων,
490 2945 538 3008 ἐπὶ
560 2945 669 3008 τούτων
690 2945 745 3030 γὰρ
768 2946 816 3009 καλ
839 2947 858 3029 ἡ
882 2947 988 3030 ἀπορία
1010 2945 1155 3030 πρόεισιν·
1185 2944 1246 3009 ἔστι
1266 2948 1297 3010 δὲ
1320 2951 1411 3010 ταῦτα
1432 2945 1469 3009 τὰ
1491 2947 1538 3008 διὰ

284 3053 335 3112 τοῦ
357 3047 516 3132 τρέφεσθαι
537 3047 591 3131 τὴν
614 3047 787 3132 προσθήκην
810 3048 1004 3133 λαμβάνοντα.
1048 3049 1184 3131 τρέφεται
1218 3050 1250 3111 δὲ
1273 3050 1328 3112 όσα
1350 3050 1402 3131 τὴν
1426 3049 1539 3132 θρεπτι-

284 3154 339 3235 κὴν
361 3149 426 3235 ἔχει
448 3150 567 3230 δύναμιν
591 3149 621 3212 ἐν
642 3149 749 3229 αὑτοῖς,
776 3148 779 3232 l
803 3155 922 3214 τοιαῦτα
944 3152 977 3214 δὲ
999 3150 1035 3213 τὰ
1056 3151 1135 3234 φυτὰ
1158 3151 1206 3214 καί
1229 3151 1265 3213 τὰ
1288 3155 1363 3236 ζῷα.
1402 3150 1458 3214 όσα
1481 3153 1517 3234 δή
1542 3158 1590 3214 618

285 3259 345 3323 τοῖς
366 3254 458 3323 οὑτως
481 3252 685 3336 αὐξανομένοις
706 3253 834 3338 ὑπάρχει
869 3255 916 3317 καὶ
951 3253 1005 3318 όσα
1028 3255 1076 3316 δεῖ
1095 3255 1248 3337 φυλάττειν
1274 3253 1341 3321 τούς
1368 3254 1434 3336 περὶ
1456 3253 1540 3338 αὐξή-

287 3377 362 3425 σεως
384 3356 530 3440 λέγοντας,
565 3355 677 3439 ἀνάγκη
703 3359 793 3419 ταῦτα
819 3359 935 3440 πρῶτον
968 3355 1125 3419 ἐκθέσθαι·
1165 3360 1254 3419 ταῦτα
1287 3356 1340 3438 γὰρ
1367 3358 1437 3439 ήμῖν
1471 3353 1539 3417 όντα

234 3479 269 3529 30
286 3463 416 3544 γνώριμα
439 3456 606 3522 συντελέσει
627 3459 699 3541 πρὸς
720 3459 773 3541 τὴν
795 3461 854 3521 τῶν
877 3457 1089 3542 ῥηθησομένων
1113 3458 1214 3541 κρίσιν.
1254 3458 1289 3520 τὰ
1305 3460 1342 3541 δή
1358 3455 1537 3539 αὐξανόμενα

288 3565 381 3628 πάντα
402 3558 572 3645 προσιόντος
592 3560 625 3642 γέ
640 3583 715 3629 τινος
736 3562 836 3629 αὐτοῖς
857 3558 966 3630 ἔξωθεν
989 3559 1113 3639 αὔξεται,
1137 3558 1168 3622 εί
1178 3583 1211 3641 γε
1239 3560 1285 3622 διὰ
1307 3564 1358 3622 τοῦ
1381 3560 1540 3644 τρέφεσθαι
1567 3577 1581 3618 π

284 3667 318 3730 τδ
339 3663 479 3734 αὔξεσθαι
499 3664 617 3747 γίνεται,
652 3660 695 3725 ἔτι
716 3685 748 3725 τε
770 3661 830 3747 (οὐ)
852 3661 926 3726 κατά
950 3663 1048 3745 μόριον
1070 3665 1123 3747 τὴν
1151 3663 1278 3726 ἐπιδοσιν
1307 3663 1459 3747 λαμβάνει.
1504 3663 1538 3725 οὐ

284 3768 338 3850 γὰρ
361 3765 442 3830 ἕντι
466 3768 486 3850 ἡ
508 3764 627 3851 αὐξησις
649 3768 708 3835 τοῖς
729 3763 934 3846 αὐξανομένοις
966 3764 1040 3827 κατὰ
1063 3764 1157 3848 φύσιν,
1193 3765 1293 3849 ὥσπερ
1315 3764 1359 3833 οἷς
1382 3763 1490 3834 ἔξωθέν
1512 3789 1538 3827 τι

232 4000 392 4058 1κοινοὺςο
465 3999 487 4050 1.
502 3997 518 4052 2
536 3995 716 4067 Ἀριστοτέλους
729 3999 769 4050 Ru
841 3992 980 4063 2λόγουο
1055 3994 1121 4048 3τὰ
1134 3995 1224 4049 addidi
1295 3995 1437 4067 διαιροῦντα
1452 3995 1593 4049 Schwartz:

230 4087 359 4159 διαιρεῖπαί
376 4087 436 4141 libri
518 4082 723 4155 4ιύπαθίστερα
734 4082 826 4151 Apelt:
845 4078 1003 4152 ἀπαθέστερα
1016 4082 1075 4136 libri
1159 4080 1357 4151 δόμοιόπητας]
1376 4082 1487 4138 fortasse
1507 4084 1592 4137 ποιό-

229 4193 328 4246 τητας
398 4171 489 4244 ῖτῖγς]
508 4172 648 4230 τὰςΙόείυι·
728 4168 953 4240 θίοήσυυσζὺγρό
977 4171 1066 4242 (γὰρ)
1148 4169 1181 4222 10
1200 4168 1283 4242 τύχοι]
1300 4169 1366 4240 τύχη
1386 4189 1403 4223 a
1485 4173 1513 4223 11
1535 4190 1593 4225 κου·

229 4288 342 4357 φοτάτου
354 4290 394 4340 Ιῖε
467 4285 499 4338 13
517 4286 619 4350 1νοῦσα]
637 4257 726 4337 ίνσῦσα
738 4284 774 4336 sic
786 4288 823 4335 A:
837 4283 940 4335 ίνοῦσαν
952 4287 974 4335 Ρ
1048 4280 1079 4333 15
1092 4280 1231 4351 αὐξήσεσιν,
1249 4283 1303 4344 (καὶ
1316 4285 1371 4351 περὶ
1383 4282 1481 4336 τούτων
1497 4283 1593 4337 διαλεκ-

228 4373 391 4438 τίον>Ιόο1υι
443 4372 688 4442 τίοσιῖρεὶιήθθτί
749 4367 895 4440 16αὐξησις
908 4369 991 4424 delevi
1046 4372 1169 4441 τροπήςιι
1229 4369 1322 4439 πάντη]
1336 4370 1558 4424 ίοιῐιιεεοπάντα

232 4463 263 4514 l'l
282 4461 420 4533 ὑπάρχοντι
439 4462 566 4513 A¹BPSO
585 4460 671 4526 (signo
691 4459 861 4527 praeposit0):
881 4458 1065 4528 προυπαρχοντι
1086 4455 1163 4508 Allia
1236 4456 1266 4508 17
1281 4462 1307 4509 ot
1321 4458 1353 4510 18
1371 4458 1465 4527 πάντη]
1484 4458 1594 4511 fortasse

229 4550 304 4602 παντὶ
371 4549 401 4601 18
415 4549 451 4618 μη
464 4548 570 4615 scripsi:
585 4547 643 4614 μίαν
657 4546 717 4599 libri
792 4544 853 4613 πρός
866 4542 1009 4616 ῖνεχθεῖσαν
1023 4562 1049 4596 a:
1068 4542 1275 4615 προσενεχθεῖσαν
1289 4544 1370 4598 Ιόσίετ
1433 4546 1467 4598 ‘23
1480 4547 1538 4614 φέρε
1551 4547 1595 4597 καὶ

229 4641 285 4700 (νῦν
298 4633 502 4704 ἀποδειξιύμεθα)
512 4631 645 4701 ίκθίμενοι
658 4632 755 4685 ldelor:
769 4633 878 4685 fortasse
890 4627 948 4702 φέρ’
963 4629 1098 4698 εἴπωμεν
1112 4630 1263 4699 ἐκθέμενοι
1334 4630 1466 4701 ἐπιθέμενοι
1475 4636 1564 4687 BOPS

233 4723 403 4796 θ’ίῑχιισοΙΙ.
417 4720 626 4790 ρσεῐαὺτοῖςΒσ
679 4719 722 4790 δὴ]
736 4719 774 4772 δεῖ
783 4719 861 4787 Apelt
918 4718 951 4771 28
965 4717 1071 4790 ὑπάρχει
1083 4719 1188 4787 scripsi:
1202 4717 1323 4791 ὑπάρχειν
1337 4719 1397 4772 libri
1451 4719 1487 4772 δεῖ
1500 4720 1593 4771 ldeler:

232 4810 263 4880 δὴ
282 4811 343 4864 libri
405 4808 564 4866 vobem:
584 4808 766 4876 rlcfflsscl’s
829 4806 862 4858 29
882 4805 943 4858 ὄντα
956 4820 1005 4858 om.
1020 4806 1101 4858 ldeler
1163 4806 1196 4858 32
1213 4805 1361 4866 αὐξάνεσθαι
1375 4811 1413 4860 Ra
1476 4807 1513 4859 ἔτι
1524 4826 1551 4859 τε
1564 4807 1594 4860 οὐ

232 4899 337 4968 scripsi:
356 4897 394 4950 ἔτι
406 4915 433 4950 τι
451 4896 524 4950 libri:
544 4895 581 4948 ότι
599 4894 626 4948 δὲ
640 4894 734 4949 ldolor:
754 4892 808 4949 οὐτε
820 4893 847 4948 δὲ
861 4893 939 4963 Apelt
1013 4893 1046 4946 33
1065 4893 1173 4946 fortasse
1195 4890 1298 4960 (καθ’)
1316 4893 1341 4948 lv
1360 4911 1396 4946 τιι
1416 4895 1467 4949 ἐστι
1482 4894 1559 4965 Apelt
