3540 5610
687 295 891 350 ALEXANDRI
916 296 959 349 DE
983 296 1094 350 ANlllh
1525 297 1569 364 89

268 467 410 537 τοιούτοις.
446 467 479 532 τύ
501 493 533 532 τε
554 469 608 554 γὰρ
633 471 756 553 μαλιστα
779 468 892 553 ύρατύν,
915 472 1041 532 τοιοῦτον
1065 469 1097 531 δὲ
1119 470 1152 532 τὸ
1169 472 1243 553 φῶς,
1265 470 1313 532 καὶ
1336 472 1395 538 τοῖς
1417 467 1515 539 ἄλλοις
1529 486 1556 528 ιο

267 574 325 639 τοῖς
346 571 462 655 ὁρατοῖς
483 571 573 634 αἴτιον
600 576 651 635 τοῦ
679 571 751 636 εἶναι
774 573 903 656 ὁρατοῖς,
935 572 1080 634 ἀλλὰκαὶ
1107 571 1139 632 τὸ
1163 572 1289 652 μάλιστα
1319 572 1367 634 καὶ
1393 575 1516 655 πρώτως

266 673 375 754 ἀγαθὸν
403 674 451 737 καὶ
478 679 537 743 τοῖς
560 673 657 744 ἄλλοις
684 675 805 758 ἀγαθοῖς
831 673 920 739 αἴτιον
944 679 995 737 τοῦ
1023 672 1096 737 εἶναι
1116 675 1267 743 τοιούτοις·
1302 673 1338 737 τὰ
1359 673 1414 758 γὰρ
1441 674 1516 739 άλλα

267 776 364 857 ἀγαθά
386 781 423 859 τῇ
447 777 518 860 πρὸς
532 781 616 840 τοῦτο
640 779 786 862 συντελείᾳ
807 778 939 863 κρίνεται.
973 779 1021 841 καὶ
1043 777 1076 839 τὸ
1098 777 1222 860 μάλιστα
1244 777 1280 860 δὴ
1304 777 1352 840 καὶ
1372 782 1409 860 τῇ
1426 777 1516 840 αύτοῦ

234 878 350 961 ερύσει
372 880 475 962 νοητὸν
497 878 624 962 εύλύγως
646 878 735 945 αἴτιον
759 882 807 945 καὶ
829 886 881 966 τῆς
903 884 960 944 τῶν
983 878 1079 943 άλλων
1101 880 1240 962 νοήσεως.
1278 884 1405 943 τοιοῦτον
1429 880 1461 943 δὲ
1484 879 1515 942 ὃν

265 980 311 1063 εἴη
336 980 370 1044 ἂν
398 983 415 1045 6
442 981 590 1064 ποιητικὸς
617 985 692 1052 νοῦς.
736 984 762 1046 εί
783 983 836 1068 γὰρ
864 984 905 1068 μὴ
933 983 968 1069 ἦν
995 1008 1022 1046 τι
1047 983 1149 1067 νογτῦν
1177 980 1276 1066 φύσει,
1305 979 1366 1045 οὐδ’
1396 981 1429 1044 ἂν
1455 987 1513 1044 τῶν

266 1082 363 1146 ἄλλων
386 1107 413 1146 τι
434 1084 535 1168 νοητὸν
559 1083 677 1166 ἐγίνετο,
701 1087 742 1154 ὡς
763 1086 938 1171 προείρηται.
984 1085 1013 1148 ἐν
1035 1085 1089 1168 γὰρ
1111 1087 1198 1147 πᾶσιν
1221 1084 1251 1146 ἐν
1274 1084 1317 1153 οἷς
1338 1085 1370 1147 τὸ
1395 1086 1445 1167 μὲν
1469 1110 1516 1148 κυ-

265 1185 335 1268 ρίως
357 1186 386 1249 τί
398 1186 485 1262 ἐστιν,
508 1187 540 1249 τὸ
564 1188 596 1249 δὲ
611 1186 762 1272 δευτέρως,
785 1190 817 1251 τὸ
838 1189 981 1274 δευτέρως
1004 1186 1081 1272 παρὰ
1104 1191 1154 1250 τοῦ
1170 1187 1276 1270 κυρίως
1297 1189 1330 1251 τὸ
1350 1186 1422 1251 εἶναι
1442 1185 1514 1272 ἔχει.
1530 1203 1556 1245 ιο

266 1285 320 1367 ἔτι,
343 1289 370 1351 εἰ
391 1289 553 1359 ύτοιοῦτος
574 1294 641 1359 νοῦς
661 1291 694 1353 τὸ
718 1296 832 1375 πρῶτον
854 1290 955 1368 αἴτιον,
979 1290 994 1353 ὃ
1016 1291 1093 1354 αἰτία
1114 1290 1161 1352 καὶ
1184 1291 1262 1376 ἀρχὴ
1286 1294 1337 1354 τοῦ
1352 1289 1424 1353 εἶναι
1447 1295 1517 1353 πᾶσι

218 1405 248 1449 ιο
261 1395 324 1460 τοῖς
345 1390 458 1468 οῦιλοις,
487 1392 533 1477 είγ
557 1390 591 1454 ἂν
620 1392 781 1477 καὶταύτῃ
804 1393 965 1478 ποιητικός,
994 1389 1016 1478 ᾗ
1041 1392 1129 1461 αὐτὸς
1154 1391 1244 1461 αἴτιος
1273 1395 1322 1455 τοῦ
1346 1391 1418 1455 εἶναι
1445 1397 1515 1456 πᾶσι

263 1499 324 1564 τοῖς
345 1493 519 1577 νοουμένοις.
564 1495 611 1557 καὶ
634 1491 710 1559 ἔστιν
739 1497 755 1558 6
778 1501 905 1566 chlodeo<
931 1500 997 1566 νοῦς
1023 1495 1167 1582 χωριστύς
1194 1518 1225 1556 τε
1251 1495 1299 1558 καὶ
1327 1495 1446 1578 ἀπαθὴς
1468 1497 1516 1558 καὶ

261 1597 371 1680 ἀμιγὴς
392 1596 484 1681 άλλιρ,
507 1596 526 1658 ἃ
549 1597 641 1660 πάντα
662 1596 745 1682 αὐτῷ
768 1597 869 1662 διὰτὸ
892 1601 983 1684 χωρὶς
1005 1600 1076 1683 ύλιγς
1097 1598 1168 1662 εἶναι
1192 1598 1326 1683 ὑπάρχει.
1370 1597 1514 1682 χωριστύς

260 1724 295 1764 τε
316 1700 370 1785 γὰρ
392 1701 441 1763 καὶ
462 1697 549 1769 αὐτὸς
572 1697 642 1789 καθ’
663 1701 750 1764 αὑτὸν
774 1701 814 1763 ὢν
837 1701 884 1764 διὰ
907 1706 1000 1765 τοῦτο.
1034 1701 1168 1785 τῶνγὰρ
1191 1700 1300 1763 ἐνύλων
1323 1701 1407 1763 εἰδῶν
1431 1700 1514 1763 οὐδὲν

259 1803 406 1888 χωριστὸν
432 1802 451 1886 ἦ
475 1801 553 1886 λύγῳ
582 1800 668 1885 μόνον
695 1805 738 1887 τῷ
768 1803 880 1888 φθορὰν
908 1803 1004 1867 αὐτῶν
1033 1803 1104 1867 εἶναι
1133 1804 1182 1866 τὸν
1205 1803 1263 1867 άπὸ
1285 1808 1337 1887 τῆς
1365 1803 1435 1888 ύλιγς
1457 1827 1515 1889 χω·

218 1921 248 1966 15
262 1905 378 1989 ρισμύν.
422 1905 499 1968 ἀλλὰ
525 1906 573 1968 καλ
596 1904 729 1989 ἀπαθής,
756 1903 800 1968 ύτι
825 1907 858 1968 τὸ
881 1907 995 1992 πάσχον
1023 1908 1053 1970 ἐν
1080 1911 1165 1970 πᾶσιν
1194 1908 1213 1989 ἡ
1237 1907 1291 1990 ύλη
1318 1907 1367 1968 καὶ
1393 1905 1425 1967 τὸ
1448 1906 1557 1968 ὑπο-νυ

264 2009 406 2090 κείμενον.
442 2007 561 2092 ἀπαθὴς
583 2007 616 2070 δὲ
638 2008 678 2070 ὢν
701 2008 750 2070 καὶ
773 2008 813 2092 μὴ
838 2010 1010 2092 μεμιγμένος
1033 2011 1089 2093 ύλγγ
1111 2009 1163 2071 τινὶ
1186 2010 1233 2072 καὶ
1256 2007 1405 2094 ἄφθαρτός
1428 2009 1514 2099 ἐστιν,

261 2110 391 2194 ἐνέργεια
417 2111 530 2174 ὤνκαὶ
557 2109 632 2178 εἶδος
658 2111 751 2194 χωρὶς
777 2113 927 2193 δυνάμεώς
955 2114 1056 2176 τεκαὶ
1079 2113 1158 2197 ύλγς.
1204 2107 1331 2174 τοιοῦτον
1360 2112 1392 2174 δὲ
1415 2110 1446 2173 ὃν
1469 2111 1512 2175 δέ·

260 2217 370 2278 ῦεικται
394 2211 442 2276 ὑπ’
466 2209 687 2304 ’ᾼριστυτέλους
712 2213 745 2275 τὺ
767 2219 882 2298 πρῶτον
904 2213 1008 2291 αἴτιον,
1039 2215 1126 2278 ὃκαὶ
1152 2215 1256 2298 κυρίως
1279 2213 1340 2277 ἐστὶ
1362 2218 1436 2282 νοῦς.
1481 2215 1513 2276 τὸ

260 2316 317 2401 γὰρ
339 2316 429 2379 ἄυλον
452 2314 528 2384 είῦος
554 2316 570 2379 6
594 2316 698 2399 κυρίως
720 2320 795 2386 νοῦς.
840 2317 884 2380 διὸ
907 2319 955 2381 καὶ
980 2321 1147 2402 τιμιώτερος
1169 2316 1252 2385 οὗτος
1280 2316 1295 2378 6
1318 2320 1383 2385 νοῦς
1410 2319 1461 2379 τοῦ
1483 2315 1513 2379 ἐν

219 2436 250 2480 20
264 2423 334 2504 ἡμῖν
356 2442 388 2482 τε
411 2419 460 2482 καὶ
480 2418 590 2495 ύλικυῦ,
613 2417 657 2480 ὅτι
679 2418 709 2482 ἐν
730 2423 816 2483 πᾶσιν
838 2421 871 2483 τὸ
892 2425 990 2484 ποιοῦν
1013 2425 1065 2483 τοῦ
1087 2422 1251 2506 πάσχοντος
1272 2421 1440 2503 τιμιώτερον
1462 2422 1509 2483 καὶ

261 2525 297 2586 τὸ
318 2523 411 2608 χωρὶς
438 2522 509 2605 ῦλης
532 2525 582 2585 τοῦ
610 2521 660 2585 σὺν
684 2523 750 2605 ύλγγ.
797 2522 828 2585 ὃν
852 2524 867 2586 6
890 2529 964 2586 νοῶν
992 2527 1072 2602 νοῦς,
1100 2521 1168 2586 ὅταν
1195 2522 1282 2586 αὐτὸν
1306 2527 1377 2606 νοῇ,
1404 2520 1513 2591 ἐκεῖνύς

261 2651 324 2696 πως
339 2626 457 2709 γίνεται,
479 2622 511 2687 εί
525 2647 558 2706 γε
580 2625 612 2687 τὸ
635 2628 710 2687 νοεῖν
733 2625 763 2687 ἐν
785 2628 829 2710 τῷ
852 2627 950 2715 λαβεῖν
972 2627 1006 2689 τὸ
1021 2624 1099 2695 εἶδος
1121 2626 1153 2688 τὸ
1169 2625 1323 2708 νοούμενον
1345 2625 1394 2687 καὶ
1409 2626 1512 2708 ύμοιω-
1526 2642 1554 2684 νο

261 2730 348 2814 θῆναι
370 2727 470 2813 alte,
494 2724 642 2809 ἀναλόγως
665 2721 701 2809 τῇ
726 2727 890 2812 ἐπιστήμῃ,
918 2728 937 2812 ἣ
964 2727 1032 2792 ὅταν
1055 2727 1156 2813 ἐνεργῇ
1181 2730 1212 2792 τὸ
1237 2728 1436 2813 θεωρούμενον
1459 2727 1508 2791 ὑπ’

202 2935 278 2988 2-5
297 2934 360 2988 υιι
378 2934 423 2986 ιιι
439 2930 589 2986 τι-οιιων
607 2931 729 3002 volume]
749 2916 851 2986 rce'nso
870 2935 904 2986 ist
923 2935 969 2987 cas
989 2935 1067 3003 cing,
1085 2933 1192 2986 welches
1210 2933 1238 2984 ιη
1257 2932 1380 2985 chorites
1397 2933 1452 2985 unc
1471 2935 1564 3003 haupt-

203 3023 318 3076 sichlich
338 3027 386 3091 gut
404 3022 446 3084 ist,
465 3020 531 3073 auch
550 3020 592 3072 die
608 3020 730 3085 Ursache‚
749 3021 808 3074 dass
827 3022 869 3075 die
887 3021 1001 3075 anderen
1018 3021 1111 3089 [linge
1128 3019 1223 3073 welche
1242 3020 1298 3072 dem
1313 3020 1400 3072 Guten
1418 3021 1564 3089 beigezdhlt

204 3109 308 3163 worden
327 3109 470 3177 (werwandt
487 3105 590 3173 sludl),
614 3107 670 3160 dem
690 3091 777 3161 (luten
796 3110 940 3178 beigezr'ehlt
958 3109 1060 3161 werden
1082 3106 1140 3174 (cul
1157 3136 1190 3144 -
1209 3104 1366 3175 bezogenl).
1401 3109 1475 3160 Denn
1499 3106 1563 3162 elles

204 3198 331 3265 Uebrige,
350 3213 402 3249 was
420 3196 471 3249 den
490 3194 576 3248 Gulen
595 3194 740 3263 beigczhhlc
757 3195 834 3261 wird‚
858 3197 990 3248 erhenncn
1008 3196 1063 3249 und
1083 3194 1227 3248 beurteilen
1246 3195 1291 3246 wir
1308 3194 1347 3246 als
1366 3199 1414 3263 gut
1432 3197 1461 3248 in
1478 3198 1564 3250 ceiner

204 3286 341 3353 Richtung
362 3286 430 3337 nach
448 3285 534 3336 dieser
551 3283 620 3335 Seihe
643 3282 707 3334 und
730 3282 826 3335 durch
849 3285 920 3336 scin
938 3283 1138 3335 Aulnehmen
1161 3282 1215 3335 der
1234 3281 1359 3349 Spuren
1382 3283 1565 3338 desselben.

204 3373 269 3425 Wcs
287 3372 344 3426 also
363 3369 548 3424 inchescndere
567 3370 601 3421 im
620 3370 715 3422 Wescn
738 3371 822 3423 seines
840 3370 1004 3423 natdrlichen
1023 3369 1117 3446 [τιμίου
1136 3369 1295 3437 Bcgriffenes
1313 3371 1362 3435 ist,
1386 3370 1432 3422 das
1453 3372 1488 3423 ist
1504 3374 1564 3423 not·

204 3461 308 3529 wendig
328 3460 370 3512 die
389 3457 511 3522 Urscche,
529 3457 589 3510 dass
608 3457 649 3509 dic
668 3457 779 3526 dhrigcn
797 3457 970 3526 intelligibeln
989 3458 1074 3525 lllnge
1093 3455 1219 3524 begriden
1238 3456 1339 3509 werden
1426 3457 1441 3508 ‘l
1461 3457 1565 3528 κυρίως]

203 3548 240 3600 im
253 3549 358 3600 wahren
372 3545 438 3598 Sinn
456 3543 511 3596 und
529 3545 561 3596 in
580 3543 635 3596 der
653 3551 764 3597 ersten
776 3546 885 3597 Weise
956 3544 972 3596 8
991 3543 1020 3596 τὸ
1033 3542 1256 3616 δευτέρως-ἔχει]
1275 3544 1339 3597 wird
1358 3561 1446 3612 wegen
1465 3544 1558 3598 dessen

204 3651 256 3688 was
275 3637 303 3687 in
319 3635 408 3704 jenern
428 3633 560 3685 Zuslande
579 3632 607 3683 in
627 3632 672 3683 der
691 3636 778 3684 ersten
797 3634 884 3686 Weiss
903 3634 946 3697 ist,
965 3632 1010 3684 des
1030 3631 1118 3683 zwcitc
1137 3632 1166 3682 in
1180 3630 1268 3698 jenem
1287 3632 1420 3685 Zustande
1439 3634 1495 3684 sein

206 3723 307 3776 10-11
334 3721 373 3791 εἴη
392 3717 612 3788 ἂν-νοουμίνυις]
632 3734 660 3771 so
680 3720 715 3771 ist
733 3736 761 3772 er
779 3720 886 3772 deshalb
905 3719 969 3772 auch
990 3718 1032 3770 dic
1051 3718 1173 3782 Urseche‚
1191 3717 1284 3771 welche
1304 3719 1419 3784 bewirlrl‚
1438 3718 1497 3771 dass
1516 3719 1565 3771 alle

202 3810 382 3878 intelligibeln
401 3810 485 3876 Dinge
503 3805 660 3875 intelligihel
679 3806 738 3859 sind
829 3807 858 3857 ll
879 3807 922 3857 καὶ
941 3809 1002 3859 ante
1021 3804 1086 3858 ἔστιν
1104 3820 1154 3858 om.
1246 3804 1276 3856 12
1296 3806 1311 3857 d
1330 3805 1421 3874 πάντα]
1441 3806 1491 3874 Pp:
1511 3806 1565 3858 und

203 3898 254 3951 elle
273 3899 359 3965 Dingc
379 3897 412 3949 B:
430 3896 485 3947 und
503 3895 597 3947 welche
614 3894 664 3946 alle
684 3895 767 3962 Dingc
786 3893 846 3963 (sic)
954 3892 985 3943 13
1004 3891 1051 3961 ὢν]
1071 3909 1098 3945 er
1117 3892 1179 3944 wlrd
1197 3893 1309 3945 nhmlich
1419 3892 1449 3946 15
1468 3895 1565 3967 πάσχον

203 3987 229 4038 ev
248 3983 336 4054 πᾶσιν]
357 3983 398 4036 die
417 3983 485 4051 Spur
502 3997 553 4034 von
569 3981 643 4051 jeder
661 3981 742 4035 Sache
761 3981 935 4034 eufnehmend
1044 3980 1074 4031 16
1093 3979 1119 4031 δὲ
1138 3995 1188 4032 om.
1297 3981 1327 4032 17
1346 3980 1565 4052 ἐνέργεια-εἶδος]

202 4075 263 4126 eine
281 4074 311 4124 in
330 4076 390 4123 actu
408 4069 572 4123 vorhaudenc
592 4069 666 4121 l'orm
789 4067 894 4121 ‘cl-23
922 4067 949 4119 δν
968 4064 1210 4137 ὁ-ῦεωρούμτνον]
1230 4082 1279 4119 nur
1298 4068 1358 4121 dass
1376 4068 1420 4121 der
1438 4068 1558 4122 Intellect

202 4159 313 4212 welcher
333 4156 452 4225 begreifl‚
470 4173 545 4209 wenn
565 4172 592 4209 er
609 4172 637 4208 es
656 4156 774 4225 hegreift,
792 4156 910 4208 desselbe
929 4155 991 4207 wird
1011 4155 1039 4207 in
1057 4154 1148 4223 irgend
1168 4154 1240 4207 einer
1255 4155 1358 4227 λύσιοι,
1376 4157 1410 4209 de
1428 4156 1470 4208 dle
1489 4156 1565 4209 inlel-

201 4246 325 4300 lecluelle
344 4244 511 4314 Vorslellung
533 4244 579 4296 des
597 4243 760 4296 Enlnehmen
783 4243 829 4296 der
846 4241 1024 4310 intelliglbeln
1041 4241 1152 4295 Formen
1170 4242 1205 4294 ist
1227 4242 1282 4294 und
1300 4242 1347 4294 das
1366 4243 1476 4296 Richlcn
1500 4242 1565 4311 [ver.

201 4335 263 4387 lect.
282 4334 330 4386 der
348 4332 577 4400 Zusemmenheng
594 4331 641 4383 mit
662 4329 713 4399 ihr]
733 4331 800 4384 ncch
817 4331 858 4382 ihr
875 4330 924 4393 ist,
948 4329 1001 4381 und
1020 4329 1062 4381 die
1085 4329 1213 4397 Analogia
1235 4329 1302 4381 dazu
1324 4330 1359 4382 ist
1382 4329 1428 4382 des
1450 4330 1565 4395 Wisserr,

202 4436 279 4473 wenn
298 4435 328 4472 es
342 4418 460 4471 wirhsem
479 4433 597 4486 gewescn
615 4419 657 4470 ist.
693 4418 769 4471 Denn
787 4418 834 4471 des
852 4417 932 4470 durch
951 4432 979 4470 es
998 4415 1132 4484 (Wissenl
1152 4414 1256 4481 Forml)
1274 4415 1407 4469 Gewusste
1424 4418 1460 4469 ist
1477 4433 1510 4469 zu
1525 4417 1564 4486 je

202 4507 250 4558 der
269 4506 331 4558 zeit
351 4507 394 4558 ein
413 4504 518 4559 Wissen
537 4507 565 4558 in
584 4509 644 4558 ectu

206 4629 392 4636 ..um
398 4629 517 4635 -..-.-
523 4630 573 4635 ..-..-
582 4630 610 4635 .-

201 4698 219 4748 4
247 4694 328 4747 αὑτοῦ
347 4695 411 4747 vlla
523 4694 538 4745 7
566 4711 589 4745 τι
607 4694 697 4766 νοητὸν
716 4711 766 4747 σοι,
785 4696 825 4748 lle
931 4695 967 4753 ὡς
985 4694 1138 4766 προείρηται]
1158 4694 1236 4759 88:26
1343 4695 1452 4748 loclesse
1470 4695 1564 4767 κυρίως

201 4782 258 4845 (καὶ
276 4781 398 4852 πρώτως>
416 4797 440 4833 v.
459 4781 508 4833 int.
526 4781 597 4834 hebr.
715 4783 744 4834 ll
773 4789 825 4841 τοῖς
843 4780 928 4840 ἄλλοις
946 4784 1088 4851 recuperor:
1108 4783 1147 4834 lla
1263 4782 1294 4833 21
1324 4782 1434 4835 fortasse
1452 4781 1479 4834 ὃν
1498 4789 1563 4834 νοῶν

202 4869 216 4921 6
235 4874 294 4927 νοῦς
312 4868 373 4921 accc
391 4872 438 4938 νοῇ
456 4868 497 4920 Κιι
603 4868 637 4922 23
655 4866 672 4944 ᾗ
693 4887 733 4923 ex.
752 4870 821 4924 Vict.
