3540 5610
698 301 901 355 Annxnnnnr
920 301 965 355 ne
984 302 1093 356 Anni
1179 280 1184 288 '
1530 302 1570 367 οἵ

267 472 481 557 αἰσθανομένην
507 475 540 537 rh
567 473 655 545 εὐθὺς
687 474 765 558 αθτή
794 475 945 559 ἁψαμένου
975 477 1049 545 τινδς
1076 464 1280 540 αἰσθάνεσθαι.
1329 471 1435 559 μήποτ’
1468 470 1518 534 οὖν

267 575 465 660 ἀληθέστερον
495 579 570 661 μήτε
595 577 627 640 ἐν
659 585 697 661 τη
726 580 809 663 σαρκὶ
839 578 930 660 λέγειν
957 579 1009 662 τήν
1035 576 1172 661 αἴσθησιν
1201 577 1273 641 εἶναι
1304 578 1355 660 τὴν
1386 579 1518 661 ἁπτικήν,
1534 592 1559 634 ¹5

268 677 338 760 μήτ’
359 677 396 743 αὖ
420 679 511 763 μέσην
528 680 621 748 οὕτως
643 679 715 743 εἰναι
737 681 790 764 τήν
805 682 898 765 σάρκα
922 684 963 749 ῶς
985 681 1033 743 τθν
1056 680 1128 764 οἰέρα
1151 681 1170 763 ή
1193 679 1225 743 τδ
1248 681 1335 764 ὕδωρ,
1359 677 1418 742 ἀλλ’
1446 679 1518 742 εἰναι

267 779 320 863 τὴν
344 781 396 863 μὲν
412 783 507 866 σάρκα
529 783 561 845 τδ
577 782 767 867 αἰσθητήριον
788 783 928 865 ἀνάλογον
952 780 1040 846 οὖσαν
1061 787 1120 851 τοῖς
1141 806 1174 845 τε
1189 784 1244 846 ὠσὶ
1266 783 1315 845 καί
1335 788 1394 851 τοῖς
1410 781 1518 866 δφθαλ·

237 886 334 962 νμοῖς
356 885 405 947 καὶ
433 887 471 966 τῇ
495 885 562 968 ῥινί,
593 883 735 949 ἔνδον·δέ
756 883 829 949 εἰναι
855 886 888 948 τὸ
915 887 968 968 τἠν
995 885 1167 968 αἰσθητικὴν
1190 884 1309 967 δύναμιν
1336 882 1405 970 ἔχον
1432 888 1518 964 σῶμα

264 990 324 1048 τῶν
348 987 463 1061 ἁπτῶν,
493 987 526 1050 τδ
548 986 620 1050 αὐτὸ
648 987 723 1051 κατὰ
744 988 777 1049 τδ
801 987 987 1069 ὑποκείμενον
1010 987 1039 1050 ἐν
1062 990 1167 1056 πάσαις
1194 986 1225 1050 δν
1254 993 1316 1056 ταῖς
1337 987 1517 1070 αἰσθήσεσιν.
1552 1004 1555 1009 ·

266 1088 367 1171 ῶσπερ
394 1091 450 1173 γὰρ
472 1086 519 1151 ἐπ’
549 1090 666 1153 ἐκείνων
689 1091 708 1173 ή
733 1088 869 1173 αἴσθησις
897 1084 1005 1171 ἐγένετο
1027 1088 1190 1175 πάσχοντές
1218 1113 1243 1152 τι
1265 1080 1329 1153 ind
1344 1094 1395 1153 τοῦ
1417 1090 1518 1175 αἰσθη-

265 1191 366 1275 τηρίου
392 1190 470 1277 <τοῦ>
493 1191 523 1254 ἐν
547 1189 697 1278 ᾧπρῶτιμ
718 1192 751 1255 τδ
767 1193 946 1276 αἰσθητικόν,
969 1193 1061 1263 οὕτως
1083 1193 1115 1255 δὲ
1131 1193 1179 1255 καί
1194 1192 1251 1256 ὑπὸ
1273 1197 1325 1276 τῆς
1347 1193 1452 1276 σαρκθς
1466 1194 1518 1254 πά·

266 1313 340 1379 σχον
362 1318 389 1356 τι
412 1301 471 1357 τῶν
494 1294 524 1357 ἐν
547 1296 616 1379 ἡμῖν
639 1293 729 1358 αἴτιον
751 1301 804 1379 τῆς
825 1296 992 1380 αἰσθήσεως
1014 1296 1129 1377 γίνεται.
1163 1293 1221 1359 ἀλλ’
1250 1297 1269 1379 ή
1294 1296 1347 1378 μὲν
1369 1295 1438 1379 σὰμί
1461 1295 1517 1358 ὑπὸ
1530 1310 1558 1351 νυ

224 1410 252 1453 ιο
267 1399 319 1458 τοῦ
340 1397 484 1480 αἰσθητοῦ
508 1398 617 1482 πάσχει
637 1398 802 1482 ἁπτομένου
824 1398 925 1482 αὐτῆς,
949 1399 965 1460 ὁ
987 1398 1188 1482 δὲδφθαλμδς
1210 1398 1267 1483 οὐχ
1286 1378 1447 1485 ἁπτόμενος
1469 1396 1517 1460 αθ-

262 1498 313 1566 τδς
335 1502 387 1562 τοῦ
409 1500 552 1583 αἰσθητοῦ
574 1502 694 1586 πάσχει,
717 1501 792 1564 ἀλλὰ
814 1501 862 1564 διὰ
884 1505 935 1564 τοῦ
959 1500 1063 1584 μεταξὺ
1085 1503 1250 1584 διαφανοῦς.
1284 1500 1392 1583 ὁμοίως
1414 1501 1517 1563 δὲκαὶ

266 1605 324 1663 τῶν
345 1600 444 1664 ἄλλων
466 1602 634 1687 αἰσθήσεων
657 1602 777 1686 ἑκάστη.
815 1603 876 1688 ἁμα
899 1604 931 1667 δὲ
953 1609 995 1689 τῷ
1013 1608 1065 1687 τῆς
1086 1604 1192 1688 σαρκὸς
1214 1603 1303 1666 πάθει
1325 1604 1344 1686 ή
1367 1603 1442 1666 κατὰ
1463 1605 1515 1686 τήν
1592 1595 1594 1601 ’

158 1788 163 1797 ,
263 1703 342 1786 ἁφὴν
362 1698 517 1788 αἴσθησις,
545 1706 587 1773 ῶς
608 1706 656 1768 καί
679 1705 741 1788 ἅμα
761 1711 804 1792 τῷ
827 1707 885 1768 τῶν
908 1706 1070 1789 ὀφθαλμῶν
1097 1707 1156 1769 ὑπὸ
1176 1709 1227 1768 τοῦ
1241 1707 1406 1789 Ιδιαφανοῦς
1428 1706 1516 1769 πάθει

150 1866 155 1872 .
263 1804 382 1890 ήὰψις.
408 1807 489 1890 ἁμα
511 1807 565 1890 γὰρ
592 1811 635 1892 τῷ
660 1808 748 1872 πάθει
774 1815 833 1871 ’τῶν
857 1809 985 1892 δρηὰνων
1016 1806 1203 1893 ήαῖσθησις.
1249 1807 1302 1871 οὐκ
1324 1808 1349 1870 εἰ
1375 1813 1426 1890 τῆς
1449 1828 1514 1891 σαρ·

223 1922 250 1967 ιο
263 1909 321 1978 κὸς.
335 1909 368 1972 δὲ
383 1910 536 1993 παθούσης
558 1906 607 1972 ὑπ’
628 1909 716 1972 αὐτοῦ
740 1915 790 1973 τοῦ
812 1911 955 1994 αἰσθητοῦ
978 1912 996 1994 ή
1019 1912 1092 1975 κατὰ
1114 1911 1165 1994 τὴν
1188 1911 1266 1995 ἁφὴν
1288 1901 1434 1994 αἰάθησις,
1457 1909 1514 1993 ήδη

263 2013 369 2092 γίνεται
392 2011 476 2096 αἰντηῖ
498 2015 543 2096 τῷ
566 2011 731 2098 αἰσθητικῷ
754 2012 941 2098 ἐπιτιθέμενα
967 2014 1002 2077 τὰ
1025 2015 1103 2077 ἁπτὰ
1129 2014 1159 2076 ἐν
1182 2017 1224 2097 πή
1244 2013 1389 2097 αἰσθήσει
1424 2016 1515 2077 κεῖται
1528 2016 1575 2073 αι’

263 2114 317 2198 γὰρ
339 2115 373 2178 τδ
396 2114 437 2198 μὴ
460 2113 533 2177 εἶναι
560 2115 648 2197 ἐντῇ
678 2117 762 2199 σαρκί
784 2117 836 2200 τἠν
859 2115 1031 2200 αἰσθητικήν
1048 2117 1190 2198 δύναμιν,
1217 2113 1277 2179 αλλ’
1309 2115 1381 2180 εἰναι
1407 2116 1514 2201 ταύτην

265 2214 396 2301 ὄργανον,
419 2215 551 2301 διαφέροι
573 2215 602 2307 δ’,
627 2216 660 2280 ἂν
684 2217 727 2280 ὅτι
753 2217 800 2280 ἐπὶ
825 2217 876 2301 μὲν
902 2223 960 2281 τῶν
987 2218 1084 2282 ἄλλων
1106 2219 1274 2303 αἰσθήσεων
1302 2217 1370 2282 οὐδὲ
1391 2224 1451 2288 τοῖς
1473 2220 1514 2282 αἰ·

262 2319 412 2402 σθητικοῖς
436 2319 568 2402 ὀργάνοις
591 2319 798 2404 ἐπιτιθεμένων
819 2326 877 2384 τῶν
904 2322 1054 2405 αἰσθητῶν
1076 2322 1096 2405 ή
1119 2320 1255 2405 αἴσθησις
1276 2321 1383 2404 ἐγένετο
1404 2321 1513 2404 (ἐδεῖτο

111 2444 118 2455 ·
216 2425 315 2507 ευηάρ
339 2445 414 2493 τινος
436 2421 528 2486 ἄλλον
552 2422 686 2504 μεταξύ),
715 2422 762 2486 ἐπὶ
785 2423 817 2486 δέ
838 2428 890 2507 τῆς
912 2425 990 2508 ἁφῆς
1013 2424 1095 2510 αὐτῷ
1128 2425 1180 2508 μὲν
1199 2429 1242 2511 τῷ
1269 2424 1432 2509 αἰσθητικῷ
1457 2424 1513 2509 οἰιχ

205 2571 310 2579 ---—.
319 2572 355 2577 —
366 2571 548 2578 ——.-—
575 2572 609 2577 —

203 2646 222 2699 3
241 2634 291 2715 ῶς]
310 2645 397 2698 addit:
415 2647 462 2698 nie
481 2647 523 2699 die
542 2647 765 2715 Vermittlung
783 2648 828 2700 dee
921 2647 990 2701 5-8
1013 2647 1285 2718 ἔνδον-αἰσθητικόν]
1304 2649 1357 2700 und
1377 2648 1436 2700 dass
1455 2647 1499 2700 der
1517 2648 1566 2700 Be·

204 2735 285 2787 sitzer
304 2733 349 2786 der
368 2733 457 2798 nnn,
480 2733 560 2786 durch
579 2734 622 2788 die
639 2751 667 2788 er
689 2735 730 2787 die
750 2735 918 2806 Testebjekie
941 2730 1118 2801 weh'rnimmt‚
1143 2752 1195 2789 νοιι
1215 2737 1297 2789 innen
1315 2738 1350 2788 ist
1372 2735 1426 2788 und
1449 2736 1493 2788 ein
1512 2735 1565 2787 und

204 2821 328 2874 desseibe
353 2822 382 2874 in
401 2820 458 2873 dem
477 2821 576 2891 Τάφον
597 2823 626 2874 in
648 2822 717 2875 allen
736 2821 844 2876 Sinnen.
880 2824 940 2876 Wie
962 2821 1083 2891 alsojdie
1101 2823 1320 2893 Sinneetitigireit
1341 2825 1369 2876 in
1390 2825 1471 2893 jenen
1494 2823 1566 2886 nini,

203 2925 281 2962 venri
304 2910 332 2962 in
355 2908 447 2976 irgend
473 2911 545 2962 einer
570 2910 658 2962 Weise
685 2909 868 2974 αἰθομένοιο
896 2925 948 2962 von
972 2910 1029 2962 dem
1054 2910 1141 2979 Orgen
1165 2912 1211 2964 des
1233 2910 1328 2967 Sinnes
1357 2910 1403 2964 des
1426 2909 1510 2978 Ding,
1535 2911 1565 2973 jn

203 2996 328 3051 'elehem
348 3001 434 3048 rueret
452 2997 494 3048 die
513 2996 638 3049 Exietenz
656 2996 702 3049 des
722 2997 965 3050 Wahmehmenden
983 2997 1031 3063 iet',
1048 2997 1107 3051 weil
1124 2999 1170 3052 dee
1189 2997 1277 3066 Organ
1296 2998 1341 3050 dee
1360 2982 1455 3051 Sinnee
1472 2998 1502 3050 in
1521 2997 1566 3048 der

203 3085 280 3138 nine
299 3085 335 3136 iet
353 3084 482 3136 zwieehen
502 3085 558 3136 dem
579 3083 822 3136 Wehmehmenden
840 3083 970 3137 und'dern
991 3086 1260 3154 Wahrgenomrnenen
1387 3083 1456 3136 8-9
1483 3080 1565 3141 οὕτως

203 3168 383 3239 δί-ηἰνεται]
403 3171 506 3224 Ebense
526 3171 588 3222 wird
605 3171 689 3227 dieser
706 3170 772 3223 Sinn
792 3171 1123 3242 (Sinuesnahrnehmung),
1141 3188 1215 3226 wenn
1234 3173 1262 3224 in
1280 3170 1371 3239 irgend
1390 3173 1462 3224 einer
1477 3170 1565 3223 Weiee

204 3274 265 3310 rom
285 3257 405 3310 Fleisehe
423 3256 517 3309 efficirt
535 3257 599 3309 vird
618 3258 663 3311 dee
681 3258 765 3327 Βίας,
788 3258 896 3312 welches
914 3260 943 3312 in
961 3276 1012 3313 uns
1030 3260 1072 3313 die
1091 3256 1216 3314 Urenehe¹
1227 3259 1270 3312 hir
1288 3259 1329 3312 die
1348 3257 1565 3326 Sinnesthtigheit

205 3348 240 3399 ier
348 3346 380 3396 10
399 3343 541 3412 ἁπτομένου
559 3343 649 3414 αὐτῆς]
661 3361 744 3398 Ινιουιι
762 3361 790 3398 es
808 3350 849 3410 (ut
867 3345 970 3399 videtur
988 3346 1035 3400 dee
1053 3347 1167 3413 Fleiech)
1186 3347 1304 3399 desselbe
1323 3345 1429 3399 herdhrt
1447 3344 1501 3396 und
1519 3345 1562 3398 be·

202 3440 286 3485 iastet
397 3431 548 3501 ἁπτόμενος]
569 3432 672 3484 herdhri
691 3432 745 3485 und
764 3434 876 3485 hetastet
987 3435 1017 3486 14
1045 3432 1098 3504 ἁμα
1115 3433 1166 3504 τῷ]
1185 3433 1264 3486 durch
1378 3431 1486 3484 14-16
1516 3430 1563 3484 edre

202 3519 300 3572 τί-ἐν
317 3522 350 3590 τῇ
369 3517 494 3589 αἰσθήσει]
517 3519 571 3572 und
593 3520 668 3572 nieht
685 3520 793 3584 durans,
816 3520 876 3572 dese
898 3521 944 3573 des
962 3520 1064 3574 Fleisch
1088 3537 1146 3575 vom
1165 3520 1348 3589 Sinuesohjekt
1372 3521 1452 3572 seihet
1470 3518 1564 3572 αἰδοίη

202 3606 277 3672 nini,
295 3607 398 3674 ergiebt
415 3608 479 3671 sich,
498 3606 558 3660 dees
577 3607 622 3660 der
640 3606 705 3660 Sinn
725 3608 770 3660 des
789 3607 900 3660 Testens
919 3607 1076 3674 steitfindet‚
1095 3625 1168 3669 wenn
1188 3592 1234 3661 zur
1253 3609 1312 3661 Zeit
1329 3607 1374 3660 dee
1393 3606 1488 3660 Sirenes
1507 3607 1563 3672 (der

200 3688 473 3762 Sinnesvorsteildng)
492 3693 534 3746 die
553 3688 720 3763 Tesiodjehte
740 3710 795 3747 νοτ
812 3695 862 3748 den
881 3695 1124 3749 thmehmenden
1143 3696 1224 3749 seibst
1242 3695 1344 3763 gestellt
1363 3693 1463 3748 werden

204 3780 238 3832 l'i
265 3779 373 3850 ταῦτην]
392 3782 494 3835 Fleiech
613 3780 644 3833 18
672 3780 784 3851 διαφέροι
801 3780 825 3834 δ’
847 3780 889 3849 ἂν]
909 3783 952 3835 der
972 3783 1140 3836 Untersehied
1160 3784 1289 3836 zwischen
1308 3784 1403 3835 diesem
1423 3782 1490 3833 Sinn
1508 3781 1562 3832 und

200 3870 254 3921 den
273 3870 390 3921 anderen
409 3868 510 3923 Sinnen
530 3871 563 3922 ist
673 3869 774 3921 18-19
802 3868 858 3921 οὐδὲ
878 3869 1088 3940 τοῖς·αἰοθησιτ
1106 3869 1211 3940 ἐηίνετο]
1230 3871 1290 3924 dees
1309 3871 1350 3924 hei
1366 3870 1445 3938 jenen
1464 3868 1562 3921 Sinnen

201 3955 249 4008 der
267 3955 335 4008 Simr
354 3955 594 4024 (Sinuesthtigheit)
618 3956 692 4008 nieht
711 3957 857 4024 geschieht‚
880 3973 954 4009 nenn
976 3958 1030 4009 ihre
1049 3958 1158 4026 Ohjeirte
1181 3959 1253 4010 nieht
1277 3973 1323 4010 νοτ
1345 3957 1386 4010 die
1404 3956 1485 4009 Sinne
1507 3956 1561 4008 und

201 4044 279 4095 nieht
296 4058 345 4095 νοτ
362 4043 405 4096 die
424 4044 627 4111 Sinnesorgane,
646 4044 806 4112 geschrreige
825 4042 893 4096 denn
913 4059 964 4096 von
982 4046 1065 4097 einerrr
1085 4045 1198 4097 anderen
1216 4045 1254 4097 eie
1271 4045 1318 4110 sie,
1340 4043 1442 4112 gestellt
1460 4043 1561 4097 werden

202 4177 212 4182 -
220 4176 462 4183 .---—-.-.-.-.—.-.
473 4177 491 4183 -
501 4177 532 4183 ---
549 4178 571 4183 --
592 4178 605 4182 .-

201 4250 268 4303 iri
288 4266 368 4318 supra
387 4250 433 4303 lin.
444 4252 465 4302 V
564 4251 755 4304 herimanus
774 4252 953 4319 recentissima
970 4252 1071 4306 addidit
1089 4254 1111 4305 V
1209 4252 1278 4304 8-θ
1297 4248 1392 4305 tradite
1409 4267 1487 4305 sensu
1507 4267 1560 4306 non

201 4342 301 4401 went,
319 4336 365 4391 sed
383 4337 528 4390 notandum
546 4343 585 4392 est
604 4329 716 4391 Anubem
735 4342 832 4392 vertere
850 4342 947 4413 πάσχον
965 4338 1041 4392 τιτὸ
1060 4340 1085 4392 ἐν
1103 4340 1162 4411 ημῖν
1181 4339 1259 4393 αἰτιον
1277 4344 1323 4410 τῆς
1341 4338 1482 4410 αἰσθήσεως
1499 4340 1527 4406 (i.
1538 4356 1560 4393 e.

124 4488 129 4493 ¹
200 4425 231 4478 τὸ
250 4431 352 4495 πρῶτον
369 4422 531 4494 αἰσθητικόν)
549 4425 640 4495 ηἰνεται
659 4426 727 4493 (seii.
746 4427 762 4496 ἡ
781 4424 955 4497 αἰσθηοις)-;
976 4428 1116 4498 πάσχοντος
1133 4446 1157 4479 τι
1175 4432 1220 4480 τοῦ
1242 4428 1267 4480 ἐν
1285 4427 1344 4498 ἡμῖν
1359 4427 1442 4480 αἰτίου
1460 4429 1505 4497 τῆς
1523 4427 1560 4479 αἰ-

201 4511 316 4583 σθήσεως
426 4512 458 4565 10
476 4510 597 4566 ἁπτεσθαι
615 4513 646 4566 de
664 4514 788 4582 tangibili
806 4514 904 4567 dietum
923 4514 1159 4582 ut56,1858‚14.
1253 4514 1284 4568 12
1301 4515 1318 4586 ἡ
1337 4516 1365 4568 in
1384 4516 1455 4568 iit.v

205 4602 235 4653 1.’ν
264 4600 313 4671 ήδη
331 4598 437 4669 ηἰνιται]
456 4600 552 4669 incipit
569 4600 702 4669 epodosim
723 4603 876 4655 ereberrime
899 4604 927 4654 in
946 4604 1030 4670 priore
1053 4603 1189 4655 enuntiato
1213 4603 1307 4671 ellipsi.
1343 4604 1375 4655 οἰ.
1395 4602 1424 4655 oh
1442 4604 1488 4672 ηὰρ
1507 4603 1560 4655 ἐπεὶ

200 4691 218 4758 i,
240 4686 319 4761 ὄρεξις
337 4686 442 4740 ἰκιίνων
464 4687 529 4746 τινὸς
551 4690 770 4758 προηγησαμένου,
794 4688 852 4760 ήδη
871 4691 915 4741 καὶ
936 4688 965 4741 τὸ
984 4693 1070 4742 κινοῦν
1088 4689 1193 4742 ἐκείνων
1210 4709 1234 4743 τι
1254 4690 1360 4743 13Ἰιθὰ
1379 4695 1405 4743 et
1423 4689 1480 4743 Ind.
1498 4706 1519 4744 s.
1535 4707 1558 4742 ν.

200 4775 250 4847 ήδη
268 4779 294 4828 et
313 4775 421 4843 Ellipsis
545 4775 574 4826 16
601 4772 759 4843 ἐπιτιθέμενα
777 4777 809 4829 τὰ
827 4776 895 4830 ἁπτὰ
913 4779 948 4829 rn'
969 4775 1148 4846 ἐπιτιθεμένων
1167 4783 1219 4830 τῶν
1238 4778 1326 4831 ἁπτῶν
1344 4778 1382 4830 m²
1396 4779 1429 4829 V:
1452 4774 1558 4829 ἐπιτιθέ-

200 4882 263 4932 μενα
280 4863 312 4915 τὰ
330 4862 398 4915 ἁπτὰ
417 4879 434 4914 ε
542 4863 572 4915 18
592 4861 715 4932 ἁηανονα
