3540 5610
200 324 260 387 158
425 317 589 390 [λΙΙΟΡΙΩΝ
611 318 670 373 ΚΑΙ
689 317 821 374 mmm
843 316 982 373 11111111οΝ
1006 312 1192 371 ἸῈΤΑΡῚῸΝ
1216 316 1329 386 18-19]

253 495 360 575 ὁμοίων
388 493 483 557 οὐσῶν
512 496 651 578 ἀλλήλαις
680 493 801 562 εἰκότως
826 495 845 577 ἡ
874 493 963 577 ἀρετὴ
988 491 1165 574 συνωνύμως
1191 493 1408 574 κατηγορεῖται·
1442 488 1508 551 ταῦ-

251 619 300 665 τας
322 596 377 680 γὰρ
400 599 447 660 καὶ
470 598 577 681 κυρίως
599 597 704 681 ἀρεταῖς
727 619 831 680 φαμεν.

251 806 364 872 XXIX.
402 807 530 894 Ἀλλης
552 809 679 878 λέξεως
703 807 866 891 ἐξήγησις
890 806 926 868 ἐκ
949 811 1007 869 τοῦ
1030 807 1146 891 τρίτου
1168 809 1234 868 τῶν
1251 803 1506 888 Νικυμαχείων
1521 817 1548 859 ¹⁰

248 908 396 974 Ἠθικῶν
416 909 698 996 Ἀριστοτέλους,
725 909 766 973 δι’
794 909 833 992 ἧς
857 909 1045 985 δείκνυται,
1073 908 1124 972 δτι
1147 911 1203 973 καὶ
1230 910 1264 972 αί
1288 908 1407 971 κακίαι
1429 911 1508 974 ταῖς

216 1033 232 1082 5
632 1015 773 1097 ἀρεταῖς
796 1012 927 1094 ὁμοίως
949 1011 1000 1096 ἐφ’
1028 1013 1122 1096 ἡμῖν.

331 1184 399 1249 Ἥ
421 1185 458 1249 δέ
480 1210 529 1255 τις
544 1187 642 1267 λέγοι
665 1184 717 1248 δτι
733 1186 858 1252 πάντες
875 1183 1032 1266 ἐφίενται
1048 1188 1106 1246 τοῦ
1122 1181 1336 1268 φαινομένου
1353 1179 1507 1263 ἀγαθοῦ,

252 1294 314 1372 τῆς
340 1290 377 1351 δὲ
399 1290 591 1373 φαντασίας
618 1288 656 1352 οῦ
683 1289 812 1372 κῦριοι,
842 1285 910 1348 ἀλλ’
939 1285 1012 1354 οἷός
1036 1283 1113 1348 ποθ’
1143 1285 1290 1352 ἕκαστός
1315 1284 1406 1355 ἐστι,
1438 1304 1507 1343 τοι·
1521 1296 1547 1338 ¹5

253 1395 353 1454 υῦτον
377 1394 433 1454 καὶ
455 1391 606 1460 τὸτέλος
629 1391 912 1475 φαίνεταιαδτιγῖ·
942 1390 972 1451 εἰ
995 1390 1055 1473 μὲν
1079 1387 1137 1451 οῦν
1153 1389 1300 1456 ἕκαστος
1321 1386 1506 1471 τῆςέξεως

253 1493 346 1576 αὑτῷ
370 1494 445 1556 ἐστι’
467 1518 538 1563 πως
560 1493 685 1568 αἴτιος,
715 1495 770 1556 καλ
799 1498 859 1576 τῆς
886 1492 1078 1577 φαντασίας
1104 1489 1203 1554 ἔσται
1230 1514 1303 1559 πως
1324 1489 1431 1557 αὐτὸς
1452 1486 1504 1550 αῖ-

201 1614 232 1660 10
251 1617 335 1666 τιος,
369 1596 399 1658 εἰ
432 1597 468 1658 δὲ
501 1599 624 1680 μηδεὶς
657 1597 749 1679 αὑτῷ
785 1595 897 1663 αἴτιος
930 1599 989 1658 τοῦ
1023 1594 1113 1658 κακὰ
1146 1598 1276 1667 ποιεῖν,
1310 1591 1377 1655 ἀλλ’
1410 1592 1430 1674 ἢ
1459 1589 1549 1654 διὀυ

252 1697 395 1778 ἄγνοιαν
418 1703 478 1760 τοῦ
501 1699 623 1767 τέλους
653 1703 763 1761 ταῦτα
790 1699 949 1782 πράττει,
981 1697 1036 1759 διὰ
1065 1697 1197 1759 τούτων
1221 1695 1385 1779 οίδμενος
1409 1695 1505 1778 αὑτῷ

251 1800 287 1862 τὸ
310 1797 454 1884 ἄριστον
477 1800 630 1865 ἔσεσθαι.
671 1805 689 1885 ἡ
713 1803 749 1865 δὲ
772 1800 775 1888 λ
800 1807 858 1865 τοῦ
881 1802 1005 1869 τέλους
1027 1799 1146 1885 ἔφεσις
1168 1800 1231 1863 οῦκ
1252 1799 1482 1883 αὐθαίρετος,
1505 1805 1560 1862 334

252 1903 339 1965 ἀλλά
363 1909 465 1988 φῦναι
488 1906 542 1968 δεῖ
563 1906 678 1988 ὥσπερ
702 1905 777 1990 ὄψιν
801 1903 945 1990 ἔχοντα,
971 1899 992 1987 ᾗ
1018 1909 1129 1988 κρινεῖ
1150 1906 1265 1972 καλῶς
1287 1903 1343 1966 καὶ
1364 1903 1402 1964 τὸ
1425 1899 1502 1964 κατ’

253 2007 425 2089 ἀλήθειαν
449 2008 583 2090 ἀγαθὸν
611 2011 813 2093 αἱρήσεται,
845 2009 903 2072 καὶ
931 2006 1027 2071 ἔστιν
1054 2006 1188 2091 εὐφυὴς
1215 2003 1240 2092 ᾧ
1265 2010 1367 2069 τοῦτο
1390 2007 1509 2073 καλῶς

203 2128 232 2175 15
251 2108 422 2193 πέφυκεν·
446 2111 481 2172 τδ
504 2111 568 2196 γὰρ
591 2112 755 2195 μέγιστον
778 2113 835 2175 καὶ
857 2113 1064 2184 κάλλιστον,
1087 2111 1145 2172 καὶ
1169 2108 1184 2171 ὃ
1207 2107 1282 2193 παρ’
1304 2107 1435 2193 ἑτέρων
1460 2109 1507 2191 μὴ
1535 2124 1548 2166 ι

253 2212 326 2275 οῖδν
354 2237 389 2276 τε
415 2214 536 2298 λαβεῖν
567 2217 658 2299 μηδὲ
685 2216 833 2299 μαθεῖν,
863 2212 932 2276 ἀλλ’
961 2214 1036 2276 οἷον
1065 2212 1128 2296 ἔφυ
1151 2217 1312 2275 τοιοῦτον
1335 2212 1420 2287 ἔξει,
1450 2215 1509 2275 καὶ

252 2312 289 2377 εῦ
318 2316 376 2378 καί
405 2318 519 2384 καλῶς
547 2322 648 2380 τοῦτο
679 2317 877 2403 πεφυκέναι
908 2318 927 2399 ἡ
960 2317 1077 2379 τελεία
1107 2317 1163 2378 καὶ
1195 2315 1348 2399 ἀληθινὴ
1378 2313 1434 2396 εἴη
1466 2313 1506 2376 ἂν

251 2416 407 2501 εδφυῖα.”

328 2518 366 2584 Ἢ
395 2522 428 2583 τδ
456 2523 509 2605 μὲν
536 2524 643 2591 πάντας
669 2522 802 2606 ἐφίεσθαι
833 2527 884 2585 τοῦ
913 2521 1088 2606 φαινομένου
1117 2521 1214 2590 αὐτοῖς
1244 2520 1357 2603 ἀγαθοῦ
1384 2520 1508 2602 ἀληθές,
1522 2536 1549 2578 ιυ

201 2645 234 2691 20
253 2625 304 2688 οὐκ
327 2624 437 2708 ἀληθὲς
459 2627 492 2687 δὲ
518 2626 624 2708 τὸτῆς
651 2627 809 2708 φαντασίας
837 2626 877 2709 μὴ
907 2625 1022 2708 κυρίους
1048 2626 1126 2707 ἡμᾶς
1153 2648 1216 2693 πως
1243 2623 1324 2687 εἶναι.
1370 2623 1430 2691 υῖος
1454 2625 1506 2706 μὲν

252 2730 306 2811 γάρ
329 2738 405 2791 ποτε
422 2727 543 2795 ἕκαστός
559 2727 630 2801 ἐστι,
652 2733 780 2791 τοιοῦτον
804 2728 949 2811 αὐτῷκαὶ
971 2727 1100 2795 τὸτέλος
1123 2728 1263 2811 φαίνεται,
1285 2732 1338 2809 τῆς
1359 2728 1393 2789 δὲ
1407 2727 1506 2801 ἕξεως,

252 2830 319 2894 καθ’
341 2831 376 2913 ἣν
400 2830 520 2898 ἕκαστος
541 2831 626 2912 ἡμῶν
650 2831 710 2892 ἐστι
733 2835 870 2906 τοιοῦτος,
894 2831 990 2898 αὑτοῖς
1012 2830 1099 2913 ἐσμεν
1123 2831 1269 2908 συναίτιοι,
1291 2828 1372 2912 εἴγε
1395 2831 1428 2892 ἐκ
1453 2833 1505 2911 μὲν
1520 2847 1546 2889 ιο

251 2939 308 2996 τῶν
331 2934 482 3016 ἐνεργειῶν
505 2933 534 2994 αἱ
557 2931 638 3007 ἕξεις,
660 2931 708 3017 ἐφ’
728 2935 797 3015 ἡμῖν
821 2934 853 2996 δὲ
875 2934 905 2995 ἀί
928 2932 1077 3017 ἐνέργειαι.
1122 2934 1148 2996 εί
1170 2931 1223 3016 γὰρ
1250 2932 1385 2995 ἀκούσιον
1407 2934 1430 3016 γι
1452 2936 1505 3018 μὲν

253 3035 339 3098 τότε
366 3037 413 3118 βίᾳ
435 3036 483 3098 καὶ
504 3035 536 3097 τδ
564 3036 611 3096 διὰ
637 3036 689 3118 τὴν
717 3033 864 3098 τῶνκαθ’
893 3036 1000 3098 ἕκαστα
1028 3033 1142 3117 ἀγνοιαν
1170 3033 1318 3117 γινόμενον
1345 3034 1504 3116 (δέδεικται

201 3158 233 3206 25
252 3139 306 3222 γὰρ
329 3138 373 3200 ὅτι
395 3135 440 3224 <ἀ>
464 3139 630 3218 ἀγνοοῦντες
656 3138 826 3221 πράττουσίν
854 3161 883 3199 τε
911 3138 959 3200 καὶ
987 3137 1198 3220 ἁμαρτάνουσιν
1223 3140 1263 3206 ῶς
1286 3139 1400 3220 ἀγνοίας
1422 3139 1548 3203 αδτοὶευ

253 3241 353 3314 αἴτιοι,
383 3245 473 3303 ταῦτα
494 3237 562 3302 οῦτε
585 3239 706 3303 ἀκούσια
729 3239 795 3303 οὔτε
817 3241 869 3323 τὴν
893 3241 988 3324 ἀρχὴν
1011 3238 1047 3303 δι’
1076 3239 1190 3322 ἀγνυιαν
1213 3242 1334 3323 γίνεται·
1368 3241 1415 3304 διὰ
1438 3243 1502 3306 ταῦ·

253 3367 304 3428 την
328 3348 394 3425 γοῦν
418 3343 469 3425 τὴν
493 3343 583 3405 αἰτίαν
607 3343 675 3406 οὐδὲ
697 3344 732 3406 τὰ
755 3342 833 3427 παρὰ
855 3342 905 3412 τὰς
929 3343 1021 3423 μέθας
1045 3342 1266 3427 ἁμαρτανόμενα
1288 3344 1423 3420 ἀκοῦσια,
1447 3347 1507 3409 καί·

254 3470 298 3509 τοι
329 3446 385 3507 ὑπὸ
417 3445 594 3526 ἀγνοούντων
625 3445 742 3527 γίνεται,
775 3444 834 3508 ἀλλ’
866 3446 930 3508 ἐπεὶ
961 3446 1058 3513 αὑτοῖς
1090 3446 1117 3506 οἱ
1149 3446 1305 3528 μεθύοντες
1336 3446 1422 3510 αἴτιοι
1452 3454 1547 3533 τῇςεσ

254 3550 368 3631 ἀγνοίας
383 3553 436 3632 τῆς
451 3548 528 3631 παρὰ
548 3549 598 3632 τὴν
616 3548 719 3631 μέθην,
743 3548 796 3611 οῦκ
815 3550 845 3611 έν
863 3548 866 3632 i
884 3555 942 3617 τοῖς
964 3548 1107 3615 ἀκουσίοις
1123 3549 1367 3631 ἁμαρτανομένοις
1389 3554 1481 3614 ταῦτα
1503 3560 1557 3617 335

202 3674 236 3722 30
254 3652 376 3714 τίθεται·
401 3651 543 3719 1Ἰιττακδς
564 3655 631 3733 γοῦν
655 3653 671 3714 δ
688 3649 883 3735 Μιτυληναῖος
906 3654 992 3714 διπλᾶ
1008 3651 1136 3732 ἐπιτίμια
1151 3653 1254 3733 ὥρισεν
1277 3657 1334 3715 τῶν
1350 3654 1429 3738 παρά
1453 3657 1505 3738 τὴν

201 3878 217 3929 3
235 3876 263 3928 ἐκ
282 3880 326 3927 τοῦ
338 3872 434 3946 τρίτου]
455 3873 512 3924 Eth.
526 3872 581 3924 Nic.
597 3872 641 3935 111,
654 3873 680 3924 7,
701 3873 823 3925 1114131
908 3874 923 3925 G
943 3879 1003 3940 post
1021 3873 1170 3942 φαινομένου
1188 3872 1247 3924 add.
1266 3871 1351 3931 αὐτοῖς
1369 3873 1406 3926 V²
1424 3876 1453 3928 in
1471 3891 1524 3944 mg.

201 3964 295 4030 ipost
313 3961 393 4029 κῦριοι
411 3961 468 4012 add.
482 3958 635 4031 ῦτάργσυτιν
650 3959 717 4012 Vici.
802 3959 886 4018 ὁποῖος
906 3963 985 4014 Arist.
1068 3959 1123 4012 7.8
1141 3963 1326 4029 τοιοῦτσυδρ.
1414 3963 1469 4016 8.9
1489 3963 1561 4034 αῦτιγῖ

201 4055 246 4120 τῆς
265 4051 284 4102 ἕ.
302 4052 382 4102 Arist.
483 4051 527 4117 τῆς
547 4051 641 4099 s.v.V
733 4048 765 4099 10
789 4047 887 4118 μηδεὶς]
907 4049 951 4117 μή,
975 4048 1057 4105 συθεὶς
1072 4051 1150 4101 Arist.
1169 4049 1239 4118 vulg.
1328 4047 1399 4118 αὐτῷ
1412 4050 1482 4102 vict.
1500 4054 1559 4119 Sp.:

201 4138 272 4206 αὐτῷ
292 4141 321 4187 V:
340 4135 418 4188 αὺτοῦ
437 4139 547 4189 SFMLa
636 4135 699 4188 ἀλλὰ
717 4134 753 4187 δι’
772 4137 850 4187 Arist.
945 4137 970 4187 11
992 4136 1089 4200 τέλους]
1108 4151 1187 4203 supra
1205 4155 1216 4193 ς
1235 4136 1312 4189 lit.v
1395 4137 1427 4188 12
1447 4137 1559 4208 ἔσεσθαι]

202 4241 229 4276 εσ
248 4242 267 4275 s.
282 4240 305 4273 ν.
318 4226 341 4273 V
434 4223 463 4275 13
482 4219 498 4296 γ’,
519 4230 598 4295 κρινεῖ
610 4223 644 4275 13²
658 4224 750 4275 Arist:
772 4241 789 4293 η
809 4240 885 4293 κρινει
904 4221 917 4274 ἀ
933 4224 975 4274 V¹:
998 4223 1013 4290 ἠ
1033 4230 1111 4290 κρινεῖ
1125 4221 1210 4274 V²B²':
1229 4221 1246 4292 ἢ
1266 4223 1286 4274 εί
1306 4223 1391 4293 (ὴειίλ
1411 4221 1427 4296 ᾖ
1447 4226 1469 4278 εί
1491 4225 1560 4279 vict.

202 4311 259 4381 ἠοῖ
278 4311 321 4375 L):
341 4309 418 4379 κρίνει
438 4313 554 4363 GMLSF
574 4311 641 4363 Vict.
660 4331 688 4362 a:
711 4310 727 4380 ἡ
747 4311 823 4379 κρίνει
841 4314 885 4377 Sp.
980 4306 1061 4378 14143]
1082 4308 1151 4366 ῶςυ
1240 4309 1325 4379 τοῦτο]
1344 4316 1388 4364 τοῦ
1408 4317 1506 4365 s.v.V

206 4399 235 4450 15
255 4398 339 4467 ἑτέρου
359 4399 438 4450 λεῖοι.
509 4399 553 4449 καλ
571 4397 599 4449 τδ
619 4399 698 4449 Arist.
774 4398 802 4448 17
822 4400 865 4448 καλ
884 4400 1018 4465 (pr.)vss:
1039 4395 1127 4449 καὶτὸ
1146 4398 1214 4449 Vict.
1234 4400 1278 4465 Sp.
1298 4416 1329 4452 ex
1349 4401 1441 4452 Arist:
1467 4403 1512 4453 καὶ
1531 4400 1559 4453 τδ

203 4503 251 4539 om.
270 4489 381 4540 SFMLa
473 4486 502 4537 19
521 4487 602 4536 πάντα
620 4504 636 4536 ιι
654 4487 698 4552 Sp.
787 4484 820 4536 ‘2¹2
839 4484 925 4537 αδτσῐσ
944 4489 967 4535 V
1057 4484 1090 4536 23
1109 4479 1151 4553 ἐφ’
1170 4485 1230 4554 ἡμῖν
1249 4486 1305 4539 coll.
1326 4491 1385 4555 post
1403 4488 1524 4558 ἐνέργειαι
1541 4508 1558 4541 ε

202 4577 247 4641 Sp.
338 4573 363 4624 οιί
382 4573 407 4625 δὲ
427 4591 442 4624 a
460 4575 503 4640 Sp.
588 4571 644 4640 μὲν]
664 4588 713 4624 om.
733 4591 747 4622 ο
767 4575 824 4639 Sp.:
849 4573 957 4624 fortasse
980 4571 1088 4639 μόνον,
1112 4573 1163 4623 nisi
1183 4573 1335 4626 exciderunt
1354 4576 1482 4628 nonnulla
1501 4582 1560 4645 post

202 4661 328 4731 γινόμενον
348 4660 401 4724 (31)
492 4660 525 4711 ’21
550 4660 633 4728 βίον
723 4659 751 4712 τδ
771 4659 810 4712 διαὶ
831 4659 902 4712 WB:
922 4659 1009 4712 διὰτὸ
1028 4659 1075 4710 V¹:
1097 4659 1136 4711 διὰ
1155 4662 1275 4728 ὃθεὸρ.
1357 4661 1424 4715 8232
1443 4664 1472 4716 in
1492 4679 1557 4732 mg.:

201 4750 261 4807 ἴσως
283 4746 364 4805 οὕτως
388 4747 480 4816 ὀφείλει
503 4746 593 4815 λέγεινι
619 4748 647 4799 τὸ
667 4749 712 4819 γάρ
731 4744 765 4800 δι’
786 4746 899 4802 ἑκυῦσιον
922 4749 1023 4817 ἄγνοιαν
1046 4747 1075 4801 οῦ
1096 4749 1136 4818 βίᾳ
1160 4746 1217 4799 οῦδὲ
1236 4745 1353 4800 ἀκοδσιυν
1462 4750 1496 4803 25
1521 4750 1558 4815 (ἃ)

201 4840 346 4906 ἀγνοοῦντες
368 4836 473 4903 scripsi:
493 4835 639 4902 ἀγνοοῦντες
654 4835 692 4898 (ἃ)
706 4838 774 4888 vict.
864 4837 896 4889 27
915 4838 971 4907 περὶ
991 4855 1006 4887 υ
1024 4839 1067 4903 sp.
1166 4834 1199 4887 28
1218 4836 1271 4888 ἐπεὶ
1291 4851 1356 4888 corr.
1375 4853 1408 4890 ex
1428 4838 1468 4890 ἐπὶ
1488 4840 1522 4890 V¹

202 4925 288 4978 αδτοῑσ
310 4926 341 4976 V'
439 4924 472 4975 29
491 4924 569 4994 παρὰ]
588 4923 643 4991 περὶ
662 4925 730 4975 coni.
749 4927 793 4990 Sp.
