3540 5610
224 292 287 357 230
664 289 893 347 ΑΛΕΞΑΝΔΡΟΥ
919 286 1145 346 λΦΡΟΔῙΣΙΕΩΣ

279 465 449 549 δεδεγμένῃ,
473 464 532 528 ἀλλ’
560 465 590 528 ἐν
608 463 612 549 Ι
629 465 740 534 τούτοις
762 467 803 534 ύις
824 465 894 549 πυρί
913 489 945 528 τε
968 468 1016 529 καὶ
1038 468 1096 527 τῶν
1117 464 1214 528 ἄλλων
1236 464 1415 549 διαφέροντι·
1439 461 1514 526 κατὰ
1538 469 1587 528 613

278 566 333 649 γάρ
356 570 409 650 τὴν
434 567 504 650 ύλην
526 567 562 631 τά
585 567 659 632 αύτά
683 567 819 651 ἀλληλοις
840 566 876 629 τά
898 566 1050 650 τέσσαρα),
1073 569 1107 629 τὸ
1130 567 1163 630 δέ
1184 590 1211 630 τι
1233 566 1330 630 αὐτῶν
1352 566 1430 629 έστιν
1446 564 1532 647 ὑγρόν

278 691 310 730 τε
333 669 381 732 καὶ
403 671 513 753 θερμόν
536 670 583 753 (έν
605 671 716 738 τούτοις
738 669 793 753 γάρ
816 669 900 732 παλιν
924 670 957 731 τδ
979 669 1052 732 εἶναι
1075 673 1117 753 τῷ
1141 669 1230 753 ἀέρι),
1253 669 1286 731 τδ
1309 668 1341 731 δὲ
1364 666 1478 753 ψυχρόν
1501 689 1533 730 τε

279 772 327 832 καὶ
350 769 435 854 ὑγρόν
456 772 514 858 (τῷ
537 773 592 858 γὰρ
616 774 696 837 ύδατι
719 772 749 835 ἐν
772 772 883 841 τούτοις
904 773 938 835 τὸ
961 772 1059 855 εἶναι),
1081 773 1114 835 τδ
1137 773 1170 835 δὲ
1193 771 1278 856 ξηρόν
1300 795 1333 834 τε
1353 773 1402 835 καλ
1418 769 1532 855 ψυχρόν
1562 788 1576 830 ι

244 871 422 954 5(τοιούτον
445 874 499 958 γὰρ
522 876 541 958 ἡ
565 875 627 959 γῆ).
665 876 700 944 ἀς
722 872 830 960 έχοντα
852 877 992 958 διαφοράς
1011 898 1043 938 τε
1058 876 1107 937 καὶ
1122 875 1304 943 ἐναντιώσεις
1319 874 1392 960 πρὸς
1407 872 1532 955 ἄλληλα,

280 977 419 1039 ποιοῦντά
440 1000 472 1040 τε
494 979 542 1041 καὶ
565 980 717 1061 πάσχοντα
738 978 780 1044 είς
802 976 916 1060 άλλῃλα
938 982 1018 1039 ποιεῖ
1038 976 1089 1046 τάς
1112 976 1284 1060 μεταβολάς,
1317 966 1369 1060 τῆς
1392 976 1464 1059 ύλης
1486 996 1534 1057 με·

279 1077 480 1163 ταβαλλούσης
502 1080 543 1148 είς
564 1081 597 1142 τὸ
620 1084 678 1143 τῶν
701 1079 858 1142 ποιούντων
881 1083 1013 1163 κρατοῦν.
1058 1078 1126 1142 όταν
1159 1080 1213 1162 γάρ
1240 1102 1267 1141 τι
1289 1077 1386 1141 αὐτῶν
1409 1078 1535 1140 πλεονά·

281 1200 333 1242 σαν
355 1182 430 1250 τινὸς
453 1185 510 1244 τῶν
534 1182 698 1245 ἐναντίωσιν
721 1180 850 1267 ἐχόντων
873 1182 945 1264 πρὸς
978 1182 1048 1245 αὑτὸ
1082 1181 1227 1266 κατισχύῃ
1261 1186 1322 1250 ταῖς
1347 1179 1536 1243 έναντιώσεσι
1550 1193 1576 1235 1⁰

280 1286 343 1351 ταῖς
365 1282 395 1345 έν
418 1284 500 1369 αύτῷ
524 1284 572 1347 ἐπὶ
595 1288 741 1360 τυσοῦτον,
775 1287 816 1353 ώς
838 1284 1062 1368 ἀποβαλλουσαν
1089 1284 1141 1366 τὴν
1165 1281 1357 1365 ὑποκειμένην
1382 1281 1462 1366 ύλην,
1497 1281 1534 1364 ἢν

233 1404 264 1450 10
283 1385 421 1468 πρότερον
443 1384 509 1470 εἶχε
532 1386 673 1470 ποιότητα
696 1387 867 1472 μεταλαβεῖν
890 1387 922 1448 τδ
944 1389 996 1448 τού
1019 1387 1216 1469 κρατήσαντος
1231 1384 1317 1458 εἶδος,
1340 1383 1406 1447 τότε
1427 1384 1534 1466 γίνεται

280 1490 332 1549 τού
356 1487 408 1570 μὲν
432 1487 508 1550 ούτω
533 1489 763 1574 μεταβάλλοντος
796 1488 905 1572 φθορά,
938 1487 1048 1570 γένεσις
1081 1488 1124 1562 δέ,
1158 1488 1200 1556 εἰς
1233 1487 1384 1569 ὃγένυνεν
1407 1487 1426 1569 η
1450 1507 1535 1566 μετα·

281 1588 364 1673 βολη.
409 1590 438 1651 αἱ
462 1589 515 1670 μέν
538 1587 587 1652 ούν
610 1590 736 1672 γενέσεις
769 1591 816 1653 καλ
850 1590 959 1674 φθοραὶ
980 1594 1039 1652 τῶν
1073 1592 1218 1674 σωμάτων
1242 1591 1271 1653 α1
1293 1587 1438 1673 γινόμεναι
1460 1587 1536 1652 κατὰ

282 1692 445 1775 μεταβολὴν
469 1694 521 1776 τὴν
544 1693 617 1755 κατὰ
641 1695 673 1756 τδ
696 1697 787 1757 ποιεῖν
810 1717 841 1756 τε
864 1694 910 1757 καὶ
933 1694 1057 1777 πάσχειν
1080 1697 1181 1756 τοῦτον
1207 1694 1331 1776 γίνονται
1346 1693 1395 1756 τδν
1417 1689 1533 1775 τρόπον.
1549 1704 1575 1746 ¹⁶

198 1799 263 1855 xlv
284 1789 363 1855 Ἐπεὶ
386 1795 418 1856 δὲ
440 1793 511 1857 ἀλλο
534 1794 644 1877 γένεσις
666 1797 713 1859 καὶ
729 1797 838 1880 φθορά,
860 1797 907 1859 καὶ
930 1794 1001 1858 ἀλλο
1024 1799 1124 1879 κρᾶσις
1147 1794 1182 1879 (ἡ
1205 1795 1260 1878 γὰρ
1280 1798 1381 1878 κρᾶσις
1405 1791 1534 1875 σωζομέ-

230 1915 260 1964 15
280 1919 336 1957 νων
359 1901 443 1958 τινῶν
468 1898 540 1979 μῖξις
563 1897 636 1960 εἶναι
659 1899 752 1960 δοκεῖ·
788 1896 855 1961 οὔτε
876 1898 930 1980 γάρ
954 1898 1009 1960 ύπὸ
1032 1902 1083 1960 τού
1106 1897 1206 1980 ἑτέρου
1228 1896 1389 1982 φθαρέντος
1411 1897 1459 1960 καὶ
1483 1917 1534 1977 με·

279 1999 471 2084 ταβάλλοντος
493 2000 534 2068 εἰς
556 1999 588 2061 τδ
612 2004 757 2083 κρατῆσαν
781 2003 893 2086 κρᾶσις,
917 1999 991 2062 ἀλλὰ
1013 2005 1064 2063 τοῦ
1088 2000 1140 2081 μὲν
1155 1999 1284 2084 αὔξησις,
1306 2003 1358 2062 τοῦ
1381 1999 1413 2062 δὲ
1436 1998 1535 2082 φθορά

279 2137 320 2146 -
343 2101 388 2163 διδ
411 2100 479 2165 οὐδὲ
501 2103 520 2184 ἡ
543 2102 635 2185 τροφὴ
670 2101 783 2184 λέγεται
817 2101 971 2185 κιρναῖσθαι
1004 2103 1052 2166 καλ
1078 2104 1111 2166 τδ
1139 2102 1315 2187 τρεφόμενον
1338 2137 1379 2146 -
1401 2096 1479 2175 οὔτ’,
1507 2101 1576 2162 erro

281 2201 433 2288 ἀμφότερα
455 2205 635 2267 παντάπασιν
658 2204 785 2287 φθαρείη
818 2203 854 2266 τὰ
878 2204 1044 2287 μιγνύμενα,
1078 2205 1114 2267 τά
1149 2203 1311 2288 μεμιγμένα
1344 2206 1446 2288 κρᾶσις
1475 2200 1533 2265 ἔτι·

282 2306 457 2387 σωζομένων
480 2306 533 2388 γάρ
555 2326 638 2367 τινων
662 2304 735 2387 μῖξις
757 2307 776 2389 ἡ
800 2304 925 2387 κρᾶσις),
948 2304 1112 2369 ἀκόλουθον
1135 2304 1240 2389 ἀνείη
1264 2307 1316 2390 τἠν
1336 2310 1388 2389 τῆς
1403 2307 1536 2389 κράσεως

228 2427 262 2472 20
280 2407 352 2490 πρὸς
367 2407 420 2489 τὴν
436 2406 546 2490 γένεσίν
562 2407 656 2469 τεκαὶ
672 2408 785 2490 φθοράν
801 2406 906 2490 (λέγειν
923 2408 1085 2493 διαφοράν).
1109 2410 1203 2472 κοινὸν
1220 2410 1337 2492 μὲνγὰρ
1353 2407 1452 2475 αύταῖς
1467 2408 1487 2491 ἧ
1504 2429 1535 2469 τε

281 2507 355 2572 καττλ
367 2511 420 2593 την
432 2510 503 2593 ύλην
515 2510 658 2589 κοινωνία,
674 2508 742 2572 καθ’
765 2510 800 2593 ἢν
824 2509 923 2593 ὥσπερ
939 2510 1090 2593 φθείρεταί
1105 2534 1141 2585 τι,
1157 2511 1249 2580 ούτως
1266 2513 1314 2575 καὶ
1330 2515 1470 2594 κιρνᾶται,
1487 2512 1536 2573 καὶ
1548 2526 1577 2568 νῦ

283 2612 302 2693 ἡ
325 2610 374 2673 διὰ
396 2609 561 2673 ἐναντίωσιν
584 2610 631 2673 διὰ
654 2615 705 2673 τού
729 2615 821 2673 ποιεῖν
844 2634 875 2673 τε
897 2611 946 2673 καλ
967 2612 1093 2695 πάσχειν
1118 2613 1275 2697 μεταβολή.
1321 2612 1392 2676 ἴδιον
1414 2612 1447 2675 δὲ
1468 2613 1535 2695 κρά·

280 2733 357 2781 σεως
380 2714 450 2796 πρδς
473 2714 525 2796 τὴν
547 2712 654 2794 γένεσίν
677 2714 779 2776 τεκαὶ
812 2713 926 2797 φθορὰν
949 2713 982 2774 τὸ
1006 2713 1052 2775 ἐπὶ
1077 2715 1128 2795 μὲν
1155 2715 1265 2777 τούτων
1287 2714 1386 2779 τέλεον
1409 2715 1532 2799 θάτερον

281 2814 321 2882 είς
346 2815 467 2897 θάτερον
490 2815 686 2896 μεθίστασθαι
709 2816 758 2877 καὶ
780 2816 1010 2900 μεταλαμβάνειν
1034 2815 1084 2884 τὰς
1107 2817 1297 2896 ἐναντιώσεις,
1325 2814 1393 2881 καθ’
1423 2816 1458 2885 ἀς
1479 2839 1535 2878 πα-

227 2937 259 2984 25
280 2917 333 2980 θδν
357 2916 486 3000 ἀπέβαλε
509 2916 617 2992 τέλεον,
651 2917 683 2985 ἃς
707 2916 772 3001 εἶχε
794 2918 850 3000 πρὸ
872 2917 985 2993 τούτου,
1009 2918 1055 2980 ἐπὶ
1078 2919 1111 2981 δέ
1133 2924 1192 2980 τῶν
1215 2920 1393 3003 κιρναμένων
1416 2918 1451 2982 ού
1472 2921 1578 2981 τού-ευ

280 3043 328 3082 τον
352 3017 393 3081 ἔτι
416 3019 521 3101 γίνεται
543 3019 592 3082 τδν
607 3020 722 3103 τρόπον.
767 3018 828 3081 ἀλλ’
856 3017 924 3081 όταν
958 3020 1048 3082 πλείω
1078 3022 1200 3102 σώματα
1222 3026 1274 3085 τού
1296 3027 1389 3085 ποιεῖν
1411 3021 1460 3084 καὶ
1483 3022 1536 3082 πά-

282 3144 364 3206 σχειν
388 3121 437 3183 ὑπ’
465 3121 601 3204 ἀλλήλων
624 3119 732 3206 ἔχοντα
754 3122 874 3202 δύναμιν
897 3121 1033 3205 ἀλλήλοις
1057 3123 1199 3207 συνέλθῃ,
1233 3123 1292 3209 έχῃ
1315 3125 1347 3188 δὲ
1370 3125 1472 3202 ούτως,
1496 3126 1536 3192 ώς

282 3226 323 3307 μὴ
347 3223 500 3309 ὑπερέχειν
523 3224 597 3286 κατὰ
619 3223 669 3292 τάς
691 3224 873 3292 ἐναντιώσεις
907 3220 979 3286 ἄλλο
1001 3223 1090 3288 ἄλλου
1113 3225 1253 3290 δύνασθαι
1279 3230 1320 3296 ώς
1342 3228 1465 3310 φθεῖραν
1487 3225 1537 3288 αδ·

282 3328 314 3389 τό
338 3328 379 3396 είς
401 3328 453 3410 τὴν
476 3327 581 3390 ἑαυτοῦ
605 3332 784 3410 μεταστῆσαι
806 3326 902 3411 φύσιν,
927 3328 992 3389 τότε
1014 3330 1104 3390 ταῦτα
1127 3329 1174 3391 διὰ
1196 3329 1248 3412 τὴν
1270 3333 1328 3391 τῶν
1344 3330 1513 3412 δυναμένων
1531 3326 1534 3411 i

229 3449 263 3497 30
282 3429 412 3514 ἰσότητα,
446 3425 513 3491 καθ’
542 3429 576 3497 ἃς
598 3433 678 3492 ποιεῖ
697 3431 746 3492 καλ
769 3431 888 3513 πάσχει,
923 3429 1031 3511 ὁμοίως
1065 3427 1113 3492 ὑπ’
1141 3432 1278 3515 ἀλλήλων
1301 3431 1517 3518 ἀντιπάσχοντα
1539 3439 1589 3495 614

284 3531 372 3616 μέχρι
395 3530 500 3595 τούτου
525 3529 663 3615 πρόεισιν,
697 3530 755 3598 ἕως
788 3531 973 3615 ἀποβαλόντα
996 3531 1047 3599 τὰς
1073 3532 1147 3595 κατά
1169 3532 1350 3601 ἐναντιώσεις
1376 3534 1534 3619 ὑπεροχάς,

282 3633 318 3697 δι’
347 3634 382 3702 ἀς
404 3634 490 3718 ἕτερά
513 3658 545 3696 τε
567 3633 602 3716 ἦν
625 3635 760 3717 ἀλλήλων
784 3635 831 3697 καὶ
854 3632 977 3708 ἐναντία,
1013 3633 1079 3714 μίαν
1103 3633 1132 3702 ἐξ
1155 3634 1276 3698 ἁπασῶν
1304 3639 1362 3698 τῶν
1385 3638 1536 3720 δυνάμεων

282 3737 415 3820 γεννήσει
438 3734 589 3820 ποιότητα,
613 3736 773 3818 ένωθείσης
795 3737 844 3799 καλ
868 3739 935 3818 μιᾶς
957 3735 1113 3818 γενομένης
1135 3740 1188 3819 τῆς
1208 3737 1384 3822 ἀμφοτέροις
1406 3762 1426 3822 η
1450 3744 1537 3802 πᾶσιν
1563 3757 1578 3797 ν

280 3839 379 3907 αὐτοῖς
403 3839 474 3922 ύλης
495 3838 695 3920 ὑποκειμένης.
739 3838 846 3920 γίνεται
867 3839 900 3901 δὲ
922 3840 941 3922 ἡ
965 3839 1082 3921 τοιαύτη
1107 3839 1190 3919 μῖξις,
1213 3840 1248 3923 ἣν
1264 3844 1364 3924 κρᾶσιν
1381 3844 1537 3924 καλοῦμεν,

230 3962 263 4011 35
283 3942 313 4004 έν
336 3947 395 4010 τοῖς
419 3942 515 4024 ὑγροῖς
543 3946 600 4003 τῶν
624 3943 779 4022 σωμάτων.
817 3941 940 4024 καὶγὰρ
963 3942 982 4023 ἡ
1006 3941 1036 4003 ἐν
1059 3945 1118 4011 τοῖς
1142 3942 1238 4026 ξηροῖς
1252 3942 1383 4025 γίνεσθαι
1406 3944 1535 4007 δοκούσα

283 4048 384 4128 κρᾶσις
407 4042 441 4105 ού
463 4044 569 4125 γίνεται
591 4045 683 4128 χωρὶς
705 4043 871 4128 ὑγρότητος.
909 4044 1023 4107 ἑνοῦται
1044 4044 1099 4127 γάρ
1122 4044 1157 4106 τὰ
1180 4045 1252 4129 ύγρά
1275 4045 1465 4127 συντιθέμενα
1488 4051 1537 4111 καὶ

230 4223 552 4232 ..—.-—--—--—
577 4224 631 4230 —-

234 4344 244 4394 1
268 4342 304 4399 ὡς
322 4340 380 4410 πυρί
398 4359 424 4392 τε
444 4342 548 4407 scripsi:
578 4340 615 4398 ώς
633 4345 681 4411 πῦρ
701 4342 752 4394 ἐστι
771 4343 862 4409 Apelt:
891 4341 975 4412 ώσπτρ
995 4342 1044 4395 είτε
1062 4343 1122 4395 libri
1257 4341 1409 4412 διαφέροντι]
1433 4343 1551 4414 διαφέρον
1570 4364 1594 4398 τι

232 4430 311 4498 Apelt
431 4429 446 4479 11
469 4435 534 4481 ποιιί
557 4429 601 4487 τὰς
625 4430 715 4496 Apelt:
743 4437 847 4481 ποιεῖται
873 4431 930 4483 libri
1050 4429 1145 4482 θαύτὸ
1169 4431 1273 4498 scripsi:
1301 4429 1377 4482 αύτδν
1401 4431 1460 4483 libri

232 4514 391 4587 8κατισχύῃ
411 4516 501 4583 Apelt:
521 4517 565 4567 καλ
584 4514 662 4588 ἰσχύει
680 4517 739 4568 libri
838 4518 865 4568 ll
896 4517 1006 4570 fortasse
1025 4516 1051 4568 δὲ
1070 4520 1167 4580 (τοῦ),
1186 4517 1220 4574 τίς
1329 4516 1360 4568 16
1389 4515 1594 4586 ἀλλά11οτνεεεε

232 4604 303 4657 οὔτε
413 4603 443 4654 17
468 4604 510 4655 καὶ
530 4603 578 4655 del.
593 4603 672 4671 Apelt
778 4604 806 4656 τό
825 4605 978 4673 τρεφόμινον
992 4606 1097 4671 scripsi:
1116 4606 1155 4673 τῷ
1167 4604 1312 4676 τρεφομένῳ
1331 4604 1391 4657 111)ιί
1502 4605 1533 4657 18
1552 4626 1595 4674 με·

232 4691 339 4760 μιγμίνα
357 4691 447 4757 Apelt:
473 4690 508 4759 μὴ
528 4688 664 4759 μιγνύμενα
683 4691 742 4743 iibri
849 4691 884 4744 20
902 4692 979 4761 λέγειν
999 4692 1119 4762 διαφοράν
1137 4693 1226 4744 addidi
1316 4691 1349 4743 26
1369 4689 1440 4760 όταν]
1460 4691 1501 4745 ότε
1520 4697 1561 4747 Ra

232 4778 265 4830 27
290 4777 338 4851 ἔχῃ
358 4778 463 4846 scripsi:
488 4777 540 4849 ἔχει
563 4778 623 4830 libri
722 4778 751 4830 31
779 4777 954 4848 ἀποβάλλοντα
974 4783 1013 4832 Ra
1114 4781 1158 4839 τὰς
1181 4781 1247 4831 κατὰ
1266 4779 1355 4854 Apelt:
1374 4780 1440 4832 κατὰ
1457 4780 1502 4843 τὰς
1520 4780 1594 4835 libri:

232 4866 275 4918 καὶ
294 4865 337 4924 τὰς
356 4864 438 4918 1ἀε1ετ
544 4863 578 4917 33
600 4864 697 4937 γενησιι
715 4868 755 4918 Ra
