3540 5610
560 238 562 243 ’
601 247 611 310 .·
691 280 894 335 ιιικιιιιιιιι
918 281 962 334 un
986 232 1112 335 nurui
1471 304 1474 310 -
1532 284 1573 348 39

271 457 306 539 ἣν
335 457 367 519 τό
395 453 465 540 ἔχον
491 453 582 537 αὐτὴν
611 453 672 516 οἶόν
699 453 731 517 ιε’
759 453 834 518 ἐστιν
863 454 1051 539 ὁμοιούμενον
1079 459 1139 524 τοῖς
1164 458 1273 525 δεκτοῖς
1301 457 1451 539 αἰσθητοῖς
1473 455 1520 517 διά

271 581 346 628 τινος
369 559 555 626 ἀλλοιώσεως
576 562 613 639 τγ]
638 557 710 641 πρός
732 555 806 619 αὐτὰ
820 555 947 642 ἐνεργείᾳ
968 559 1071 641 κρίνειν
1087 557 1169 620 αὐτοί.
1205 562 1245 627 ῶς
1266 558 1320 641 γὰρ
1343 557 1518 641 ηθρεπτικὴ
1614 629 1619 637 ,

270 662 388 745 δῦναμις
409 664 518 745 τροφῆς
545 660 638 724 ἐδεῖτο
660 661 733 744 πρός
755 660 788 722 τό
810 658 934 742 ἐνεργεῖν
965 659 1045 744 (περὶ
1066 661 1119 744 γὰρ
1145 660 1251 743 ταύτην
1279 662 1298 744 ἡ
1322 659 1449 744 ἐνέργεια
1471 657 1519 722 αῦ·
1533 673 1561 716 ιο

269 764 350 848 τῆς),
376 763 470 833 οῦτως
492 764 540 826 καὶ
562 765 582 846 ἡ
604 762 761 846 αἰσθητικὴ
790 764 848 823 τῶν
871 760 1031 846 αἰσθητῶν.
1075 765 1140 848 περὶ
1161 763 1216 847 γὰρ
1238 768 1328 826 ταῦτα
1350 764 1369 845 i,
1392 760 1519 844 ἐνέργεια

243 868 319 931 exul
340 866 447 950 ταύτης
472 867 521 929 καὶ
543 864 652 928 τοότων
678 864 755 927 ἐστὶν
777 864 965 948 ἀντιληπτική
994 889 1025 929 τε
1050 868 1098 930 καὶ
1120 867 1241 950 κριτική.
1287 867 1330 928 διδ
1353 866 1393 948 μὴ
1416 864 1519 948 παρόν-

271 993 329 1033 των
351 968 447 1033 αὐτῶν
469 967 524 1032 οῦκ
539 968 657 1051 ἐνεργεῖ,
679 963 740 1028 ἀλλ’
759 962 835 1030 ἔστιν
858 967 978 1048 δυνάμει
1000 966 1145 1052 αἴσθησις,
1168 969 1308 1051 ἀνάλογον
1330 966 1441 1052 ἔχουσα
1460 972 1520 1035 τοῖς

267 1058 373 1158 ἔχουσι
396 1071 448 1155 μέν
470 1094 533 1134 τινα
554 1069 729 1159 ἐπιστήμην,
752 1068 793 1151 μὴ
817 1067 962 1151 ἐνεργοῦσι
984 1068 1080 1149 μέντοι
1103 1068 1165 1133 κατ’
1192 1071 1292 1156 αὐτήν.
1335 1071 1443 1155 ὁμοίως
1464 1070 1518 1152 γὰρ

268 1175 366 1238 ἐκεῖνοί
387 1198 419 1237 τε
434 1174 553 1255 δυνάμει
575 1172 755 1256 ἐπιστήμονα
776 1171 824 1234 καὶ
845 1169 1067 1256 ιἠοὶνενόργητος
1080 1172 1215 1257 αἴσθησις
1237 1176 1357 1256 δυνάμει
1372 1172 1517 1257 αἴσθησις.

266 1278 350 1347 ἐκτός
372 1275 462 1341 δὲτὰ
483 1275 622 1360 αἰσθητά,
646 1275 689 1338 ότι
710 1275 730 1358 ἡ
753 1272 890 1356 αἴσθησις
912 1273 960 1335 ἐπὶ
982 1272 1127 1358 χρήσιμόν
1147 1300 1172 1338 τι
1195 1277 1246 1360 τὴν
1269 1277 1416 1362 ἀναφορὰν
1439 1274 1516 1360 ἔχει·
1531 1291 1559 1332 σο

224 1381 287 1463 ιοῖ,
316 1380 370 1464 γὰρ
398 1382 449 1442 τοῦ
476 1378 574 1463 λαβεῖν
601 1401 627 1440 τι
654 1378 754 1462 χάριν,
781 1401 801 1460 η
823 1380 874 1440 τοῦ
902 1382 1018 1460 φυγεῖν,
1045 1377 1128 1447 ἐκτός
1155 1380 1307 1443 δὲταῦτα.
1349 1377 1410 1443 ἔστι
1432 1379 1464 1441 δὲ
1485 1379 1518 1440 τό

265 1482 409 1566 αἰσθητόν
431 1503 463 1544 τε
487 1479 491 1567 l
516 1481 565 1544 καὶ
587 1481 606 1563 ἡ
629 1478 765 1564 αἴσθησις
787 1479 843 1563 πρὸ
872 1479 923 1561 μὲν
950 1483 1003 1564 τῆς
1028 1480 1169 1563 ἐνεργείας
1191 1482 1328 1567 ἀνόμοια,
1355 1483 1385 1546 ἐν
1408 1483 1440 1546 δέ
1462 1485 1499 1563 τη]
1520 1496 1571 1540 ιιιον

265 1585 395 1671 ἐνεργείᾳ
417 1584 504 1667 όμσια
524 1583 639 1666 γίνεται.
680 1582 754 1645 κατὰ
777 1582 913 1664 όμοίωσιν
935 1584 989 1667 γάρ
1012 1606 1073 1646 τινα
1094 1585 1249 1670 γινομένην
1268 1583 1304 1648 δι’
1332 1585 1518 1653 ἀλλοιώσεως

265 1690 301 1751 τό
322 1687 525 1752 αἰσθάνεσθαι.
566 1685 600 1748 τό
623 1684 677 1771 γὰρ
699 1683 776 1754 είδος
796 1689 847 1748 τοῦ
868 1685 1012 1768 αἰσθητοῦ
1035 1687 1126 1770 χωρἰς
1148 1692 1200 1771 τῆς
1223 1688 1293 1772 ῦλης
1314 1686 1462 1770 γινόμενον
1485 1688 1514 1748 ἐν

265 1796 311 1876 τῷ
334 1791 498 1875 αἰσθητικῷ
525 1789 545 1871 ἡ
569 1785 633 1852 κατ’
661 1786 805 1873 ἐνέργειάν
832 1788 908 1852 ἐστιν
929 1787 1074 1872 αἴσθησις.
1119 1789 1145 1851 εἰ
1168 1791 1200 1852 δὲ
1226 1789 1261 1854 δι’
1289 1790 1476 1858 ἀλλοιώσεως
1497 1813 1516 1872 η

224 1911 251 1954 ια
266 1894 423 1977 ὁμοίωσις,
457 1893 545 1976 δῆλον
573 1893 614 1960 ῶς
640 1891 696 1975 πρὸ
722 1894 774 1974 τῆς
797 1890 982 1960 ἀλλοιώσεως
1011 1889 1097 1975 ἕτερά
1124 1915 1155 1954 τε
1180 1893 1229 1955 καὶ
1251 1892 1374 1976 ἀνόμοια
1397 1891 1449 1976 ἦν,
1478 1895 1519 1960 ῶς

266 1997 389 2082 ἐδείχθη
412 1995 461 2058 καὶ
489 1995 536 2058 ἐπὶ
562 1997 614 2078 τῆς
636 1997 755 2077 τρυφῆς.
800 1993 915 2057 διὸκαὶ
943 1992 1071 2076 εὐλόγως
1096 1993 1208 2076 λέγεται
1230 1991 1292 2057 ἐστι
1319 1994 1370 2076 μὲν
1398 1996 1439 2063 ῶς
1461 1994 1517 2057 όπό
1544 2011 1558 2053 e

268 2104 320 2163 τοῦ
342 2097 444 2183 όμοίου
466 2098 591 2181 πάσχειν
613 2095 666 2178 τὴν
688 2093 834 2181 αἴσθησιν,
857 2092 918 2160 ἔστι
940 2095 966 2160 δ’
987 2101 1028 2166 ῶς
1050 2097 1106 2160 ὑπὸ
1128 2101 1179 2160 τοῦ
1203 2097 1349 2180 ἀνομοίου.
1383 2098 1518 2161 παθοῦσα

265 2203 320 2285 γάρ
343 2200 419 2264 ἐστιν
442 2199 538 2283 όμοία.
583 2198 688 2281 γίνεται
711 2199 743 2261 δέ
764 2199 797 2261 τό
824 2199 919 2268 πάθος
942 2202 1025 2262 τοῦτο
1053 2199 1082 2262 ἐν
1110 2203 1154 2284 τῷ
1177 2203 1285 2284 πρώτῳ
1313 2201 1365 2283 τὴν
1388 2200 1517 2284 αἰσθητι-

266 2303 321 2387 κὴν
348 2303 447 2389 ψυχὴν
474 2299 573 2387 ἔχοντι
601 2303 715 2384 σώματι
742 2300 791 2364 διά
816 2323 900 2364 τινων
929 2303 1056 2386 ὀργάνων
1085 2299 1175 2366 όντων
1201 2301 1292 2386 ἄλλης
1317 2303 1434 2386 φύσεως
1459 2307 1517 2366 τῶν

221 2422 252 2468 αι
265 2406 415 2491 αἰσθητῶν
442 2404 486 2473 οἷς
512 2405 684 2466 διακονεῖται
711 2408 753 2487 τῷ
785 2403 903 2488 δύναμιν
929 2401 1008 2489 ἔχειν
1037 2406 1162 2489 πάσχειν
1189 2402 1238 2468 ὑπ’
1265 2404 1378 2481 αὐτῶν,
1407 2405 1516 2470 αἳόταν

266 2509 350 2590 πάθη
373 2505 424 2570 εἰτ’
452 2507 546 2570 ἐκεῖνο
568 2507 601 2569 τὸ
623 2505 719 2575 πάθας
740 2507 913 2570 διαδίδωσιν.
951 2505 1012 2571 ἔστι
1035 2508 1068 2570 δέ
1089 2507 1183 2571 ἐκεῖνο
1206 2507 1354 2591 ἱδρυμένον
1377 2509 1441 2592 περὶ
1463 2510 1516 2593 τὴν

265 2611 393 2697 καρδίαν,
407 2600 489 2673 ’ἔνθα
510 2610 558 2672 καὶ
573 2606 650 2678 όλως
672 2608 705 2672 rb
720 2613 773 2692 τῆς
787 2612 885 2693 ψυχῆς
899 2608 1081 2692 ἡγεμονικόν,
1104 2612 1144 2679 ῶς
1159 2611 1268 2694 προϊὼν
1291 2609 1307 2672 ό
1323 2607 1407 2693 λόγος
1422 2611 1515 2679 δείξει.

265 2716 295 2779 ἐν
319 2709 345 2801 ᾧ
370 2714 423 2799 γάρ
446 2714 570 2796 μαλιστα
592 2712 625 2774 τό
645 2709 717 2775 εἶναι
739 2715 781 2795 τῷ
806 2707 888 2796 ζῴῳ,
911 2711 942 2774 ἐν
957 2711 1059 2796 ἐκείνη)
1082 2709 1199 2793 εῦλογον
1222 2711 1363 2776 εἶναικαὶ
1385 2714 1417 2776 τό
1440 2712 1515 2783 εἶδος
1530 2730 1557 2772 ιο

209 2921 276 2975 Ιτὸ
293 2920 352 2990 ἔχον
372 2917 463 2988 αῦτὴν]
481 2918 530 2969 sie
549 2917 580 2982 [i.
593 2933 615 2970 e.
634 2916 676 2969 die
694 2915 781 2981 Krait]
873 2914 971 2975 δεκτοῑς
988 2933 1039 2970 om.
1134 2917 1229 2989 θπρός
1247 2916 1311 2970 adrui
1329 2933 1379 2970 om.
1477 2919 1568 2989 κρίνειν

207 3008 286 3075 αῦτά]
310 3023 339 3060 so
363 3006 423 3058 dass
446 3007 485 3057 sie
509 3004 573 3058 fiber
595 3003 728 3057 dieselben
750 3003 923 3072 allgemein
945 3004 1036 3057 urteilt
1059 3003 1087 3073 [ρ
1106 3021 1161 3073 mg:
1186 3006 1212 3056 in
1236 3005 1448 3074 Aligemeinlreil]

205 3096 279 3150 4-5
297 3090 510 3164 περι-κριτική]
530 3090 599 3143 deun
617 3107 652 3144 an
669 3091 749 3144 ihnen
768 3093 804 3143 ist
820 3092 861 3144 ihr
879 3092 986 3144 Wirlren
1005 3093 1058 3145 und
1078 3093 1158 3145 durch
1178 3091 1260 3144 dieses
1280 3092 1388 3145 Wirkcn
1407 3095 1512 3162 ergreiit
1530 3097 1568 3150 sie

206 3184 264 3237 und
283 3182 375 3235 urteilt
392 3180 455 3233 r'rher
474 3164 605 3232 dieselben
729 3178 798 3231 7-8
824 3177 1088 3248 δμοίως-αἴσθησις]
1111 3179 1187 3232 Denn
1205 3180 1289 3232 dieses
1308 3180 1362 3231 und
1378 3180 1453 3248 jenes
1471 3182 1567 3247 (dieser

206 3271 264 3324 und
280 3269 366 3340 jener)
390 3269 425 3321 ist
443 3267 563 3332 einerlei‚
588 3266 657 3319 denn
679 3266 763 3318 dieser
781 3266 890 3319 erkennt
907 3267 1051 3320 virtualiter
1073 3266 1128 3318 und
1149 3267 1194 3319 der
1213 3265 1279 3319 Sinn
1297 3266 1363 3318 ohne
1382 3258 1514 3338 Wirlr'ung
1531 3271 1567 3323 ist

206 3358 322 3410 ir‘rrwehr
340 3357 413 3421 [nur]
431 3355 577 3408 virtualiter
593 3355 637 3406 ein
656 3353 721 3407 Sinn
829 3352 1124 3435 9-10jsrdc-rrrbru
1143 3368 1193 3405 om.
1303 3353 1332 3405 12
1351 3356 1417 3407 κατὰ
1436 3354 1566 3424 ὁμοίωσιν]

207 3445 266 3515 [die
284 3440 511 3510 Wahrnehmung]
536 3442 572 3494 ist
594 3442 652 3494 eine
675 3440 905 3493 Aehnlichlreit
1031 3441 1061 3492 17
1089 3438 1205 3509 πάσχειν]
1230 3456 1287 3491 zum
1308 3440 1418 3494 Wirken
1441 3445 1566 3512 gebracht

206 3531 276 3601 [rar.
295 3532 354 3584 lect.
372 3531 420 3582 mit
440 3527 536 3582 Abbild
553 3526 691 3596 verschau]
711 3528 813 3580 werden
921 3528 1022 3580 17-18
1050 3525 1295 3595 παθοῦσα-ὁμοία]
1319 3527 1353 3579 Es
1372 3528 1434 3581 wird
1453 3532 1564 3584 nimlich

206 3636 267 3672 zum
286 3617 394 3670 Wirken
413 3615 536 3685 gebracht
554 3613 689 3682 (afficirti)
708 3596 789 3668 duich
808 3614 858 3667 den
877 3615 975 3668 hhnriss
994 3615 1056 3682 (run
1075 3616 1132 3667 dcm
1153 3613 1326 3680 Eindruclri)‚
1345 3615 1390 3666 dar
1408 3615 1481 3670 nicht
1500 3620 1563 3671 irhn-

206 3705 259 3758 lich
279 3704 328 3766 ist3
347 3703 418 3755 daun
436 3700 537 3755 werden
559 3701 597 3754 sic
615 3702 739 3754 einander
757 3702 861 3754 dhnlich
954 3702 1055 3755 tri-⁸21
1076 3701 1111 3759 οῖς
1129 3700 1464 3775 διακονεῖται-διαδίδωσιν]
1483 3704 1562 3758 durrh

207 3791 306 3844 welche
319 3788 462 3857 dasjenige,
480 3804 531 3841 was
550 3787 592 3841 die
605 3787 681 3840 Kraft
698 3789 800 3853 basilei,
818 3789 868 3841 den
883 3789 980 3842 Umriss
999 3805 1049 3842 ron
1062 3789 1141 3842 ihnen
1160 3790 1339 3842 annunchrnen
1354 3805 1469 3859 vermag3
1489 3807 1564 3844 wenu

207 3894 237 3932 es
254 3877 307 3930 den
326 3876 426 3930 Umriss
449 3890 639 3944 angenommen
656 3876 715 3941 hat,
739 3877 810 3929 dann
828 3878 917 3945 hringt
936 3875 971 3943 (P)
990 3892 1017 3929 es
1036 3878 1117 3930 selhst
1140 3878 1191 3930 den
1211 3877 1309 3930 Umriss
1433 3877 1466 3928 22
1490 3875 1562 3947 ἔνθα]

206 3965 264 4018 weil
284 3963 354 4030 (weil
373 3964 401 4015 in
420 3959 522 4029 ihmil)
629 3961 663 4015 23
681 3963 707 4015 ἐν
726 3960 747 4032 ᾦ
766 3962 824 4032 γὰρ]
842 3962 923 4015 durch
942 3963 1050 4016 welches
1156 3964 1182 4015 ἐν
1200 3954 1409 4034 ἐκείνῳ-εἶδος]
1428 3964 1474 4017 das
1494 3981 1564 4018 niuss

205 4055 235 4106 in
254 4052 309 4105 ihm
328 4051 370 4104 die
389 4050 465 4102 δοται
484 4050 541 4102 sein

207 4244 220 4296 l
250 4241 410 4298 δεκτικοῐςα
535 4239 551 4293 3
578 4238 687 4312 ἰνεργιία
705 4255 732 4292 a:
759 4237 879 4309 lsipan
1008 4241 1025 4292 4
1052 4240 1136 4293 Arabs
1154 4239 1170 4310 ἡ
1189 4239 1296 4310 ἐνέργεια
1317 4238 1396 4312 αὐτῆς
1419 4243 1462 4294 καὶ
1482 4242 1561 4313 ταότη

204 4329 304 4383 ταότων
322 4329 417 4397 legisse
435 4326 538 4380 ridetur
635 4326 651 4378 7
669 4325 736 4385 τινός
754 4343 771 4378 a
867 4327 884 4379 8
903 4327 985 4380 ἐκεῖνα
998 4364 1022 4379 ..
1035 4326 1200 4397 ἐπιστήμονα]
1220 4327 1252 4379 ci.
1272 4327 1413 4382 Alexandri
1433 4330 1465 4383 de
1483 4346 1561 4383 sensu

204 4421 345 4473 comment.
366 4414 457 4477 105,ἰί
483 4414 523 4466 ed.
542 4414 642 4467 Thurot
664 4418 690 4467 el
713 4415 749 4467 ib.
767 4412 832 4465 422:
860 4415 926 4467 κατὰ
944 4415 990 4484 γὰρ
1009 4415 1082 4467 ποιὰν
1108 4416 1290 4484 σχέσιν..τῶν
1313 4413 1487 4488 όρωμίνων..
1501 4417 1562 4489 πρὸς

203 4507 236 4558 τό
254 4503 375 4593 δρῶντα..
398 4501 431 4554 de
449 4517 493 4553 an.
510 4499 588 4567 4217
612 4499 636 4553 τί
651 4518 715 4558 τινες
732 4509 890 4570 παρεστῶτες
911 4502 1011 4573 τῦχοιεν
1029 4540 1057 4555 ..
1073 4506 1118 4554 τοῦ
1136 4503 1326 4581 περωτισμένου
1350 4503 1500 4563 διαδιδόντος
1518 4507 1561 4557 καὶ

203 4593 255 4645 ἐπὶ
273 4587 418 4643 ταῦτατὸ
436 4593 537 4660 χρῶμα,
556 4588 612 4641 ind.
631 4603 686 4640 ar.
705 4595 826 4643 neutrum
931 4591 963 4644 10
981 4589 1065 4658 ἐκτός]
1084 4606 1120 4642 sc.
1138 4590 1170 4642 rui
1188 4589 1271 4661 ληπτὰ
1290 4591 1333 4643 καὶ
1351 4593 1447 4661 φευκτά
1467 4592 1560 4658 (Diels)

207 4679 238 4731 19
267 4675 355 4745 τινων]
374 4677 425 4731 sub
443 4696 452 4728 ι
469 4674 547 4728 litura
564 4676 587 4728 V
693 4674 728 4728 20
755 4675 790 4735 οίς
809 4676 970 4747 διακονεῖται]
989 4679 1073 4747 quihus
1091 4677 1153 4743 (he.
1172 4678 1352 4744 sensibilibus)
1370 4680 1502 4730 inserviunt
1520 4698 1559 4729 or-

200 4784 278 4831 yana,
297 4764 386 4834 quippe
404 4781 467 4829 quae
484 4764 520 4813 ιἰσ
539 4763 650 4814 instituta
668 4765 769 4830 cing-ar
787 4784 804 4815 α
822 4765 975 4815 sensibilibus
992 4767 1128 4833 pariantur.
1165 4764 1197 4818 de
1214 4764 1381 4818 διακονεῖσθαι
1397 4764 1432 4819 cf.
1451 4767 1507 4818 lnd.
1587 4764 1592 4775 '

203 4852 235 4905 21
256 4848 326 4920 πάθη
344 4867 361 4902 a
466 4848 511 4902 eir’
532 4851 638 4919 scripsi:
659 4849 706 4904 rir’
730 4854 768 4905 Va
874 4852 907 4904 22
926 4850 1008 4917 δείξει]
1030 4851 1135 4904 140148
1145 4868 1185 4920 sq.
