3548 5604
639 309 719 367 ΠΕΡΙ
738 310 971 370 ΕΙΜΑΡΜΕΝΗΣ
993 317 1094 371 13-14
1369 325 1370 328 ’
1485 324 1544 389 183

241 483 395 565 γινομένων
430 485 486 548 ὑπὸ
518 491 570 570 τῆς
592 486 776 572 εἱμαρμένης,
811 489 859 550 καὶ
892 489 940 551 διὰ
962 494 1014 573 τῆς
1036 491 1143 560 οἰκείας
1176 494 1292 574 φόσεως
1314 499 1373 558 τῶν
1397 491 1490 557 ὄντων

241 586 364 650 ἑκάστου
386 592 439 672 τῆς
460 588 636 673 εἱμαρμένης
658 589 837 674 ἐνεργούσης,
872 591 919 653 ἐπὶ
955 593 1007 676 μὲν
1034 598 1091 656 τῶν
1115 593 1211 657 ἄλλων
1240 596 1356 665 οὐδενός
1379 598 1413 660 τό
1436 596 1484 660 ἐπ’
1502 615 1532 658 τυ

246 687 343 757 αὐτοῖς
365 689 437 753 εἶναι
460 695 676 775 κατηγοροῦσιν,
699 691 748 754 ἐπὶ
770 693 803 755 δὲ
831 697 889 755 τῶν
912 692 997 778 ζῴων
1025 694 1121 777 μόνον.
1167 696 1204 759 δι’
1232 698 1250 761 ά
1276 699 1331 782 γὰρ
1357 700 1489 782 λέγουσιν

244 790 369 855 ἐπὶτῶν
393 791 478 877 ζιγίων
500 795 534 857 τὰ
557 793 604 856 διὰ
626 797 677 857 τοῦ
699 791 779 879 ζιγίου
801 797 946 879 γινόμενα,
969 796 1049 860 ταῦτ’
1077 796 1168 862 ἔνεστι
1192 800 1239 861 καὶ
1254 799 1302 861 ἐπὶ
1318 805 1375 864 τῶν
1392 801 1488 866 ἄλλων

206 913 220 960 5
245 894 365 958 ἑκάστου
387 895 490 978 λέγειν.
535 896 599 959 ἐπεί
620 896 674 980 γὰρ
697 897 750 960 οὐκ
773 896 869 967 ἄλλως
891 898 1000 981 γένοιτο
1022 901 1058 963 τὰ
1078 902 1124 963 διὰ
1147 905 1197 963 τοῦ
1215 900 1218 983 1
1237 899 1315 986 ζῴου
1337 904 1482 986 γινόμενα,
1503 915 1540 972 48

241 1000 282 1081 μὴ
306 999 487 1082 ὁρμήσαντος
508 1003 558 1061 τοῦ
582 997 672 1083 ζηίου,
695 1000 769 1063 ἀλλὰ
792 1000 894 1064 διὰτὸ
918 1003 1179 1085 συγκατατίθεσθαι
1208 1006 1259 1087 μὲν
1281 1006 1314 1068 τὸ
1338 1011 1416 1092 ζῷον
1439 1011 1487 1072 καὶ

243 1103 368 1185 όρμῇοαι
389 1103 504 1184 γίνεται,
539 1103 580 1184 μὴ
614 1104 867 1187 συγκαταθεμένου
901 1105 934 1168 δὲ
955 1105 989 1168 οὐ
1012 1107 1127 1189 γίνεται,
1161 1112 1251 1171 ταῦτα
1279 1108 1326 1171 ἐπὶ
1349 1116 1392 1196 τῷ
1416 1109 1487 1197 ζῴω

240 1207 326 1289 φασὶν
349 1204 428 1279 εἶναι,
463 1205 493 1275 ἑξ
515 1207 642 1290 ἀνάγκης
665 1207 716 1290 μὲν
738 1205 865 1290 ἐσόμενα
889 1207 938 1270 ὑπ’
966 1209 1055 1273 αὐτοῦ
1074 1209 1124 1293 (οὐ
1147 1211 1201 1294 γὰρ
1229 1210 1289 1273 οίόν
1312 1235 1343 1274 τε
1365 1210 1487 1296 άλλως),
1513 1231 1527 1274 ο

239 1312 281 1391 τῷ
304 1308 336 1370 δὲ
360 1309 400 1392 μὴ
422 1309 562 1372 δύνασθαι
596 1308 631 1372 δι’
659 1308 750 1373 άλλου
773 1312 847 1379 τινὸς
879 1311 970 1393 ἢδιὰ
992 1314 1094 1376 τοότου
1117 1313 1262 1395 γενέσθαι,
1295 1312 1363 1398 μηδ’
1390 1314 1487 1385 άλλως

192 1410 260 1492 1οῆ
283 1410 376 1478 οότως
398 1410 445 1473 διὰ
467 1412 578 1483 τοότου,
612 1412 644 1474 τὸ
667 1410 741 1474 εἶναι
762 1412 835 1475 αὐτὰ
858 1413 906 1475 ἐπὶ
929 1418 971 1499 τῷ
994 1414 1063 1499 ζῴῳ
1098 1416 1254 1498 οἰηθέντες.
1300 1418 1375 1480 ἀλλὰ
1403 1419 1487 1485 τοῦτό

237 1537 270 1596 γε
291 1515 338 1577 κα1
361 1514 408 1576 ἐπὶ
431 1520 488 1577 τῶν
511 1515 607 1577 σίλλων
629 1515 751 1579 ἑκάστου
773 1515 866 1598 λέγειν
888 1514 974 1579 ἔστιν.
1020 1516 1087 1581 οὔτε
1112 1518 1166 1601 γὰρ
1195 1521 1227 1583 τὸ
1251 1521 1298 1583 διὰ
1321 1526 1372 1584 τοῦ
1394 1523 1485 1605 πυρὸς

238 1616 385 1699 γινόμενον
420 1614 468 1679 ὑπ’
503 1614 592 1679 άλλου
623 1617 698 1685 τινός
731 1616 765 1680 ἂν
800 1618 909 1700 γένοιτο
942 1616 1004 1682 οὔτ’
1040 1619 1137 1689 ἄλλως
1170 1621 1218 1684 διὰ
1252 1627 1302 1686 τοῦ
1337 1624 1429 1706 πυρὸς
1462 1624 1524 1706 ἣιο

238 1719 286 1782 διὰ
318 1723 369 1783 τοῦ
399 1720 552 1803 θερμῆναι,
586 1718 672 1795 ὥστ’,
703 1719 766 1782 ἐπεὶ
795 1719 866 1803 μηδ’
899 1719 994 1790 άλλως
1028 1722 1136 1805 γένοιτο
1170 1726 1205 1787 τὰ
1232 1725 1278 1787 διὰ
1312 1729 1362 1787 τοῦ
1395 1726 1484 1809 πυρὸς

237 1822 372 1906 γινόμενα
405 1823 424 1906 ἢ
452 1823 648 1906 θερμήναντος
675 1826 727 1886 τοῦ
753 1823 853 1908 πυρός,
888 1826 936 1887 καὶ
970 1825 1166 1909 θερμήναντος
1200 1827 1251 1909 μὲν
1283 1826 1370 1891 αότοό
1393 1825 1483 1904 ἔσται,

190 1946 220 1994 15
241 1928 282 2010 μὴ
306 1928 501 2010 θερμηναντος
524 1927 556 1990 δὲ
579 1925 631 1989 οθκ
654 1924 743 1997 ἔσται,
779 1925 826 2010 είη
860 1925 893 1989 ἂν
921 1929 969 1991 ἐπὶ
995 1933 1037 2012 τῷ
1065 1931 1134 2015 πυρὶ
1157 1934 1255 1994 ταῦτα.
1299 1929 1382 1994 τὰδ’
1409 1930 1483 1994 αὐτὰ

238 2031 285 2093 καὶ
308 2028 355 2114 ἐφ’
384 2031 506 2093 ἑκάστου
528 2034 586 2092 τῶν
607 2029 704 2093 ἄλλων
727 2028 807 2094 ἔσται
829 2030 929 2113 λέγειν.
975 2032 1003 2093 τί
1033 2033 1088 2116 γὰρ
1121 2035 1167 2096 δεῖ
1193 2038 1381 2118 μακρολογεῖν
1403 2057 1481 2117 γεγο-
1496 2051 1523 2094 ιο

236 2133 317 2201 νότος
338 2136 389 2195 τοῦ
411 2132 568 2215 λεγομένου
591 2133 749 2216 γνωρίμοο;
784 2133 934 2217 ὀνομάτων
962 2135 1015 2217 μὲν
1038 2132 1087 2198 οὖν
1121 2135 1214 2205 οὐδεὶς
1241 2135 1359 2220 φθόνος,
1393 2138 1427 2200 τὸ
1450 2135 1475 2200 δ’

236 2237 371 2319 ἡγεῖσθαι
405 2236 491 2298 πλέον
524 2259 550 2298 τι
572 2238 631 2304 τοῖς
655 2233 744 2321 ζῴοις
766 2233 874 2300 διδόναι
896 2237 926 2299 έν
949 2240 1008 2306 τοῖς
1040 2238 1198 2319 γινομένοις
1220 2237 1257 2301 δι’
1284 2239 1379 2302 αὐτῶν
1402 2239 1480 2323 παρὰ

233 2339 333 2420 τᾶλλα,
357 2339 394 2403 δι’
423 2341 463 2402 ὧν
485 2363 511 2402 τι
534 2341 582 2403 καὶ
604 2340 700 2403 αὐτῶν
722 2341 837 2423 γίνεται,
861 2342 951 2424 μηδὲν
973 2340 1060 2404 πλέον
1083 2345 1134 2404 τοῦ
1156 2339 1203 2403 ἐπ’
1224 2342 1323 2411 αὐτοῖς
1339 2340 1480 2422 ὀνόματος
1493 2357 1521 2398 ¹⁰

181 2463 214 2510 νο
233 2448 389 2528 τηροῦντας
412 2443 518 2516 αὐτοῖς,
552 2440 629 2506 τοῦτ’
656 2443 728 2507 αὐτὸ
751 2445 903 2520 αἰτιατέον,
938 2448 979 2513 ὡς
1000 2442 1096 2507 αὐτῶν
1130 2443 1329 2527 ἀπατωμένων
1358 2443 1407 2507 διὰ
1427 2443 1480 2525 τὴν

232 2552 283 2610 τοῦ
316 2545 456 2626 όνόματος
489 2546 647 2621 κοινωνίαν,
682 2547 765 2629 ηὼς
786 2551 837 2609 τοῦ
860 2546 967 2616 ἄλλους
1000 2548 1112 2610 ἀπατᾶν
1143 2547 1387 2631 προαιρουμένων.
1432 2545 1480 2608 ἐπὶ

232 2651 325 2734 τούτῳ
348 2650 380 2711 δὲ
402 2650 495 2712 ἐκεῖνο
517 2646 552 2710 άν
574 2672 616 2717 τις
647 2648 742 2712 αὐτῶν
777 2650 962 2732 θαυμάσειεν,
995 2651 1024 2712 τί
1055 2647 1198 2720 παθόντες
1231 2651 1261 2714 έν
1284 2656 1322 2735 τη
1346 2651 1425 2733 ὁρμῇ
1448 2669 1479 2710 τε

232 2754 279 2816 καὶ
313 2751 522 2834 συγκαταθέσει
555 2752 587 2814 τὸ
611 2749 657 2836 ἐφ’
685 2754 755 2835 ἡμῖν
778 2773 864 2837 φασιν
887 2752 969 2829 εἶναι,
1002 2751 1039 2816 δι’
1067 2751 1083 2815 ὃ
1112 2754 1159 2816 καὶ
1193 2756 1302 2838 όμοίως
1335 2754 1365 2816 έν
1387 2755 1515 2815 πᾶσινίο

234 2860 293 2924 τοῖς
316 2852 403 2940 ζῴοις
426 2859 560 2938 τηροῦσιν
582 2854 662 2918 αὐτό.
700 2855 735 2919 οὐ
757 2855 812 2940 γὰρ
833 2857 866 2918 τὸ
889 2855 935 2940 ἐφ’
963 2857 1033 2940 ἡμῖν
1056 2855 1087 2918 ἐν
1109 2860 1154 2940 τῷ
1177 2857 1334 2940 φαντασίας
1356 2876 1478 2939 προσπε-

180 2959 340 3043 νοσούσης
361 2958 436 3029 εἶξαί
455 2982 485 3021 τε
507 2958 536 3027 ἐξ
559 2959 670 3021 ἑαυτῶν
693 2981 728 3042 τγγ
755 2960 897 3043 φαντασία
924 2960 971 3022 κα1
994 2960 1122 3043 ὁρμῆσαι
1145 2959 1193 3021 ἐπὶ
1215 2959 1248 3021 τὸ
1270 2958 1369 3042 φανέν,
1404 2955 1479 3019 ἀλλὰ

233 3067 317 3126 τοῦτο
341 3063 393 3145 μὲν
417 3060 451 3124 ἂν
474 3061 545 3130 ίσως
567 3059 613 3144 είη
637 3066 687 3125 τοό
711 3062 844 3126 ἑκουσίου
867 3062 1126 3126 κατασκευαστικόν
1141 3085 1173 3126 τε
1189 3062 1237 3125 καὶ
1252 3058 1401 3124 δεικτικόν.
1440 3057 1474 3120 οὐ
1487 3076 1516 3119 ου

233 3167 290 3249 μὴν
325 3164 427 3229 ταύτόν
451 3164 483 3228 τό
515 3187 547 3228 τε
580 3165 711 3228 ἑκοόσιον
745 3167 793 3228 καὶ
827 3166 859 3229 τὸ
882 3165 929 3250 ἐφ’
956 3168 1036 3249 ἡμίν.
1082 3164 1211 3228 ἑκούσιον
1245 3164 1297 3244 μὲν
1319 3164 1373 3247 γὰρ
1395 3163 1428 3225 τὸ
1451 3161 1480 3232 ἐξ

231 3269 371 3352 ἀβιάστου
404 3269 552 3351 γινόμενον
586 3267 836 3349 συγκαταθέσεως,
870 3268 918 3352 ἐφ’
947 3270 1017 3351 ἡμῖν
1039 3268 1126 3330 δὲτὸ
1160 3265 1308 3349 γινόμενον
1332 3263 1404 3348 μετὰ
1426 3268 1479 3346 τῆς

230 3372 303 3435 κατὰ
325 3371 408 3457 λόγον
431 3395 463 3436 τε
485 3373 533 3436 καὶ
556 3371 645 3456 κρίσιν
671 3371 925 3453 συγκαταθέσεως.
970 3372 1014 3433 διὸ
1037 3370 1111 3433 εἴτι
1135 3369 1186 3451 μὲν
1209 3367 1255 3452 ἐφ’
1284 3369 1364 3450 ἡμῖν,
1393 3370 1477 3428 τοῦτο

177 3495 211 3542 30
232 3477 278 3538 καὶ
294 3474 436 3551 ἑκοόοιον,
459 3474 493 3538 οό
510 3476 566 3557 μὴν
582 3478 639 3537 πᾶν
655 3475 688 3537 τὸ
705 3472 709 3559 1
728 3474 858 3538 ἑκοόσιον
875 3472 921 3557 ἐρ’
944 3475 1023 3555 ἡμῖν.
1062 3472 1203 3539 ἑκουσίως
1225 3471 1277 3553 μὲν
1300 3470 1354 3553 γὰρ
1376 3471 1425 3532 καὶ
1440 3469 1476 3531 τὰ
1494 3475 1530 3532 όθ

230 3577 321 3660 άλογα
338 3582 413 3662 ζῷα,
435 3577 489 3641 όσα
511 3577 584 3640 κατὰ
606 3579 657 3661 τὴν
674 3578 766 3662 όρμην
789 3577 884 3640 τεκαὶ
906 3575 1114 3658 συγκατάθεσιν
1137 3574 1189 3657 τὴν
1205 3573 1235 3636 ἐν
1251 3572 1349 3641 αὐτοῖς
1364 3570 1476 3656 (ποιεῖ),

229 3684 314 3757 ποιεῖ,
336 3682 368 3744 τὸ
391 3682 423 3744 δέ
445 3678 491 3742 ἐπ’
520 3679 601 3764 αὐτῷ
622 3703 648 3743 τι
663 3679 735 3743 εἶναι
758 3684 816 3743 τῶν
838 3680 994 3762 γινομένων
1025 3676 1073 3740 ὑπ’
1101 3677 1191 3741 αὐτοῦ
1214 3676 1284 3739 ἴδιον
1307 3675 1475 3758 ἀνθρώπου.

226 3788 310 3847 τοῦτο
330 3785 384 3868 γάρ
399 3783 474 3846 ἐστιν
490 3782 571 3868 αὐτῷ
588 3787 630 3867 τῷ
647 3782 720 3845 εἶναι
735 3787 842 3869 λογικῷ
860 3784 893 3846 τὸ
910 3780 988 3866 ἔχειν
1011 3781 1041 3842 ἐν
1064 3781 1144 3864 αὑτῷ
1168 3777 1252 3860 λόγον
1275 3783 1332 3840 τῶν
1357 3798 1475 3861 προοπι-
1501 3794 1515 3837 ο

227 3892 361 3950 πτουοῶν
394 3891 558 3969 φαντασιῶν
590 3887 637 3950 καὶ
670 3886 746 3955 όλως
779 3891 837 3948 τῶν
871 3884 1022 3969 πρακτέων
1054 3907 1084 3946 τε
1106 3885 1154 3947 καὶ
1176 3884 1218 3966 μὴ
1253 3881 1351 3965 κριτήν
1374 3881 1475 3943 τεκαὶ

176 4130 186 4179 l
208 4128 336 4196 γινομένου
346 4131 388 4182 Es
400 4129 482 4181 Lond.
565 4125 619 4178 23
639 4121 680 4178 ἐπ’
695 4124 790 4193 αὐτοῖς]
805 4121 955 4195 ἐφ’ἡμῖνΟ
1038 4118 1368 4192 Ηοήσσοοίπὶτῷζιγίψ
1450 4121 1528 4190 θμὴ]

173 4215 315 4286 [οτῑαςεοη
409 4216 552 4269 Ίίυτῑυοοο
570 4215 709 4284 ὁρμῆσαν
808 4211 1051 4282 συγκατατιθεμένου
1062 4211 1103 4264 8¹²
1200 4212 1290 4276 ταῦτα]
1309 4208 1348 4261 διὰ
1366 4213 1439 4261 τοῦτο
1458 4207 1493 4261 13²

173 4300 446 4372 81πάίιτιγῑοείπ’
466 4303 621 4356 αθτοῦθαο.
729 4301 858 4367 θαλλως]
876 4300 947 4353 ἄλλω
960 4300 1001 4352 ⁸¹²
1108 4300 1140 4352 10
1162 4297 1263 4366 τοότου]
1283 4315 1312 4349 ου
1330 4299 1358 4350 in
1379 4299 1416 4349 lit.
1436 4301 1460 4346 V

171 4388 200 4441 τό
223 4391 250 4442 iu
275 4392 312 4442 lit.
331 4392 375 4444 8²:
402 4394 440 4460 τῷ
458 4393 517 4445 libri
640 4390 670 4443 13
700 4389 735 4447 ὡς
758 4385 782 4441 θ’
803 4392 825 4442 0
970 4390 1000 4444 15
1019 4387 1082 4439 αὺτα
1103 4390 1125 4436 V
1266 4386 1295 4437 16
1323 4381 1375 4454 ἐφ’]
1399 4380 1443 4454 ὑφ’
1469 4383 1526 4437 Cas.

172 4477 296 4531 Lond.0
407 4480 435 4530 17
464 4479 610 4549 λεγομένου]
629 4479 696 4530 inter
716 4497 729 4530 ο
748 4482 811 4545 ολμ
835 4477 873 4529 lit.
896 4477 972 4529 llitt.
992 4479 1015 4526 V
1122 4473 1249 4544 γνώριμον
1268 4477 1292 4523 V
1407 4470 1462 4536 οὖν]
1480 4472 1526 4542 γὰρ

171 4569 194 4616 Η
208 4583 245 4634 γρ.
260 4568 325 4619 ESO
444 4566 474 4617 19
503 4565 581 4618 τᾶλλα
600 4569 623 4616 V
739 4581 775 4621 τις
799 4564 839 4614 8¹²
952 4563 1049 4634 γίνηται
1073 4566 1095 4617 O
1203 4561 1236 4612 ‘20
1259 4558 1333 4612 τοῦτ’
1356 4559 1430 4624 αὑτό]
1454 4555 1525 4611 τοῦτ’

170 4652 253 4710 αὺτοῖς
273 4657 308 4705 H:
328 4658 401 4706 τοῦτο
422 4655 463 4706 Es
552 4653 583 4705 ‘21
604 4650 1019 4717 τοῦ(υ11.)θα11;τουςΚΕ8οε
1040 4652 1148 4705 fortasse
1165 4651 1199 4703 τὸ
1289 4647 1320 4698 ’17
1340 4647 1386 4717 γὰρ
1405 4648 1490 4699 om.0

170 4741 204 4792 ‘29
232 4740 317 4809 λόγον]
340 4740 369 4793 λο
387 4744 413 4794 in
434 4742 472 4793 lit.
493 4746 515 4791 V
613 4741 643 4793 31
671 4747 737 4793 ποιεῖ
753 4739 811 4792 add.
830 4739 959 4793 Schwartz
1065 4740 1097 4791 32
1123 4758 1147 4791 τι
1166 4740 1226 4790 ιῐναι
1246 4738 1320 4803 Ηγρ.
1335 4736 1413 4786 ESO:
1432 4731 1526 4785 τιθέναι

171 4827 235 4879 Van
329 4827 377 4880 ὑπ’
395 4827 483 4896 αθτοῠ]
502 4828 551 4880 ὐπὸ
569 4833 614 4881 τοῦ
634 4833 670 4881 K:
700 4827 748 4880 ὑπ’
771 4832 815 4879 τοῦ
835 4828 862 4879 τι1
968 4827 1002 4879 33
1029 4831 1066 4896 τῷ
1091 4827 1171 4879 Lond.
1192 4829 1226 4879 0:
1255 4821 1284 4874 τὸ
1303 4821 1380 4871 Va¹⁹z
1409 4820 1436 4871 τὸ
1461 4836 1525 4872 corr.

169 4932 201 4968 ex
221 4917 298 4983 τῷΒ
405 4916 430 4966 ἐν
449 4915 559 4986 αὺτιγῖν
659 4922 711 4970 τῶν
728 4919 821 4968 om.0
