3540 5610
716 330 913 388 PRAEFATIO
1457 338 1497 383 xv

128 504 273 574 fideliter
294 505 423 572 ridetur
443 504 606 571 arabicam
630 503 813 570 versionem
835 509 964 569 secutus
988 524 1069 588 esse,
1092 504 1149 570 sed
1171 504 1227 589 ita,
1250 510 1286 569 ut
1308 503 1496 589 orationem,

129 646 231 710 quam
255 626 289 689 in
311 625 442 691 arabico
459 625 607 709 exemplo
631 623 782 690 continuo
805 622 958 707 scriptam
980 622 1080 690 fuisse
1096 631 1241 708 testatur,
1265 624 1385 708 primus
1401 623 1497 692 inter-

130 753 308 830 pungeret,
342 751 375 810 et
401 744 442 810 de
468 744 574 810 dubiis
601 743 730 828 proprio
761 742 879 808 iudicio
906 741 1104 809 decerneret.
1155 763 1195 810 ea
1220 743 1320 827 enim,
1354 744 1496 829 quaein

131 864 282 947 margine
304 864 444 949 exempli
466 863 588 930 arabici
611 871 755 930 correcta
778 869 880 947 erant,
907 863 990 928 solet
1012 861 1140 946 quidem
1162 863 1332 948 respicere,
1355 864 1498 947 neglegit

133 992 246 1049 autem
270 1003 319 1068 ea,
342 1003 426 1066 quae
448 984 554 1048 minus
568 982 766 1067 placuerant
801 979 887 1045 unde
908 1002 1018 1047 rursus
1041 981 1184 1066 sequitur
1203 981 1318 1046 librum
1333 981 1496 1049 arabicum

132 1103 177 1167 ad
202 1102 273 1167 eius
287 1122 443 1187 normam,
467 1122 508 1168 ex
523 1122 585 1186 quo
607 1100 754 1186 fluxerat,
777 1108 926 1167 exactum
940 1102 1050 1168 luisse.
1084 1110 1225 1168 cetorum
1247 1102 1423 1167 notandum
1448 1109 1498 1169 est

134 1222 320 1288 Samuelem
350 1221 384 1288 in
410 1221 474 1288 fine
500 1219 776 1305 interpretationis
805 1220 946 1303 graviter
972 1220 1063 1304 queri
1089 1220 1131 1287 de
1156 1221 1333 1303 Alexandri
1359 1221 1499 1289 obscuri-

133 1348 205 1406 tate
215 1339 247 1425 ¹).
291 1340 386 1406 huius
407 1339 683 1424 interpretationis
706 1338 894 1405 memoriam
920 1346 1131 1406 servaverunt
1157 1345 1222 1406 tres
1243 1339 1332 1423 libri,
1359 1341 1497 1408 Parisini

134 1462 201 1527 duo
224 1461 297 1544 893,
320 1460 384 1526 894
405 1456 482 1545 (Pp)
505 1465 538 1525 et
552 1458 770 1526 Berolinensis
786 1458 854 1526 Oct.
873 1461 936 1525 332
956 1459 1021 1547 (B),
1043 1459 1128 1525 inter
1149 1480 1230 1543 quos
1252 1481 1273 1544 p
1296 1459 1432 1544 primum
1455 1461 1499 1528 lc·

135 1603 211 1648 cum
233 1581 381 1647 obtinere
401 1579 539 1663 ridetur,
562 1578 763 1645 Berolinensi
786 1577 992 1645 multifariam
1013 1585 1160 1645 truncato
1183 1585 1318 1663 uterque
1333 1579 1499 1647 Parisinus

134 1699 327 1786 praestat').
364 1698 479 1784 quibus
500 1697 603 1782 copiis
625 1705 659 1763 ut
681 1718 742 1782 ego
764 1704 883 1783 uterer,
905 1717 983 1765 cura
1003 1697 1123 1764 factum
1146 1704 1196 1765 est
1218 1697 1359 1764 Mauritii
1374 1699 1498 1767 Stein-

132 1819 360 1905 schneider,
375 1819 429 1904 qui
445 1824 556 1885 nostra
571 1816 682 1901 lingua
697 1816 873 1883 Alexandri
889 1816 1004 1882 librum
1020 1816 1178 1901 reingere
1191 1817 1343 1884 studebat
1358 1820 1455 1887 talem
1463 1819 1498 1907 ⁸),

133 1941 268 2024 qualem
294 1960 335 2004 ex
361 1937 501 2004 Arabico
530 1936 707 2022 exemplari
736 1943 878 2003 verterat
904 1936 1036 2003 Samuel
1066 1936 1129 2003 ben
1155 1938 1294 2006 Jehuda.
1343 1940 1402 2007 sed
1427 1942 1498 2008 viro

136 2058 326 2126 doctissimo
348 2054 580 2140 impedimento
604 2062 696 2122 erant
724 2056 861 2141 primum
884 2055 1038 2122 orationis
1064 2056 1098 2122 in
1120 2058 1193 2124 cola
1215 2058 1381 2144 discriptio
1404 2060 1499 2127 libra-

135 2180 257 2245 riorum
280 2176 430 2244 socordia
451 2182 508 2241 aut
529 2177 679 2259 neglecta
700 2185 758 2242 aut
780 2183 917 2261 minuta,
944 2177 1062 2244 deinde
1089 2176 1240 2244 arabicae
1263 2178 1499 2265 hebraioaeque

134 2300 272 2382 linguae
298 2318 370 2364 curu
397 2296 627 2382 particularum
648 2296 760 2381 inopia
792 2303 859 2361 tum
885 2315 1005 2378 magna
1037 2295 1070 2362 in
1103 2296 1212 2363 verbis
1234 2298 1498 2385 philosophorum

134 2419 278 2504 propriis
300 2414 535 2503 ambiguitas‘).
580 2435 776 2515 quare'cum
798 2415 1099 2483 Steinschneiderns
1123 2436 1166 2483 ne
1186 2418 1295 2483 aliena
1315 2418 1499 2488 inmisceret

134 2540 170 2604 in
195 2537 276 2605 solis
298 2535 458 2603 hebraicis
480 2534 643 2601 codicibus
666 2555 738 2603 sose
761 2535 984 2621 continuisset,
1006 2538 1108 2602 multa
1129 2544 1222 2603 erant
1244 2536 1285 2604 de
1307 2538 1422 2622 quibus
1444 2540 1500 2605 du-

136 2658 285 2725 bitarem.
335 2655 446 2739 itaque
470 2653 572 2722 literis
598 2654 737 2722 invicem
769 2655 876 2722 missis
902 2662 1003 2723 totum
1036 2655 1151 2722 librum
1185 2677 1250 2723 una
1282 2657 1396 2724 iterum
1430 2679 1501 2744 per·

138 2777 349 2843 tractavimus
365 2783 398 2840 et
412 2775 455 2839 ad
470 2794 542 2840 eam
557 2773 693 2840 sormam
708 2774 890 2858 redegimus
912 2795 1008 2859 quam
1024 2775 1056 2841 in
1072 2775 1282 2844 adnotatione
1291 2776 1314 2863 ⁵)
1337 2778 1498 2862 proposui.

227 2896 439 2981 Summopere
463 2902 572 2961 autem
599 2894 772 2961 dolendum
806 2901 856 2962 est
883 2916 981 2961 unum
1013 2895 1098 2962 hunc
1125 2902 1254 2981 testem,
1287 2895 1342 2980 qui
1367 2918 1433 2964 non
1458 2918 1500 2965 ex

138 3017 267 3083 Veneto
290 3016 443 3101 pendeat,
464 3014 512 3081 ita
535 3022 718 3100 corruptum
741 3035 827 3102 esse,
851 3022 886 3081 ut
910 3013 1134 3099 expectatione
1156 3015 1259 3082 minor
1280 3016 1357 3084 inde
1378 3016 1500 3085 fructus

139 3135 313 3203 redundet.
347 3155 418 3200 cum
441 3154 519 3200 vero
536 3157 666 3220 prorsus
687 3134 801 3202 inutile
816 3142 903 3202 osset
925 3155 974 3220 ea,
997 3155 1080 3219 quae
1102 3133 1135 3200 in
1151 3134 1212 3202 hac
1234 3135 1500 3222 interpretatione

139 3263 200 3322 aut
223 3238 342 3322 'vitiata
368 3261 425 3320 aut
450 3254 570 3321 omissa
595 3261 683 3338 sunt,
711 3254 755 3321 ad
781 3276 840 3322 sua
861 3254 1161 3340 genera‘revooare
1187 3261 1220 3321 et
1246 3255 1287 3322 de
1312 3257 1499 3338 mendorum

141 3375 267 3459 urigine
294 3374 481 3459 singillatim
507 3394 680 3458 quaerere,
714 3394 755 3441 ea
783 3381 908 3440 tantum
941 3374 1112 3459 attingam,
1147 3395 1231 3459 quae
1256 3396 1298 3442 ex
1323 3376 1385 3443 hoo
1410 3376 1501 3444 sonte

140 3494 291 3580 quamvis
328 3496 425 3561 valde
462 3494 591 3560 turbato
633 3495 802 3559 lucramur.
861 3500 958 3578 atquo
996 3494 1133 3580 primum
1177 3495 1401 3580 interpretatio
1439 3497 1501 3564 sin·

139 3616 239 3698 gulas
263 3634 375 3698 voces,
402 3633 486 3698 quae
507 3613 540 3678 in
563 3613 688 3679 Veneto
715 3613 845 3698 desunt,
875 3614 1017 3680 servavit
1042 3615 1099 3699 4‚2
1126 3616 1203 3700 633
1230 3615 1330 3700 25,12
1358 3616 1499 3700 27,9.12

140 3735 244 3817 3⁰33
270 3734 347 3819 40,5
373 3735 450 3819 65,6
477 3733 576 3819 69,12
603 3733 817 3817 92,1996,1.
861 3754 959 3801 verae
981 3741 1088 3801 autem
1114 3734 1261 3801 lectionis
1287 3733 1426 3818 vestigia
1447 3736 1500 3802 vel

218 3995 239 4061 ¹)
257 3996 418 4049 accuratiora
435 3994 540 4047 docebit
562 3993 594 4047 de
612 3993 732 4047 Samuele
749 3995 782 4047 ll.
802 3993 1046 4049 Steinschneiderus
1068 3996 1097 4049 in
1115 3995 1231 4050 editione
1249 3997 1327 4051 huius
1345 3996 1500 4066 interpreta-

138 4085 236 4149 tionis,
254 4099 332 4152 quam
350 4086 432 4152 parat

216 4172 239 4235 ¹)
262 4171 293 4224 de
314 4171 356 4224 his
376 4171 451 4239 plura
474 4170 592 4223 invenies
614 4170 643 4222 in
665 4169 732 4223 libro
754 4171 806 4222 Die
828 4171 993 4238 Abbuudlanp
1011 4171 1168 4222 Alexanders
1191 4191 1237 4224 noa
1255 4172 1421 4242 Aphrodisius
1444 4175 1502 4225 siber

139 4259 334 4322 dalmaticis,
358 4275 434 4328 quam
458 4258 541 4312 edidit
559 4259 631 4311 Aron
653 4257 743 4311 (ldnsz
765 4258 849 4311 Berol.
871 4257 937 4311 1886
963 4259 1011 4325 (ibi
1030 4274 1057 4327 p.
1070 4259 1165 4312 3-16
1189 4260 1333 4314 Alexandri
1357 4261 1388 4312 de
1414 4262 1502 4314 anima

138 4345 337 4412 eale-9212
356 4346 475 4400 hebraice
494 4346 590 4399 editum
610 4345 669 4412 est).

215 4434 238 4501 ²)
261 4433 399 4486 maximam
422 4437 520 4502 partem
546 4434 607 4487 libri
631 4450 645 4486 e
669 4433 757 4486 codice
775 4434 939 4487 Berolinensi
963 4435 1015 4487 iam
1033 4438 1145 4488 uerterat
1163 4434 1417 4501 Steinschneiderus,
1442 4451 1501 4489 cum

138 4523 257 4578 Parisini
283 4521 432 4574 Beroliuum
455 4521 528 4574 missi
550 4525 625 4585 sunt;
650 4522 680 4574 in
704 4522 800 4591 quibus
823 4522 987 4576 excutiendis
1012 4522 1112 4575 auxilio
1135 4537 1199 4575 usus
1222 4526 1262 4575 cst
1284 4521 1411 4576 Gottheili
1434 4523 1501 4577 Neo·

138 4611 325 4666 Eboraccnsis.

215 4697 237 4764 ⁴)
256 4697 289 4750 de
302 4711 419 4751 sermone
433 4695 561 4749 Samuelis
574 4697 719 4765 disputabit
731 4696 941 4751 Steinschneider
954 4699 982 4750 in
995 4697 1061 4751 libro
1075 4699 1107 4751 ab
1121 4697 1255 4751 academie
1268 4697 1411 4752 Parisiensi
1430 4713 1501 4752 coro·

136 4793 208 4842 nato
231 4786 280 4848 „de
298 4785 428 4838 hebraicis
446 4784 525 4837 medii
544 4785 601 4837 aeri
620 4785 811 4849 versionibus&
831 4800 906 4853 quem
925 4786 953 4837 in
972 4790 1086 4837 nostram
1105 4784 1223 4854 linguam
1243 4789 1331 4838 vertet.

215 4874 236 4942 ⁵)
254 4875 284 4926 in
303 4874 352 4926 hac
370 4873 393 4926 si
413 4873 475 4941 quid
494 4873 593 4941 duplici
612 4873 715 4926 ratione
734 4874 799 4926 uerti
819 4878 934 4942 poterat,
956 4872 983 4925 id
1002 4875 1078 4926 uncis
1095 4874 1215 4927 rotundis
1233 4873 1363 4926 inclusum
1382 4872 1502 4942 adposui,

135 4962 292 5018 necessaria
310 4960 532 5014 Steinschneideri
550 4960 731 5029 supplementa
748 4961 948 5029 circumscripsi.
