3548 5604
615 324 744 381 ΗΘΙΚΩΝ
764 324 1028 382 ΠΡΟΒΛΗλἸλἸῺΝ
1048 328 1064 379 5
1457 327 1518 390 1⁸25

207 499 300 569 ούτως
322 504 450 585 διαιρεῖν.
487 504 570 564 δοκεῖ
582 501 635 584 γὰρ
652 503 670 584 ἡ
687 500 764 583 λύπη
781 504 817 584 τὴ
835 501 943 582 ἑαυτὴς
958 501 1044 584 φύσει
1067 501 1154 562 κακδν
1169 498 1241 562 εἶναι
1265 504 1324 567 τοῖς
1340 496 1459 583 ἔχουσιν

207 600 308 686 αύτὴν.
354 603 414 667 ἀλλ’
441 604 468 666 εί
489 604 566 685 λύπη
589 601 694 674 κακύν,
725 605 758 666 τδ
785 601 812 666 δ’
840 602 966 666 ἐναντίον
995 607 1037 685 τῷ
1065 606 1148 685 κακῷ
1176 602 1288 683 ἀγαθὸν
1317 601 1336 684 ἡ
1360 598 1460 675 κακόν,

208 705 307 788 δεὴσει
333 709 382 770 καὶ
408 707 460 789 τὴν
488 706 596 790 ἡδονὴν
626 705 754 768 ἐναντίαν
782 703 869 769 ούσαν
900 709 939 788 τὴ
967 705 1045 786 λύπη
1074 704 1183 786 ἀγαθὸν
1215 703 1233 786 ἡ
1262 704 1350 766 κακὸν
1379 702 1460 766 εἶναι.
1489 717 1503 758 σ

207 806 316 892 εὑρέθη
339 809 372 871 δέ
394 807 461 871 ούτε
483 812 563 871 πᾶσα
586 806 696 889 ἀγαθὸν
720 804 792 871 ούσα
815 805 882 870 οὔτε
905 809 984 868 πᾶσα
1007 804 1105 879 κακόν,
1133 803 1168 888 ἡν
1192 805 1224 869 δέ
1247 829 1287 874 τις
1310 804 1358 868 καί
1381 805 1459 866 ἀδιοί·

172 927 304 992 ἔκφορος.
349 909 396 995 ἆρ’
425 908 474 973 ούν
497 911 516 992 ἡ
541 909 592 992 μὲν
616 909 713 992 ἀγαθὴ
741 911 833 977 οὕτως
860 907 940 972 ἔσται
962 907 1076 970 ἐναντία
1104 913 1139 989 τῇ
1162 908 1258 991 λύπη,
1287 910 1326 975 ίος
1349 905 1460 987 ἀγαθὸν

207 1015 306 1095 κακῷ,
334 1013 353 1094 ἡ
380 1013 413 1074 δέ
440 1011 581 1096 μοχθηρὰ
603 1015 644 1080 ὡς
670 1013 759 1074 κακὸν
787 1016 885 1096 κακῷγ
916 1008 975 1072 ἀλλ’
1004 1011 1031 1072 εί
1056 1012 1159 1086 οὕτως,
1186 1012 1214 1073 τί
1235 1011 1294 1094 χρὴ
1322 1009 1386 1092 περὶ
1408 1011 1461 1090 τῆς
1475 1022 1502 1064 ¹⁰

206 1112 368 1197 ἀδιαφόρου
396 1111 502 1195 λέγειν;
532 1111 568 1195 ἦν
596 1114 649 1196 γὰρ
676 1113 724 1175 ἐπὶ
752 1118 812 1182 ταῖς
839 1112 1008 1198 ἀδιαφόροις
1035 1113 1186 1197 ἐνεργείαις
1214 1110 1363 1194 γινομένη,
1396 1111 1459 1193 ἡτις

207 1213 260 1278 ούκ
292 1213 374 1279 ἔσται
406 1215 519 1278 ἐναντία
543 1215 634 1297 λύπη,
668 1213 748 1279 ἔσται
775 1220 817 1298 τῷ
845 1220 927 1300 κακῷ
955 1215 988 1278 ού
1023 1213 1110 1298 μόνον
1145 1216 1233 1277 κακὸν
1268 1215 1316 1276 καί
1346 1213 1456 1294 ἀγαθὸν

205 1316 328 1391 ἐναντία,
352 1316 428 1379 ἀλλὰ
451 1318 498 1380 καὶ
518 1319 686 1402 ἀδιάφορον,
710 1316 781 1398 ὅπερ
805 1315 838 1378 ού
863 1318 951 1380 δοκεῖ.
986 1318 1004 1399 ἡ
1029 1318 1087 1402 χρὴ
1112 1324 1170 1379 τῶν
1193 1319 1306 1400 ἡδονῶν
1329 1315 1458 1378 καθόλου
1474 1331 1500 1373 ιε

157 1439 188 1486 10
207 1419 342 1504 διαίρεσιν
366 1421 562 1504 ποιησάμενον
589 1421 688 1504 λαβεῖν
711 1421 762 1488 τὰς
789 1419 841 1501 μέν
866 1442 943 1487 τινας
970 1419 1065 1482 αὐτῶν
1089 1418 1160 1482 εἶναι
1188 1418 1261 1480 κατὰ
1290 1417 1376 1502 φύσιν
1399 1423 1458 1487 τοῖς

206 1518 358 1605 ἡδομένοις
380 1521 482 1601 αὐτάς,
511 1522 561 1591 τὰς
584 1523 616 1584 δὲ
639 1521 718 1606 παρὰ
740 1520 834 1604 φύσιν.
880 1522 953 1583 κατὰ
976 1522 1060 1604 φύσιν
1089 1522 1141 1603 μὲν
1163 1522 1214 1590 τὰς
1235 1521 1385 1604 γινομένας
1408 1520 1456 1582 ἐπὶ

204 1628 265 1693 ταῖς
287 1623 361 1686 κατὰ
383 1624 468 1707 φύσιν
483 1624 637 1707 ἡδομένοις
659 1624 821 1708 ἐνεργείαις,
845 1623 924 1706 παρὰ
946 1623 1030 1707 φύσιν
1054 1624 1085 1685 δὲ
1108 1625 1149 1685 ὧν
1172 1624 1219 1686 καὶ
1242 1624 1380 1706 ἐνέργειαι
1402 1646 1457 1685 τοι·
1471 1639 1499 1681 ευ

204 1731 298 1790 αύται.
331 1727 447 1811 ἑκάστῳ
469 1725 523 1811 γὰρ
548 1723 618 1810 ζῴῳ
641 1726 699 1789 είσί
719 1749 792 1794 τινες
811 1725 919 1789 οίκεῐαί
939 1749 969 1788 τε
992 1727 1039 1788 καὶ
1063 1725 1136 1788 κατὰ
1159 1726 1243 1809 φύσιν
1260 1726 1355 1789 αὐτῶν
1379 1725 1455 1810 ἐνέρ·

202 1851 285 1910 γειαι.
330 1829 378 1891 καὶ
401 1827 456 1911 γὰρ
482 1828 641 1911 ἀνθρώπου
670 1829 741 1891 εἰσὶν
765 1828 905 1911 ἐνέργειαί
929 1851 1002 1896 τινες
1025 1828 1098 1890 κατὰ
1126 1828 1177 1910 τὴν
1201 1828 1359 1911 ἀνθρώπου
1382 1826 1456 1910 γινύ·

153 1951 184 1999 15
203 1954 287 2013 μεναι
308 1930 408 2014 φύσιν,
435 1931 484 1993 καί
510 1930 601 1993 ἵππου
629 1931 703 1994 κατὰ
729 1931 781 2013 τὴν
809 1934 858 1992 τού
889 1930 992 2006 ἵππου,
1021 1932 1068 1994 καὶ
1092 1931 1176 1997 κυνὸς
1203 1931 1250 1992 καὶ
1278 1937 1335 1992 τῶν
1359 1929 1455 1994 ἄλλων
1470 1946 1497 1989 νε

205 2032 291 2119 ζῴων
314 2033 437 2115 δμοίως,
464 2032 505 2095 ὧν
529 2034 576 2095 καὶ
599 2032 650 2101 τὰς
672 2033 778 2115 ἡδονὰς
800 2032 875 2095 κατὰ
897 2032 980 2115 φύσιν
1005 2035 1052 2095 καὶ
1076 2032 1165 2100 αὐτὰς
1188 2032 1247 2116 χρὴ
1271 2032 1363 2113 λέγειν
1387 2032 1456 2096 ἐκεί-

203 2158 276 2210 νοις,
303 2134 354 2204 τὰς
380 2134 407 2198 δ’
435 2136 483 2199 ἐπὶ
505 2140 567 2205 ταῖς
591 2137 647 2198 ύπύ
675 2159 759 2198 τινων
782 2134 816 2197 ού
839 2135 912 2198 κατὰ
942 2135 993 2216 τὴν
1021 2135 1128 2197 οἰκείαν
1155 2134 1240 2217 φύσιν
1267 2133 1362 2196 αὐτῶν
1385 2158 1456 2217 γινο·

203 2237 303 2321 μέναις
324 2216 478 2322 ἐνεργείαις
500 2238 606 2321 ἡδονὰς
629 2237 708 2321 παρὰ
730 2237 815 2322 φύσιν
830 2238 890 2320 (διδ
914 2237 962 2299 καὶ
985 2237 1158 2320 ὁμωνύμους
1182 2236 1316 2320 ἐκείνας),
1340 2237 1381 2299 ὧν
1404 2237 1455 2306 τὰς

203 2340 255 2422 μέν
277 2340 352 2403 κατὰ
374 2340 459 2424 φύσιν
482 2341 615 2407 ἑκάστοις
642 2341 690 2402 καὶ
716 2338 824 2423 ἡδονὰς
846 2339 952 2423 κυρίως
974 2339 1047 2402 εἶναι
1073 2337 1075 2406 i
1101 2338 1218 2422 ρητέον,
1247 2341 1298 2407 τὰς
1322 2339 1355 2402 δέ
1377 2340 1497 2423 παρὰκο

149 2462 183 2509 20
201 2442 285 2527 φύσιν
301 2442 419 2513 ἐκείνοις
442 2448 500 2511 τοῖς
522 2442 676 2527 ἡδομένοις
698 2441 787 2510 αύτάς
808 2443 924 2524 ἡδονάς,
947 2442 980 2504 ού
1002 2442 1058 2524 μὴν
1082 2443 1189 2525 κυρίως
1211 2443 1305 2504 τεκαὶ
1329 2441 1430 2510 ἁπλῶς
1453 2450 1507 2507 240

200 2547 316 2628 ἡδονάς,
340 2546 440 2629 ὥσπερ
462 2548 510 2609 καὶ
531 2545 639 2628 ὑγιεινὰ
662 2545 697 2606 τὰ
721 2545 772 2627 μὲν
796 2544 907 2620 ἁπλῶς,
930 2546 965 2607 τὰ
988 2545 1020 2607 δὲ
1035 2546 1141 2618 τοῖσδε,
1165 2547 1213 2606 καὶ
1235 2544 1286 2612 τὰς
1309 2545 1360 2626 μὲν
1385 2544 1453 2629 αἰλη·

200 2648 263 2717 θῶς
283 2671 315 2710 τε
337 2648 386 2711 καὶ
407 2648 515 2731 κυρίως
537 2647 643 2731 ἡδονᾶς
665 2646 777 2729 ἀγαθὰς
800 2645 872 2709 εἶναι
894 2650 954 2715 τοῖς
977 2645 1130 2729 ἡδομένοις
1152 2645 1242 2714 αὐτὰς
1265 2646 1377 2731 ρητέον,
1405 2648 1455 2719 τὰς
1481 2665 1496 2707 ι

198 2751 231 2813 δέ
253 2750 332 2835 παρὰ
353 2750 438 2836 φύσιν
460 2751 611 2834 γινομένας
634 2752 705 2814 τισὶν
733 2749 786 2812 οὐκ
809 2747 898 2817 ούσας
920 2750 1022 2817 ἁπλῶς
1044 2749 1150 2831 ἡδονὰς
1173 2750 1329 2834 μοχθηροῖς
1351 2774 1382 2813 τε
1405 2752 1453 2815 καὶ

198 2854 299 2923 κακός.
332 2854 359 2916 εἰ
380 2854 418 2936 δὴ
441 2855 569 2935 μάλιστα
590 2854 745 2938 ἅνθρωπος
767 2853 815 2915 καὶ
839 2852 1019 2936 κατὰφύσιν
1043 2850 1121 2937 ἔχων
1146 2854 1270 2934 μάλιστα
1294 2854 1309 2915 ὁ
1332 2852 1453 2936 αἰγαθύς,

145 2975 178 3024 25
197 2954 254 3019 εἷεν
277 2955 312 3019 ἂν
332 2957 380 3019 καὶ
396 2957 546 3041 ἀνθρώπῳ
568 2956 642 3020 κατὰ
665 2957 750 3042 φύσιν
770 2957 872 3040 ἡδοναὶ
889 2956 1015 3034 μοίλιστα
1036 2957 1066 3017 αί
1091 2956 1184 3040 τούτῳ
1199 2955 1379 3039 φαινίμεναι,
1403 2958 1451 3020 καί

197 3057 272 3142 ἡδέα
292 3058 338 3128 οἷς
360 3058 443 3127 οὗτος
465 3060 571 3143 χαίρει.
610 3059 665 3123 ὅσα
688 3061 720 3121 δὲ
743 3060 837 3142 τούτῳ
860 3060 1004 3143 δυσχερῆ,
1027 3062 1117 3121 ταῦτα
1141 3059 1219 3141 παρὰ
1241 3058 1326 3142 φύσιν
1349 3083 1380 3122 τε
1403 3061 1453 3124 καὶ
1467 3077 1495 3119 ιο

197 3160 254 3247 οὐχ
276 3163 378 3231 ἁπλῶς
399 3162 487 3245 ἡδέα,
516 3163 542 3225 εί
564 3163 612 3225 καλ
635 3163 749 3246 ἡδοιντό
772 3185 844 3230 τινες
872 3160 916 3224 ἐπ’
944 3161 1052 3230 αὐτοῖς.
1098 3163 1260 3245 διαφέροιεν
1287 3161 1314 3224 δ’
1343 3161 1449 3226 ἄνκαὶ

196 3269 254 3326 τῶν
277 3264 352 3328 κατὰ
378 3265 463 3349 φύσιν
486 3266 602 3350 ἑκάστῳ
631 3267 744 3349 ἡδονῶν
771 3269 813 3349 τῷ
841 3265 870 3326 αί
899 3266 950 3346 μὲν
978 3264 1074 3327 αύτῶν
1098 3267 1223 3347 μᾶλλον,
1254 3265 1284 3326 αί
1311 3266 1343 3327 δὲ
1366 3266 1452 3349 ἡττον

196 3367 301 3431 οἰκεῖαι
323 3367 406 3431 εἶναι.
441 3369 518 3432 ούτω
540 3367 567 3431 δ’
588 3368 622 3430 ἂν
645 3367 692 3451 εἴη
715 3368 848 3451 τὴλύπη
871 3372 954 3452 κακῷ
982 3365 1041 3429 ὄντι
1064 3369 1082 3450 ἡ
1105 3368 1210 3450 κυρίως
1231 3390 1264 3430 τε
1287 3368 1335 3430 καί
1351 3370 1453 3436 ἁπλῶς
1468 3386 1493 3427 ιε

143 3486 179 3536 30
196 3469 287 3553 ἡδονὴ
310 3471 423 3533 ἐναντία
451 3468 525 3534 ούσα
547 3472 658 3553 ἀγαθὸν
682 3476 778 3546 πᾶσα,
805 3472 832 3534 εί
855 3472 901 3534 καὶ
925 3472 965 3552 μὴ
995 3471 1118 3553 ὁμοίως,
1148 3471 1177 3533 αί
1200 3472 1233 3533 δέ
1263 3472 1341 3553 παρὰ
1363 3473 1448 3555 φύσιν

197 3571 264 3636 ούτε
285 3574 387 3656 ἡδοναί
411 3574 513 3641 ἁπλῶς
535 3572 601 3636 οὔτε
618 3573 735 3655 ἀγαθαί,
758 3595 778 3633 κ
800 3595 820 3633 ιν
842 3595 862 3633 κ
885 3573 943 3636 εἶεν
966 3574 991 3635 δ’
1013 3572 1047 3635 ἂν
1071 3573 1119 3636 καὶ
1142 3573 1189 3635 ἐπὶ
1208 3578 1269 3641 τοῖς
1283 3573 1451 3658 ἀδιαφύροις

196 3680 338 3739 τοιαῦται·
371 3675 440 3739 ούδέ
467 3677 522 3760 γὰρ
544 3676 580 3739 τὰ
603 3677 748 3760 ἀδιάφορα
775 3676 806 3738 ἐν
829 3682 888 3744 τοῖς
917 3675 1106 3759 κατὰφύσιν.
1152 3677 1244 3758 ἡδονὴ
1268 3677 1300 3738 δὲ
1323 3676 1449 3740 ἐναντίον
1463 3695 1493 3736 ευ

194 3779 282 3863 λύπη,
304 3777 366 3842 ἀλλ’
386 3779 421 3841 ού
444 3777 541 3855 πύνυς,
564 3779 639 3862 εἴγε
661 3780 748 3848 πόνος
771 3779 868 3863 θλῖψιν
892 3781 1059 3862 σωματικὴν
1083 3781 1169 3861 δηλοῖ
1189 3780 1237 3842 καὶ
1260 3780 1353 3862 λύπην
1375 3784 1450 3855 τινά,

196 3879 256 3944 ἀλλ’
276 3880 311 3944 ού
333 3881 386 3964 τὴν
408 3882 520 3950 ἁπλῶς.
561 3883 580 3965 ἡ
604 3884 637 3944 δέ
658 3882 736 3965 λύπη
760 3883 779 3963 ἡ
802 3880 932 3943 καθόλου
955 3883 1008 3964 τὴν
1030 3883 1144 3945 τοιάνδε
1165 3883 1293 3967 ψυχικὴν
1316 3884 1449 3948 διάθεσιν

141 4000 175 4052 35
194 3984 342 4067 σημαίνει,
369 3981 422 4046 εἴτ’
450 3983 498 4046 ἐπὶ
522 3983 619 4067 θλίψει
640 3984 746 4067 γίνοιτο
769 3989 923 4066 σωματικὴ
945 3983 999 4046 εἴτ’
1027 3985 1075 4046 ἐπὶ
1098 3984 1227 4048 διαθέσει
1250 3986 1301 4047 τινὶ
1324 3991 1448 4071 ι’ρυχικῇ,

194 4087 292 4170 ὥσπερ
320 4087 368 4149 καὶ
391 4087 411 4168 ἡ
434 4087 525 4169 ἡδονὴ
553 4085 621 4171 ούχὶ
651 4088 802 4170 σωματικὴ
832 4086 933 4169 μόνον,
962 4087 1036 4148 ἀλλὰ
1064 4087 1111 4149 καὶ
1135 4089 1257 4170 ιρυχικὴ.
1303 4111 1339 4169 τη
1364 4093 1449 4173 κοινῇ
1463 4108 1492 4150 25

191 4187 241 4252 ούν
263 4189 358 4272 ἡδονῇ
380 4189 457 4272 λύπη
481 4190 563 4271 κοινὴ
586 4186 660 4252 ούσα
681 4189 817 4264 ἐναντίον,
841 4191 860 4271 ἡ
883 4188 909 4251 δ’
928 4189 976 4251 ἐπὶ
999 4192 1060 4256 ταῖς
1084 4188 1162 4271 παρὰ
1185 4189 1270 4273 φύσιν
1325 4193 1427 4278 ἡδονή,
1451 4203 1498 4258 241

143 4469 254 4541 Itoni]
277 4478 300 4524 ιῖ
318 4471 346 4523 in
365 4471 403 4523 Ιίε
424 4474 446 4519 V
553 4469 647 4538 80:21]
667 4470 818 4524 sonasset!
923 4473 989 4541 κ-’νπη
1010 4491 1037 4523 a:
1062 4472 1128 4541 λύπη
1151 4476 1172 4521 V
1281 4475 1349 4526 ἔσται
1367 4478 1413 4545 γαρ
1433 4476 1502 4530 οὕτω

138 4558 177 4626 τῷ
198 4575 214 4610 ⁸
235 4560 281 4625 Sp.
396 4559 425 4610 11
455 4557 481 4609 δὲ
502 4604 506 4623 ,
527 4556 553 4609 δὲ
572 4561 597 4605 V
714 4558 744 4609 12
772 4557 901 4626 ἡδομένοις
923 4560 1029 4625 scripsi:
1058 4558 1179 4626 ἡδομένας
1205 4563 1262 4611 VB:
1291 4565 1429 4628 γινομέναις
1449 4568 1503 4616 Βά

139 4646 183 4711 Sp.
289 4647 324 4697 ⁶20
341 4644 448 4698 ἐκεῖνοισ
466 4646 504 4696 εἰσ
526 4648 547 4693 V
654 4644 696 4697 20.
716 4645 747 4696 ·21
773 4644 803 4697 ού
827 4645 1015 4714 μὴν-ἡδονάς
1038 4663 1087 4698 οπο.
1107 4649 1146 4698 Ba
1165 4649 1209 4714 Sp.
1326 4650 1355 4699 :51
1383 4651 1500 4703 Ιαευπαω

139 4730 253 4784 indieui
360 4733 394 4785 δέ
413 4730 525 4784 καθόλου
543 4734 589 4799 Sp.
696 4731 822 4801 ψυχικὴν]
841 4734 890 4801 αὴν
910 4734 937 4784 in
957 4734 1036 4786 fimf>
1055 4734 1197 4786 litterarum
1219 4739 1241 4783 V
1348 4736 1381 4787 35
1401 4753 1439 4802 ρι,
1457 4732 1500 4788 εἶτ’

138 4816 400 4884 13¹·Sp.:1t³:vss¹
491 4818 525 4871 37
545 4818 612 4888 λύπη
632 4819 671 4888 (ἡ)
690 4822 758 4873 coni.
777 4823 822 4888 Sp.
912 4821 1021 4875 ίῡηαννε
1039 4829 1092 4878 τοῖς
1180 4822 1329 4890 ἡδονῇ-ρ.
1348 4823 1419 4888 12δῄ
1440 4824 1502 4892 ἐγα-

138 4898 185 4955 θδν
204 4905 233 4958 in
250 4904 290 4958 lit.
303 4909 328 4955 V
