3540 5610
651 314 707 392 [οτι
730 320 839 376 οαιιιο
862 317 966 375 mmm
987 316 1114 391 οιτοιι]
1235 334 1245 351 ·
1499 317 1559 384 159

257 502 318 571 τοῖς
340 499 604 566 ὐπεναντιωτάτους
626 494 728 582 ἔχουσι
744 493 851 577 νύμους
871 492 946 558 εἶναί
964 517 1026 558 τινα
1048 495 1139 563 κοινά,
1162 494 1181 556 δ
1203 494 1229 556 οἱ
1252 493 1285 556 τὸ
1308 493 1417 556 ἀδικεῖν
1440 513 1505 574 προ-

256 600 423 687 αιρούμενοι
445 603 629 685 πράττουσιν,
651 600 692 668 εἰς
715 598 765 668 οὓς
788 599 942 661 ἀδικοῦσιν.
984 599 1077 660 πάντα
1099 597 1153 681 γὰρ
1177 597 1282 680 σχεδὸν
1304 596 1331 658 ot
1352 593 1506 678 ’ληστεύον

257 726 307 775 τες
326 703 408 789 παρὰ
429 707 516 769 πᾶσιν
537 702 573 766 τὰ
594 700 669 764 αὐτὰ
689 704 835 773 ποιοῦσιν,
861 700 903 768 είς
924 698 974 769 οὓς
995 699 1151 763 ἀδικοῦσιν.
1195 698 1221 760 εἰ
1242 698 1275 761 δὲ
1297 701 1395 771 τοῦτο,
1418 699 1506 780 δῆλον

256 807 301 877 ιδς
321 806 370 871 καί
392 805 429 869 τὰ
447 804 558 873 τούτοις
578 803 768 886 ἀντικείμενα,
791 800 870 866 οὐσιν
887 803 995 872 ἀδίκοις
1017 801 1112 887 ρ’ὐσει,
1136 800 1232 863 δίκαιά
1246 800 1307 864 ἐστι
1327 799 1422 885 φύσει.
1457 800 1505 861 καὶ

227 906 312 997 ‚⁵669
334 907 397 972 οὐδ’
418 907 490 971 ἄλλο
512 907 541 969 τί
553 907 628 970 ἐστιν
650 907 683 969 τδ
699 907 807 968 ἀδικεῖν
830 906 849 989 6
871 906 1031 990 παράβασις
1052 908 1103 967 τοῦ
1118 903 1238 966 δικαίου.
1272 903 1349 966 ὥστε
1371 902 1396 965 εἰ
1418 903 1506 986 παρά-

257 1011 340 1096 βασις
362 1009 475 1074 δικαίου
499 1008 575 1074 ἐστίν
598 1032 639 1077 τις
653 1008 749 1092 φύσει,
772 1009 860 1091 δῆλον
883 1011 924 1077 ῶς
947 1009 994 1070 καὶ
1016 1007 1049 1068 τδ
1072 1007 1180 1068 δίκαιον
1203 1005 1277 1069 πολύ
1300 1002 1449 1089 πρότερον,
1472 1003 1505 1067 οὐ

256 1115 277 1197 6
299 1114 464 1198 παράβασις
485 1108 584 1181 άδικύς
606 1111 682 1184 ἐστι,
709 1109 803 1195 φύσει.
849 1111 965 1192 ὕστερον
987 1110 1041 1192 γὰρ
1065 1111 1083 1192 6
1107 1108 1268 1192 παράβασίς
1290 1108 1505 1177 τινος.ἐκείνου,
1520 1122 1547 1165 ⁴⁰

258 1214 294 1279 οὐ
314 1215 392 1280 ἐστιν
414 1216 586 1300 παράβασις.
630 1213 714 1277 οὐδὲν
741 1213 795 1295 γὰρ
822 1211 892 1275 ἄλλο
916 1210 1016 1276 άδικύν
1040 1212 1100 1274 ἐστι
1122 1212 1154 1274 τὸ
1177 1210 1277 1295 φύσει,
1304 1210 1324 1293 6
1346 1211 1507 1296 παράβασις

256 1318 306 1381 καὶ
332 1318 497 1391 ἐναντίωσις
524 1321 574 1380 τοῦ
602 1315 689 1401 φύσει
711 1315 831 1379 δικαίου.
880 1312 922 1377 ἔτι
945 1318 985 1382 ὡς
1012 1316 1059 1378 ἐπὶ
1089 1319 1146 1376 τῶν
1175 1313 1271 1376 ἄλλων
1300 1313 1410 1396 ἀρετῶν
1433 1310 1506 1397 ἔχει,

215 1420 348 1490 ιοούτως
375 1418 493 1502 εὔλογον
519 1420 568 1484 καί
594 1419 641 1481 ἐπὶ
669 1416 850 1500 δικαιοσύνης
877 1414 965 1501 ἔχειν.
1009 1417 1058 1481 ἐπὶ
1084 1417 1116 1480 δὲ
1143 1422 1200 1478 τῶν
1223 1415 1319 1479 ἄλλων
1347 1414 1413 1478 καθ’
1442 1416 1506 1478 ἑκά-

257 1544 328 1607 στην
349 1522 447 1586 αὐτῶν
469 1509 553 1607 φύσει
575 1520 637 1585 ἐστὶ
659 1520 695 1584 τὰ
715 1518 903 1604 πρασσόμενα
926 1518 975 1582 ὐπ’
995 1518 1092 1583 αὐτῶν
1115 1523 1241 1582 τοιαῦτα.
1276 1517 1362 1602 φύσει
1383 1517 1437 1602 γὰρ
1461 1519 1522 1580 ἀντ

255 1628 337 1708 δρεῖα
361 1627 377 1688 6
400 1627 452 1709 τὴν
475 1625 606 1708 ἀνδρείαν
628 1621 708 1709 ἔχων
730 1624 863 1706 πράττει,
893 1624 940 1685 καὶ
962 1623 1046 1707 φύσει
1069 1623 1234 1707 σωφρονικὰ
1255 1621 1292 1684 τὰ
1314 1621 1372 1684 ἀπὸ
1395 1640 1507 1705 σωφρο-

255 1728 344 1811 σύνης
367 1725 559 1812 πραττόμενα,
583 1725 691 1810 ὁμοίως
712 1725 760 1788 καὶ
775 1724 822 1787 ἐπὶ
845 1730 902 1787 τῶν
918 1725 1024 1788 ἄλλων.
1063 1722 1138 1788 ἔστιν
1161 1723 1218 1809 ἄρα
1240 1726 1287 1787 καὶ
1304 1725 1399 1787 δίκαια
1421 1723 1506 1808 φύσει

258 1830 442 1915 πραττόμενα
465 1831 513 1893 καὶ
536 1828 711 1913 δικαιοσύνη.

214 2085 241 2128 15
436 2065 505 2134 Ὅτι
527 2067 589 2131 οὐκ
610 2067 787 2153 αὐτάρκης
808 2069 828 2152 6
852 2069 957 2153 ἀρετὴ
981 2068 1065 2152 πρὸς
1087 2067 1320 2153 εὐδαιμονίαν.
1519 2084 1547 2128 4ο

340 2238 378 2303 Εἰ
400 2240 417 2302 6
439 2241 491 2324 τὴν
513 2241 618 2325 ἀρετὴν
642 2237 721 2325 ἔχων
742 2239 904 2320 εὐδαίμων,
931 2240 947 2302 6
970 2240 1001 2302 δὲ
1024 2238 1168 2320 εὐδαίμων
1192 2239 1372 2324 εὐδαιμόνως
1393 2240 1453 2324 βιοῖ
1472 2239 1505 2322 (6

255 2342 311 2428 γὰρ
332 2342 499 2425 εὐδαιμονία
526 2343 556 2406 ἐν
584 2343 667 2427 βίῳ),
696 2343 711 2405 6
737 2343 789 2425 τὴν
815 2344 919 2426 ἀρετὴν
947 2341 1025 2427 ἔχων
1053 2342 1209 2425 εὐδαίμονα
1236 2344 1296 2428 βιοῖ
1316 2343 1386 2428 βίον.
1431 2343 1447 2406 6
1474 2346 1507 2406 δὲ

257 2445 403 2529 εὐδαίμων
426 2445 487 2531 βίας
501 2443 624 2530 αἱρετός,
646 2443 700 2509 οὐκ
722 2445 894 2529 άβούλητος·
919 2445 1096 2527 ὐεύδαίμων
1116 2445 1172 2526 άρα
1188 2445 1247 2529 βίος
1263 2446 1316 2509 οὐκ
1336 2446 1505 2531 άβούλητος.

257 2548 312 2612 οὐκ
333 2548 405 2634 ἄρα,
435 2547 468 2611 δν
490 2549 656 2612 καταλείπει
681 2571 723 2617 τις
751 2546 810 2631 βίον
837 2548 927 2622 ἑκών,
959 2547 1102 2629 εὐδαίμων
1131 2547 1214 2616 οὗτος
1237 2549 1311 2633 βίος.
1356 2549 1372 2611 6
1395 2549 1428 2612 δὲ
1454 2549 1506 2631 τὴν

211 2668 242 2712 τυ
256 2653 363 2736 ἀρετὴν
385 2649 465 2736 ἔχων
486 2650 655 2714 καταλείποι
680 2649 714 2713 ἄν
736 2673 807 2712 ποτε
832 2652 881 2712 τδν
904 2651 964 2734 βίον
990 2652 1038 2713 τδν
1062 2651 1134 2732 μετὰ
1160 2651 1265 2735 ἀρετῆς
1288 2651 1363 2714 ἑκὼν
1385 2652 1433 2715 διὰ
1454 2652 1506 2734 τὴν
1519 2668 1547 2708 τι)

257 2755 404 2838 ἐξαγωγὴν
425 2754 478 2837 τὴν
500 2750 628 2835 εὐλοηον.
674 2753 690 2815 6
713 2753 765 2836 τὴν
787 2753 892 2837 ἀρετὴν
920 2751 976 2837 ἄρα
999 2751 1078 2838 ἔχων
1101 2753 1161 2837 βίος
1188 2754 1235 2817 καὶ
1264 2755 1280 2818 6
1306 2754 1380 2818 κατὰ
1402 2756 1506 2838 ἀρετὴν

256 2857 311 2921 οὐκ
336 2856 490 2940 εὐδαίμων.
539 2854 593 2920 οὐκ
618 2853 675 2939 ἄρα
701 2856 720 2938 6
748 2854 837 2939 ἀρετὴ
865 2855 935 2937 πρὸς
965 2853 1145 2937 εὐδαιμονίαν
1173 2856 1327 2942 αὐτάρκης.
1373 2854 1416 2920 ἔτι
1442 2859 1506 2920 είδ

257 2965 369 3045 ζητῶν,
396 2959 421 3022 εἰ
443 2958 590 3041 αὐτάρκης
611 2959 630 3040 6
654 2958 743 3041 ἀρετὴ
766 2957 837 3041 πρὸς
859 2956 1038 3039 εὐδαιμονίαν
1061 2958 1114 3021 οὐκ
1136 2957 1244 3022 άτοπύν
1266 2983 1293 3022 τι
1316 2965 1409 3045 ζητεῖ,
1437 2960 1453 3022 6
1476 2961 1508 3023 δὲ

257 3068 365 3146 ζητῶν,
387 3061 414 3125 εἰ
436 3060 581 3145 αὐτάρκης
602 3061 622 3144 6
642 3059 731 3143 ἀρετὴ
755 3059 826 3144 πρδς
848 3060 963 3144 ἀρετήν,
986 3058 1093 3124 ἄτοπόν
1116 3084 1141 3122 τι
1164 3066 1253 3144 ζητεῖ,
1278 3061 1312 3125 οὐ
1334 3062 1437 3126 ταύτὸν
1460 3065 1507 3147 (6-

211 3182 338 3249 εοτημα
359 3165 496 3244 ἑκάτερον
511 3163 618 3227 αὐτῶν.
655 3162 682 3225 εί
704 3164 736 3225 δὲ
759 3162 799 3246 μὴ
822 3166 913 3226 ταῦτα
927 3161 1027 3242 ταύτά,
1050 3163 1084 3226 οὐ
1106 3162 1209 3226 ταύτδν
1235 3163 1238 3248 Ι
1264 3165 1351 3249 ἀρετὴ
1375 3166 1423 3229 καὶ
1446 3165 1489 3229 εὐ-
1507 3182 1560 3227 ιοοι-

255 3267 399 3351 δαιμονία.
434 3266 508 3330 ἀλλὰ
532 3267 588 3350 μὴν
613 3265 645 3328 τύ
668 3271 793 3350 πρῶτον,
815 3265 848 3328 τδ
870 3265 927 3349 ἄρα
942 3266 1084 3350 δεύτερον.
1118 3267 1143 3329 εἰ
1165 3267 1201 3350 δὴ
1225 3266 1296 3331 ἄλλο
1319 3267 1395 3331 ἐστίν
1418 3270 1506 3354 ἀρετὴ

256 3373 307 3436 καὶ
329 3369 509 3454 εὐδαιμονία,
536 3371 624 3454 δῆλον
648 3371 688 3438 ὡς
711 3367 764 3432 οὐκ
787 3367 817 3430 ἐν
840 3371 883 3451 τῷ
905 3368 1011 3452 ἀρετὴν
1033 3367 1111 3455 ἔχειν
1134 3370 1168 3433 τδ
1190 3369 1385 3454 εὐδαιμονεῖν,
1408 3372 1507 3456 ῶσπερ

257 3474 329 3538 οὐδὲ
350 3472 381 3536 ἐν
403 3477 448 3558 τῷ
470 3471 628 3556 αὐλητικὴν
651 3469 730 3558 ἔχειν
752 3471 785 3533 τὸ
808 3470 915 3534 αὐλεῖν.
953 3469 1006 3536 οὐκ
1028 3472 1084 3556 ἄρα
1107 3471 1137 3534 ἐν
1161 3472 1216 3541 ἕξει
1240 3471 1315 3556 μάνη
1339 3475 1386 3536 καί
1408 3477 1509 3559 κτήσει

254 3582 310 3661 τῆς
331 3577 438 3660 ἀρετῆς
459 3576 479 3659 6
502 3573 676 3658 εὐδαιμονία.
719 3571 760 3635 ἔτι
782 3573 809 3635 εἰ
830 3572 902 3637 ἄλλο
924 3574 958 3637 τὸ
982 3573 1037 3637 ὑπό
1061 3598 1135 3643 τινος
1155 3573 1303 3658 γινόμενον
1325 3581 1376 3639 τοῦ
1398 3582 1508 3640 ποιοῦν·

257 3784 332 3847 ἄλλο
359 3784 379 3865 6
403 3781 491 3865 ἀρετὴ
518 3784 571 3863 τῆς
592 3778 785 3862 εὐδαιμονίας.
829 3781 861 3842 τδ
885 3781 917 3843 δὲ
939 3785 1068 3863 πρῶτον,
1098 3780 1130 3844 τδ
1152 3779 1209 3863 ἄρα
1233 3780 1375 3866 δεύτερον.
1420 3780 1461 3845 ἔτι
1484 3786 1510 3848 εἰ
1536 3801 1550 3842 ο

255 3889 276 3970 6
300 3885 469 3967 εὐδαιμονία
491 3882 521 3945 ἐν
544 3882 599 3967 βίῳ
622 3882 670 3945 καὶ
692 3881 833 3966 ἐνέργεια,
857 3884 876 3966 6
902 3882 932 3944 ’ὲ
954 3883 1043 3966 ἀρετὴ
1067 3882 1136 3958 ἕξις,
1159 3882 1192 3945 οὐ
1216 3884 1319 3947 ταύτδν
1342 3885 1508 3969 εὐδαιμονία

209 3998 214 4005 ’
256 3989 306 4051 καὶ
330 3987 430 4071 ἀρετή.
475 3982 518 4048 ἔτι
537 3985 564 4047 εί
585 3988 666 4047 πᾶσα
687 3983 776 4069 τέχνη
800 3984 896 4069 ἕτερον
924 3985 1031 4068 ἑαυτῆς
1053 3990 1132 4047 ποιεῖ
1152 4009 1178 4048 τι
1200 3987 1248 4048 καὶ
1271 3985 1329 4072 οὐχ
1351 3987 1508 4074 ἑαυτήν,ᾐ

256 4092 291 4154 δὲ
312 4090 403 4174 ἀρετὴ
426 4089 516 4174 τέχνη
538 4084 602 4151 κατ’
627 4085 732 4156 αὐτοὺς
754 4087 935 4169 εὐδαιμονίας
956 4090 1101 4172 ποιητική,
1125 4088 1221 4171 ἕτερον
1246 4087 1280 4151 ἂν
1302 4088 1348 4174 είη
1371 4096 1423 4175 τῆς
1446 4094 1509 4178 ἀρε·

205 4311 497 4368 Ιύπιναντιωτάτοιςε
604 4312 853 4384 11πραττάμιναα
956 4311 1054 4382 ἀνδρεῖα
1073 4313 1177 4381 scripsi:
1198 4312 1295 4384 ἀνδρεία
1314 4316 1354 4368 Va
1463 4316 1492 4368 12
1514 4317 1563 4395 ἀπὸ

200 4402 249 4470 τῆς
266 4415 284 4452 ι
376 4398 406 4452 15
424 4399 523 4451 editum
542 4403 582 4451 est
599 4397 717 4453 Basileae
736 4402 805 4468 apud
823 4402 900 4454 Joan.
917 4400 1031 4453 vualder
1051 4401 1215 4463 „An‘stotelis
1233 4406 1259 4455 ot
1276 4402 1461 4472 Xenophontis
1479 4405 1564 4458 ethica

202 4488 313 4556 politica
330 4491 357 4538 et
374 4488 556 4539 oeconomica“
578 4486 658 4553 (anno
677 4489 788 4555 incerto)
812 4488 844 4541 cf.
862 4505 887 4556 p.
901 4488 1011 4556 592sq.,
1034 4488 1128 4540 deinde
1146 4504 1178 4540 ex
1203 4489 1250 4541 hac
1268 4490 1391 4544 Vualderi
1415 4492 1530 4544 editione
1549 4509 1564 4545 a

201 4574 383 4642 Sylburgio
406 4579 466 4640 post
483 4573 632 4627 Aristotelis
654 4575 747 4628 Ethica
768 4576 933 4629 Francofurti
955 4575 1021 4628 1584
1039 4592 1064 4643 p.
1079 4575 1174 4644 248sq.
1194 4575 1298 4629 cf.301.
1333 4584 1471 4647 utrumque
1494 4581 1563 4632 scias

204 4677 264 4714 cum
285 4661 398 4714 Aldinae
417 4660 531 4713 lectione
548 4664 709 4728 consentire,
734 4665 755 4716 si
776 4665 842 4717 hane
861 4664 941 4716 solam
961 4663 1082 4716 adnotavi
1211 4663 1242 4714 18
1261 4664 1370 4718 fortasse
1389 4665 1441 4736 βίος
1460 4666 1563 4736 αίριτός,

204 4749 228 4814 (6
246 4749 275 4801 δὲ
294 4749 347 4818 βίος
364 4747 472 4817 αίρττύς)
491 4747 539 4800 οὐκ
557 4747 696 4820 ἀβούλητος
796 4752 826 4804 21
848 4750 989 4822 ἐξαγωγὴν]
1009 4769 1022 4800 ν
1040 4751 1068 4802 in
1087 4751 1125 4802 lit.
1140 4751 1161 4803 V
1262 4750 1371 4806 fortasse
1389 4755 1454 4806 κατὰ
1472 4755 1563 4825 ἀρετὴν

203 4840 279 4900 (ζῶν)
295 4835 344 4888 οὐκ
451 4835 484 4888 26
503 4836 532 4889 τὸ
550 4836 598 4907 ἄρα
619 4838 653 4890 V:
671 4838 720 4910 ἄρα
737 4856 761 4903 ιι,
780 4841 813 4892 σί.
831 4832 937 4906 ‘Met
957 4837 1048 4903 159,31
1156 4838 1190 4891 ‘28
1208 4839 1234 4892 ίν
1251 4854 1337 4892 σακε
1442 4841 1543 4915 μάνηκ

204 4924 239 4979 δ’.)
259 4923 403 4999 ίνιρηιίρσ
511 4923 545 4979 33
563 4933 629 4981 ποιεῖ
647 4927 680 4979 ῖς
700 4932 793 5000 ποιηε
899 4928 942 4982 καὶ
959 4931 1020 4998 post
1037 4945 1059 4981 τι
1078 4942 1163 4981 oum
