3540 5610
214 318 276 383 222
658 317 885 376 ΑΛΕΞΑΝΔΡΟΥ
904 317 1131 376 ΑΦΡθΔΙΣΙΕΩΣ

267 487 308 551 ἔτι
332 489 357 551 εί
384 487 516 564 έκαστον,
551 492 592 561 είς
615 493 634 555 ἃ
656 495 803 577 διαιρεῖται
826 493 957 569 ἕκαστον,
991 492 1025 556 ἐκ
1057 493 1167 556 τούτων
1200 490 1416 575 συντιθεμένων
1438 490 1524 552 πάλιν

265 591 382 673 γίνεται,
405 592 451 676 εἴη
476 592 509 655 ἀν
533 593 568 656 τά
591 595 684 663 οὕτως
699 595 861 679 διῃρημένα
884 595 918 658 ἐκ
940 594 1118 679 διαιρέσεων,
1142 593 1196 658 οὐκ
1219 594 1253 657 ἐκ
1275 599 1373 678 μερῶν
1396 591 1466 656 οὐδὲ
1488 592 1522 654 ἐκ

266 696 412 773 σωμάτων
446 696 627 779 συγκείμενα.
672 699 691 780 ἡ
725 697 779 780 γὰρ
802 698 938 781 διαίρεσις
960 697 994 760 οὐ
1017 701 1114 778 σῶμα,
1149 695 1223 759 ἀλλὰ
1251 696 1347 764 πάθος
1373 697 1520 777 σώματος.
1536 710 1564 751 ¹⁰

268 795 369 859 ἕπεται
391 797 424 859 δὲ
447 803 507 867 τοῖς
530 798 661 880 λέγουσιν
684 797 730 861 ἐπ’
757 797 875 883 ἄπειρον
898 800 950 882 τὴν
971 799 1065 882 τομὴν
1091 800 1195 862 καὶτὸ
1221 798 1241 881 ἢ
1268 797 1408 861 ἀδύνατον
1431 797 1523 878 λέγειν

230 917 245 965 5
265 899 359 980 πάντῃ
376 901 552 982 διαιρεῖσθαί
564 925 590 963 τι
606 906 693 984 σῶμα
709 900 836 984 ἐνεργείᾳ
849 900 958 982 (οὕτως
973 902 1006 964 δὲ
1021 903 1068 964 καὶ
1088 901 1241 984 μίγνυσθαι
1256 898 1294 963 δι’
1314 900 1409 983 ὅλων)
1426 897 1473 982 (ἡ)
1488 899 1521 960 τδ

265 1001 307 1069 εἰς
329 1001 435 1087 ἄπειρα
457 1003 586 1087 ἐνεργείη
608 1003 782 1087 διαιρεῖσθαι
804 1003 839 1065 τά
862 1007 994 1084 σώματα.
1033 1003 1059 1066 εἰ
1075 1004 1198 1086 μὲνγὰρ
1214 1001 1345 1084 λέγουσιν
1365 999 1413 1063 ἐπ’
1441 1000 1522 1063 άπει·

264 1126 314 1187 ρον
337 1103 409 1167 εἶναι
431 1105 560 1189 διαιρετὰ
581 1107 616 1169 τὰ
640 1109 765 1185 σώματα
787 1111 830 1189 τῷ
861 1106 1007 1188 μηδέποτε
1040 1105 1196 1169 ἐπιλείπειν
1229 1106 1283 1188 την
1317 1105 1420 1187 τομήν,
1454 1100 1517 1164 ἀλλ’

265 1206 309 1268 ἀεὶ
332 1207 366 1269 ἐκ
388 1212 446 1271 τῶν
469 1208 654 1292 τεμνομένων
677 1207 900 1292 περιλείπεσθαί
918 1232 944 1271 τι
967 1207 1124 1289 τέμνεσθαι
1147 1210 1314 1288 δυνάμενον,
1338 1204 1396 1291 οὐχ
1412 1202 1474 1268 οίάν
1490 1227 1522 1266 τε
1535 1220 1563 1262 ιε

264 1305 345 1372 ἔσται
368 1314 482 1392 σώματι
504 1313 587 1373 παντὶ
611 1311 783 1396 διαιρεῖσθαι
808 1314 848 1380 ίυς
871 1311 974 1396 μηκέτι
997 1311 1209 1375 ὑπολείπεσθαί
1229 1334 1255 1374 τι
1270 1309 1301 1379 ἐξ
1315 1309 1407 1372 αὐτοῦ
1425 1307 1520 1390 τομὴν

215 1431 245 1476 10
264 1411 458 1480 ἀναδέξασθαι
481 1415 647 1495 δυνάμενον.
692 1414 718 1476 εί
741 1414 773 1476 δέ
795 1418 890 1488 τοῦτο,
926 1411 1066 1476 οὐδέποτε
1099 1411 1204 1497 ἀνείη
1233 1412 1270 1475 τά
1297 1412 1453 1494 κιρνάμενα
1477 1407 1515 1472 δι’

264 1512 340 1576 ὅλων
357 1515 529 1599 κεκραμένα,
545 1517 572 1578 εί
587 1517 619 1579 δέ
635 1516 780 1599 κίρνανται
796 1517 847 1597 μέν
863 1515 885 1597 †
900 1515 1047 1597 ἀλλήλοις,
1062 1517 1110 1578 καὶ
1126 1515 1339 1598 παρεκτείνεται
1354 1515 1520 1597 διαιροῦντα

263 1614 376 1699 ἄλληλα
399 1639 419 1678 κ
442 1639 462 1677 κ
484 1640 505 1679 κ
527 1618 704 1702 διῃρηκέναι,
728 1622 769 1686 ὡς
792 1618 833 1701 μὴ
857 1618 1067 1681 ὑπολείπεσθαί
1086 1641 1148 1680 τινα
1170 1616 1267 1681 αὐτῶν
1289 1615 1365 1699 μέρη
1389 1616 1431 1698 μὴ
1454 1617 1515 1697 διῃ·
1528 1630 1559 1672 εν

261 1717 383 1800 ρημένα.
429 1720 502 1782 κατὰ
524 1720 578 1802 γὰρ
601 1721 636 1783 τὰ
660 1722 701 1805 μὴ
725 1720 888 1804 διῃρημένα
910 1719 1027 1783 οὐδέπω
1049 1721 1084 1783 ἀν
1108 1721 1246 1804 ἀλλήλοις
1267 1717 1316 1803 εἴη
1339 1718 1513 1801 κεκραμένα.

263 1821 290 1882 εἰ
314 1822 346 1883 δέ
367 1821 476 1903 λέγοιεν
499 1821 545 1885 ἐπ’
574 1823 693 1908 άπειρον
726 1823 799 1886 εἶναι
822 1823 858 1887 τὰ
881 1827 1004 1906 σώματα
1026 1825 1164 1907 διαιρετά,
1196 1826 1239 1907 τῷ
1266 1822 1307 1890 είς
1330 1820 1451 1903 ἀπειρον
1474 1821 1520 1883 δι’ν·

212 1942 242 1988 15
262 1922 367 1985 νασθαι
387 1925 560 2007 διαιρεῖσθαι
576 1925 635 2007 [τὸ]
651 1930 707 1987 πᾶν
724 1925 900 2009 διῃρημένον
916 1931 1013 2009 σῶμα,
1036 1923 1100 1989 κατ’
1120 1925 1226 1993 αὐτοὺς
1241 1923 1288 2007 εἴη
1304 1922 1339 1987 ἀν
1355 1924 1397 1991 είς
1412 1921 1518 2006 ἄπειρα

264 2023 390 2108 ἐνεργείᾳ
425 2026 585 2110 διῃρημένα
625 2028 660 2090 τά
693 2027 856 2111 κεκραμένα
887 2028 1032 2111 ἀλλήλοις.
1084 2027 1111 2089 εί
1144 2025 1199 2109 γὰρ
1233 2027 1329 2108 πάντη
1366 2024 1517 2109 κέκραται,
1532 2041 1561 2083 ι

263 2128 357 2209 πάντῃ
381 2125 527 2211 διῄρηται.
573 2131 668 2212 πάντῃ
685 2131 717 2191 δὲ
739 2130 901 2212 διῃρημένα
923 2151 944 2191 κ
966 2151 987 2190 κ
1009 2152 1029 2191 ν
1052 2130 1099 2192 καί
1122 2129 1148 2190 εἰ
1171 2130 1223 2212 μὲν
1238 2128 1275 2191 τὰ
1289 2127 1331 2197 είς
1346 2127 1366 2190 ἀ
1382 2125 1517 2212 διῄρηται

262 2228 374 2311 μεγέθη
391 2231 439 2291 καὶ
455 2230 538 2304 αὐτά,
561 2230 608 2315 εἴη
627 2232 630 2313 γ
654 2230 689 2293 ἀν
705 2232 826 2295 ἕκαστον
843 2236 900 2294 τῶν
921 2231 1014 2299 οὕτως
1036 2229 1214 2314 μιγνυμένων
1232 2230 1351 2316 ἄπειρον
1367 2230 1416 2313 (τδ
1438 2230 1493 2314 γάρ
1516 2237 1573 2294 603

262 2330 292 2398 ἐξ
315 2330 443 2415 ἀπείρων
480 2333 604 2414 μέγεθός
625 2357 651 2396 τι
675 2336 722 2397 καὶ
745 2336 892 2397 διάστασιν
926 2334 1055 2417 ἐχόντων
1090 2333 1273 2415 συγκείμενον
1308 2332 1441 2416 ἄπειρον·
1476 2334 1515 2415 γί·

207 2452 241 2498 20
259 2454 338 2495 νεται
360 2434 413 2517 γάρ
436 2435 573 2519 ἑκάτερον
588 2440 646 2497 τῶν
669 2436 854 2519 κεκραμένων
878 2435 908 2505 ἐξ
930 2436 1057 2520 ἀπείρων
1073 2434 1198 2518 μέγεθός
1220 2460 1246 2499 π
1269 2435 1411 2520 ἐχόντων,
1433 2436 1465 2498 εί
1482 2459 1516 2517 γε

261 2536 304 2604 εἰς
327 2535 345 2597 ἃ
368 2537 503 2618 τέμνεταί
515 2560 541 2599 τι
556 2537 605 2600 καὶ
621 2541 792 2620 συγκεῖσθαι
807 2537 878 2602 αδτδ
894 2537 926 2600 ἐκ
942 2538 1050 2601 τούτων
1067 2539 1232 2620 ἀναγκαῖον,
1256 2538 1442 2622 συμβαίνοιτο
1458 2537 1518 2622 (δ’)
1545 2557 1560 2597 ε

261 2636 295 2699 ἀν
319 2638 396 2700 οὕτω
419 2640 465 2703 καὶ
488 2640 579 2702 πλείω
603 2639 637 2701 ἀν
660 2639 733 2703 εἶναι
768 2643 890 2723 σώματα
912 2639 987 2702 ἄλλα
1010 2639 1139 2723 ἄπειρα),
1171 2640 1198 2703 εἰ
1224 2641 1256 2703 δέ
1279 2641 1320 2724 μὴ
1344 2639 1458 2724 μεγέθη
1479 2642 1515 2704 τὰ

262 2740 476 2823 ὑπολειπόμενα
497 2743 539 2809 εἰς
561 2741 580 2803 ἃ
602 2743 621 2824 ἡ
645 2741 720 2824 τομὴ
743 2747 801 2804 τῶν
824 2744 919 2824 πάντῃ
943 2741 1127 2826 διῃρημένων
1154 2740 1205 2824 (οὐ
1232 2741 1288 2825 γάρ
1309 2742 1346 2825 δὴ
1370 2742 1515 2826 ἐλάχιστά

261 2865 322 2905 τινα
346 2843 459 2927 ἐροῦσιν
483 2843 556 2907 εἶναι
579 2846 626 2907 καὶ
650 2845 798 2928 ἀδιαίρετα
819 2845 968 2929 σώματα),
1002 2844 1048 2928 εἴη
1077 2844 1111 2907 ἀν
1133 2844 1232 2912 αὐτοῖς
1257 2846 1290 2906 τδ
1314 2844 1440 2927 μέγεθος
1461 2844 1516 2907 οδκ

212 2964 244 3012 25
264 2944 296 3007 ἐκ
320 2947 454 3028 μεγεθῶν
477 2948 673 3030 συγκείμενον,
707 2943 733 3033 ᾧ
759 2948 860 3010 έπεται
881 2949 914 3010 τδ
948 2949 996 3010 καὶ
1018 2953 1070 3030 τῆς
1092 2952 1228 3030 γραμμῆς
1262 2946 1336 3030 μέρη
1362 2946 1457 3029 λέγειν
1479 2946 1516 3009 τὰ

209 3056 248 3108 lx
267 3054 382 3131 σημεῖα.
419 3048 487 3118 Πῶς
510 3051 541 3112 δὲ
564 3048 719 3120 σωζόντων
742 3050 802 3113 ἐστὶ
818 3051 870 3133 τὴν
893 3052 958 3134 περὶ
981 3052 1112 3132 κράσεως
1134 3050 1233 3132 κοινὴν
1247 3047 1392 3133 πρόληψιν
1414 3050 1448 3112 τδ
1471 3048 1516 3111 λέ·
1531 3066 1559 3107 ιο

260 3174 318 3233 γειν
341 3152 388 3213 καὶ
410 3152 462 3233 τὴν
485 3151 541 3219 έίιν
565 3157 624 3220 τοῖς
647 3151 764 3236 ἔχουσιν
787 3152 877 3235 αὐτὴν
902 3152 1057 3236 μεμῖχθαι,
1081 3152 1129 3215 καὶ
1150 3152 1202 3234 τὴν
1225 3151 1310 3235 φύσιν
1333 3156 1393 3220 τοῖς
1414 3155 1516 3234 φυτοῖς

261 3255 308 3315 καὶ
330 3255 363 3315 τὸ
385 3259 450 3337 φῶς
463 3259 506 3338 τῷ
524 3255 587 3338 ἀέρι
609 3257 657 3317 καὶ
680 3256 732 3337 τὴν
748 3255 846 3339 ψυχὴν
869 3259 911 3338 τῷ
930 3257 1053 3336 σώματι,
1077 3252 1109 3315 εί
1118 3276 1151 3336 γε
1173 3253 1326 3337 κιρνάσθαι
1349 3255 1403 3335 μὲν
1423 3253 1516 3336 προεί-

258 3359 366 3440 ληπται
381 3355 442 3440 (τὰ)
460 3357 524 3420 κατ’
547 3358 618 3420 ἰδίαν
634 3359 690 3442 πρδ
706 3363 758 3441 τῆς
773 3359 904 3441 κράσεως
919 3358 1078 3441 ὑφεστάναι
1099 3358 1259 3439 δυνάμεναγ
1281 3357 1331 3421 διὰ
1346 3361 1431 3420 τοῦτο
1447 3359 1515 3438 γοῦν

207 3479 241 3527 30
260 3462 306 3524 καὶ
330 3459 414 3522 αὐτοί
434 3481 504 3543 φασι
527 3460 563 3522 τὰ
586 3460 750 3544 κεκραμένα
772 3461 954 3546 χωρίζεσθαι
977 3460 1061 3522 πάλιν
1085 3458 1235 3533 δύνασθαι,
1269 3461 1316 3523 καὶ
1339 3460 1432 3542 ταύτῃ
1454 3459 1515 3521 δια·
1530 3473 1555 3514 ¹⁶

260 3563 359 3647 φέρειν
393 3567 493 3647 κρᾶσιν
516 3565 687 3648 συγχύσεώς
710 3586 740 3627 τε
762 3565 809 3626 καὶ
842 3565 1009 3648 φθάρσεως.
1055 3559 1122 3624 οὔτε
1156 3560 1212 3630 ἐίις
1242 3584 1284 3629 τις
1306 3563 1439 3646 χωριστὴ
1462 3565 1514 3623 τοῦ

260 3664 380 3749 ἔχοντος
403 3664 504 3749 αὐτην,
539 3669 579 3734 ὡς
602 3663 669 3729 καθ’
699 3667 789 3749 αὑτὴν
811 3665 884 3729 εἶναι
907 3664 1059 3741 δύνασθαι,
1093 3661 1160 3725 οὔτε
1182 3665 1202 3746 ἡ
1225 3667 1283 3725 τῶν
1306 3669 1405 3746 φυτῶν
1427 3663 1515 3745 φύσις

259 3767 351 3851 χωρὶς
373 3771 473 3851 φυτῶν
497 3769 638 3851 ὑποσταίη
662 3767 724 3831 ποτ’
753 3767 796 3831 ἀν.
835 3767 868 3831 τά
890 3790 922 3830 τε
945 3772 1009 3851 φῶς
1031 3770 1094 3835 πῶς
1116 3765 1178 3829 οίὸν
1200 3788 1231 3829 τε
1254 3764 1405 3849 ἐπινοῆσαι
1420 3787 1515 3848 κεχω·

258 3868 393 3952 ρισμένον
427 3875 485 3931 τῶν
519 3872 668 3954 διαρανῶν
692 3872 852 3954 σωμάτων;
886 3868 946 3932 ἀλλ’
975 3867 1037 3931 οὐδ’
1064 3870 1084 3951 ἡ
1107 3868 1189 3951 ψυχὴ
1212 3872 1351 3943 τοιοῦτον,
1386 3869 1427 3935 ὡς
1449 3865 1512 3928 οἷόν

205 3991 238 4037 35
259 3994 300 4045 τε,
323 3969 354 4032 εί
364 3994 397 4051 γε
420 3972 496 4039 εἶδος
518 3971 619 4036 ἔνυλον
643 3972 700 4056 οὐχ
723 3973 784 4035 οἷόν
799 3995 830 4035 τε
845 3970 918 4034 εἶναι
940 3971 1033 4056 χωρὶς
1056 3970 1127 4055 θλης
1148 3993 1179 4032 τε
1202 3971 1250 4033 καὶ
1266 3971 1412 4052 σώματος.
1450 3965 1512 4030 ἀλλ’
1529 3984 1559 4026 εν

256 4073 324 4135 οὐδὲ
347 4074 379 4134 τὸ
402 4077 459 4156 πῦρ
482 4079 524 4157 τῷ
548 4074 670 4157 σιδήρῳ,
706 4075 784 4136 καθά
806 4094 888 4158 φασι,
922 4074 1064 4157 μίγνυται,
1100 4073 1201 4156 ὥσπερ
1234 4069 1303 4134 οὐδὲ
1326 4075 1386 4140 τοῖς
1408 4075 1516 4154 χυμοῖς

204 4287 220 4337 4
243 4284 259 4355 ἡ
284 4285 333 4337 del.
357 4286 439 4338 Ideler
579 4285 595 4336 5
618 4285 657 4356 (ἢ)
680 4287 709 4338 τὸ
735 4288 839 4354 scripsi:
868 4287 897 4339 τὸ
923 4288 996 4340 libri:
1024 4287 1062 4355 τῷ
1087 4285 1166 4354 Apelt
1307 4285 1323 4336 9
1346 4281 1432 4351 παντὶ]
1459 4282 1573 4337 fortasse

203 4375 303 4442 πάντῃ
428 4377 488 4439 post
510 4392 533 4424 rr
554 4374 588 4424 Α1
614 4374 664 4426 del.
686 4372 819 4442 τέμνεσθαι
837 4374 975 4441 δυνάμενον
1103 4373 1130 4424 ll
1152 4372 1305 4444 κίρναταιΒ
1420 4371 1531 4424 fortasse
1550 4372 1575 4424 εί

202 4479 235 4529 γε
254 4460 368 4530 κίρναται
386 4459 475 4526 μόνα,
495 4461 533 4523 (ἃ)
552 4460 669 4531 ἀλληλοις
687 4462 730 4513 καὶ
743 4479 848 4532 παρεκτ.
956 4461 1158 4531 παρεκτείνονται
1173 4479 1189 4512 ε
1297 4458 1329 4511 12
1357 4458 1467 4512 tortasse
1492 4458 1572 4529 ἀλλη-

203 4546 242 4614 λα,
262 4546 394 4612 <dravum
414 4547 440 4599 δί
459 4546 542 4606 οὕτως
555 4547 664 4618 ἄλληλα)
788 4549 934 4619 διῃρηκέναι
953 4548 1113 4602 ἀε1.Ιάε1ετι
1133 4550 1176 4601 καὶ
1201 4547 1338 4618 διῃρημένα
1362 4548 1443 4616 Apelt

207 4635 238 4686 13
267 4641 326 4702 post
347 4653 419 4705 κικρ.
439 4636 559 4687 lacunam
579 4637 633 4688 ind.
653 4637 781 4689 Caninius
910 4637 940 4689 15
959 4636 988 4688 τὸ
1012 4637 1060 4688 del.
1080 4636 1209 4688 Schwartz
1331 4633 1362 4685 17
1388 4635 1509 4687 lacunam
1529 4636 1572 4688 in-

204 4722 301 4773 dicavit
325 4721 405 4774 Ideler
495 4722 526 4774 21
547 4718 574 4774 δ’
599 4723 686 4774 addidi
776 4723 809 4775 29
828 4723 860 4775 τὰ
878 4724 938 4776 add.
957 4723 1087 4775 Schwartz
1177 4721 1208 4774 31
1238 4722 1318 4794 χωρὶς
1334 4722 1466 4774 ΒΟΡΒδε

204 4808 237 4861 32
262 4808 365 4862 δύναται
383 4809 465 4862 ΙθεΙετ
553 4809 643 4862 34.35
662 4809 767 4880 οἷόντε]
786 4811 896 4864 fortasse
914 4809 1036 4863 οἴονται
1125 4809 1159 4862 35
1178 4810 1238 4861 εἶναι
1257 4823 1306 4861 om.
1325 4810 1365 4860 R·
1456 4807 1490 4861 36
1510 4825 1572 4878 φασι

201 4897 308 4964 scripsi:
329 4911 394 4967 φησι
415 4900 475 4952 libri
