3540 5610
212 306 271 369 14⁸2
437 302 603 374 [ΑῘΙΟΡΙΩΝ
627 303 686 359 ΚΑΙ
706 303 839 360 ΛΥΣΕΩΝ
858 303 1000 361 ΒΙΒΛΙΟΝ
1019 302 1203 361 ΤΕΤΑΡἸῸΝ
1223 305 1339 375 21-23]

263 477 358 559 μένοις
381 481 421 563 μὴ
446 484 544 549 καλῶς
569 480 701 562 γίνεσθαι
723 479 834 561 μόνοις,
862 480 937 543 ἀλλά
960 480 1007 542 καί
1034 483 1092 546 τοῖς
1115 476 1360 562 ύποπτευομένοις
1386 480 1517 545 καὶτοῖς

265 581 459 664 διαβληθῆναι
481 582 663 664 δυναμένοις,
690 583 710 645 ἀ
732 586 856 664 μάλιστα
879 584 974 669 ἰσχύει
997 582 1074 665 παρὰ
1099 579 1103 666 Ι
1127 585 1187 650 τοῖς
1208 583 1369 664 ἀγνοοῦσιν.
1414 583 1442 645 εἰ
1465 582 1498 644 δέ
1519 588 1573 644 272

262 683 369 763 γίνεταί
393 708 433 753 τις
461 686 509 747 καὶ
536 686 584 747 ἐπὶ
607 691 666 753 τοῖς
693 686 832 754 τοιούτοις
857 684 972 759 ἀδοξίαι,
999 684 1051 748 οὐκ
1074 684 1296 748 ἀτοκέκλεισται
1323 684 1339 747 ό
1362 684 1453 765 μηδὲν
1476 684 1518 745 αἰ·

266 788 356 869 σχρδν
379 790 504 871 ποιήσας
526 792 577 850 τοῦ
600 789 630 851 ἐν
647 788 746 871 ἀδοξίᾳ
769 789 908 852 δύνασθαι
931 788 1073 871 γενέσθαι.
1108 789 1143 872 ῆν
1167 787 1280 856 ἀδοξίαν
1304 787 1330 850 εἰ
1351 788 1399 865 δεῖ
1418 787 1515 871 φοβεῖ·

228 908 242 956 5
262 889 347 962 σθαι,
375 891 395 971 ἢ
417 889 500 952 οὐδὲν
524 888 643 953 ἔλαττον
667 891 700 953 ἐκ
723 892 865 975 διαβολῶν
887 892 906 974 ῆ
931 891 964 954 ἐκ
986 891 1117 975 πράξεων
1140 891 1245 973 γίνεται
1268 890 1298 972 [ό
1321 890 1353 952 δέ
1375 895 1428 973 τῆς
1451 890 1517 952 ἀδο-
1545 903 1560 945 ⁵

262 989 322 1059 ξίας
344 991 435 1075 φόβος
458 992 570 1074 αἰδώς],
594 992 647 1056 οὐκ
666 993 816 1076 ἀλλότριον
840 998 922 1056 τούτο
946 992 1005 1078 <τδ>
1026 995 1121 1062 πάθος
1144 992 1213 1056 οὐδὲ
1234 999 1292 1055 τῶν
1308 992 1444 1057 ἐπιεικῶν
1466 992 1515 1077 εἴη

262 1092 297 1156 ἀν
320 1096 369 1157 καί
392 1094 465 1158 κατά
493 1096 544 1178 τῆν
567 1098 679 1179 ῆλικίαν
707 1096 945 1181 προβεβηκότων,
972 1098 1041 1160 οόδὲ
1069 1095 1132 1161 κατ’
1160 1096 1261 1172 αὐτόν,
1289 1094 1371 1178 εἴγε
1394 1097 1440 1158 δεῖ
1461 1095 1515 1179 μὲν

262 1197 461 1280 φυλάττεσθαι
487 1199 535 1261 καί
557 1200 713 1284 φοβεῖσθαι
740 1202 792 1284 τῆν
815 1201 943 1276 ἀδοξίαν,
972 1205 1057 1264 τοῦτο
1086 1198 1112 1263 δ’
1145 1200 1221 1263 ἐστιν
1244 1200 1344 1268 αἰδιύς.
1388 1197 1430 1262 ἔτι
1452 1204 1513 1267 τοῖς
1529 1214 1558 1256 1⁰

260 1302 356 1369 καλῶς
379 1323 409 1362 τε
432 1303 480 1364 καί
504 1308 616 1384 σεμνῶς
639 1304 748 1388 βιοῦσιν
765 1308 807 1389 τῷ
824 1306 917 1366 πάντα
938 1304 1049 1389 αἰσχρὰ
1063 1303 1086 1386 γι
1101 1305 1194 1366 πάντα
1216 1302 1430 1387 διαβεβλῆσθαι
1454 1302 1514 1383 μεί·

213 1422 242 1468 10
262 1405 319 1472 ξων
343 1403 359 1464 ό
382 1409 433 1486 τῆς
456 1402 502 1467 ἐπ’
524 1404 620 1475 αὐτοῖς
645 1406 759 1475 ἀδοξίας
781 1405 881 1491 φόβος,
904 1409 951 1470 καί
969 1409 1107 1490 μειζόνως
1129 1406 1216 1470 αὐτόν
1239 1407 1441 1490 φυλάττονται,
1464 1406 1510 1469 διδ

260 1509 308 1568 καί
331 1507 513 1592 συμβέβηκεν
536 1509 647 1578 τούτοις
669 1511 813 1574 αἰδεῖσθαι
837 1512 970 1593 μάλιστα,
994 1511 1038 1579 οἷς
1062 1509 1174 1595 σφόδρα
1196 1509 1257 1572 ἐστὶ
1280 1509 1315 1572 τά
1338 1507 1447 1593 αἰσχρὰ
1469 1531 1516 1591 μι·
1532 1523 1559 1564 15

261 1611 345 1693 σητά.
391 1612 487 1696 ῆγάρ
514 1613 604 1681 αἰδὼς
626 1613 679 1676 οὐκ
706 1611 798 1676 ἔοικεν
825 1614 926 1683 ἁπλῶς
955 1613 1028 1677 εἰναι
1056 1613 1147 1698 φόβος
1174 1613 1304 1687 ἀδοξίας,
1336 1612 1411 1675 ἀλλά
1438 1611 1514 1674 πολὺ

260 1712 398 1798 πρότερον
422 1715 608 1799 ἀλλοτριότης
631 1721 704 1801 πρὸς
726 1717 761 1779 τά
783 1717 903 1801 αἰσχρά,
927 1714 962 1780 δι’
991 1718 1026 1800 ῆν
1050 1719 1077 1779 οἱ
1099 1717 1192 1785 οότως
1214 1713 1332 1801 ἔχοντες
1354 1716 1515 1799 φοβοῦνται

258 1817 310 1899 τῆν
338 1814 383 1878 ἐπ’
412 1818 510 1888 αὐτοῖς
537 1819 661 1888 ἀδοξίαν.
706 1822 732 1882 εἰ
759 1818 784 1882 δ’
817 1821 894 1883 ἐστὶν
922 1825 1049 1884 τοιοῦτον
1076 1821 1096 1902 ῆ
1123 1820 1225 1899 αἰδώς,
1258 1817 1353 1882 οὐκέτ’
1382 1817 1415 1880 ἀν
1444 1817 1558 1881 οὐδέσι

210 1939 239 1987 15
259 1920 355 1989 πάθος
377 1922 477 1990 άπλῶς
500 1920 560 2004 εἴη,
588 1922 648 1985 ἀλλ’
676 1923 732 1992 ἕξις
754 1947 795 1993 τις
823 1925 870 1987 καί
898 1925 1041 2002 διάθεσις,
1068 1918 1088 2006 ᾗ
1118 1924 1151 1985 τό
1179 1922 1387 2007 προειρημένον
1410 1920 1514 1984 ἕπεται

260 2023 363 2093 πάθος.
407 2029 465 2087 τῶν
487 2030 555 2107 γοῦν
579 2027 652 2090 κατά
674 2029 726 2109 τῆν
753 2028 865 2111 ῆλικίαν
892 2025 1116 2112 προβεβηκότων
1143 2026 1209 2096 τοὺς
1236 2027 1288 2109 μὲν
1311 2025 1345 2089 οὐ
1367 2027 1515 2109 φυλασσο·

260 2126 364 2209 μένους
387 2129 422 2190 τά
449 2129 557 2213 αἰσχρά
580 2129 642 2193 οὐδ’
669 2128 744 2199 όλως
771 2129 805 2193 ἀν
829 2129 884 2193 ἴδοι
906 2155 947 2200 τις
969 2129 1173 2214 αἰδουμένους·
1201 2129 1250 2192 διά
1271 2128 1326 2213 γάρ
1349 2127 1510 2210 συνήθειαν

260 2236 318 2292 τῶν
341 2232 545 2314 πραττομένων
568 2233 666 2302 αὐτοῖς
687 2237 975 2318 καταπεφρονήκασιν
998 2238 1050 2317 τῆς
1072 2232 1118 2295 ἐπ’
1146 2232 1244 2301 αὐτοῖς
1266 2231 1389 2300 ἀδοξίας.
1428 2233 1455 2294 οἱ
1479 2233 1514 2296 δὲ
1528 2248 1556 2291 σε

257 2333 467 2417 καθαρεύοντες
490 2335 548 2398 οἰπδ
564 2342 622 2399 τῶν
641 2336 778 2400 τοιούτων
802 2340 910 2419 μᾶλλον
934 2337 1080 2400 αἰδοῦνται
1102 2335 1182 2415 τότε,
1206 2335 1268 2420 όσιρ
1293 2333 1297 2419 i
1321 2334 1493 2398 πεπείκασιν
1516 2342 1568 2399 273

205 2456 238 2502 20
256 2436 303 2498 καὶ
326 2436 431 2506 αύτούς
457 2437 644 2523 αἰσχρότερον
671 2439 743 2503 εἰναι
771 2443 831 2508 τοῖς
857 2440 963 2524 ταύτην
991 2440 1044 2522 τῆν
1072 2439 1184 2521 ῆλικίαν
1211 2438 1357 2523 γεγονόσιν
1384 2438 1437 2520 τῆν
1464 2438 1516 2501 ἐπὶ

258 2543 318 2608 τοῖς
340 2540 473 2625 αἰσχροῖς
496 2541 610 2610 ἀδοξίαν
633 2542 653 2624 ῆ
676 2546 736 2610 τοῖς
758 2543 840 2610 νέοις.

258 2832 357 2898 ΧΧΙΙ.
396 2828 466 2898 Ὅτι
488 2834 813 2898 ἀντακολουθούσιν
835 2838 869 2899 αἱ
893 2837 1024 2921 ἀρεταί.

334 3020 395 3087 Ὅτι
417 3022 679 3086 ἀντακολουθούσιν
709 3026 738 3087 αἱ
762 3024 862 3108 ῆθικαί
886 3024 999 3108 ἀρεταί,
1029 3024 1156 3088 δεικτέον
1184 3026 1233 3088 καὶ
1260 3025 1318 3087 ἀπὸ
1341 3029 1393 3107 τῆς
1417 3045 1515 3107 προαι-
1541 3038 1556 3080 ⁸

258 3125 375 3208 ρέσεως.
413 3127 439 3188 εἰ
460 3125 515 3210 γάρ
537 3127 556 3208 ῆ
580 3126 669 3210 ἀρετῆ
694 3128 818 3208 μάλιστα
841 3132 878 3209 τῆ
902 3127 1066 3210 προαιρέσει
1089 3127 1224 3212 κρίνεται,
1246 3127 1265 3210 ῆ
1289 3128 1321 3190 δὲ
1344 3126 1421 3211 ὀρθὴ
1445 3148 1514 3208 προ·

205 3249 236 3297 25
256 3229 363 3313 αίρεσις
393 3226 426 3292 ἔκ
448 3251 479 3291 τε
501 3231 670 3312 φρονήσεως
692 3227 827 3310 ῆείπετο
851 3230 1040 3313 βουλεύεσθαι
1064 3235 1116 3313 τῆς
1141 3230 1311 3314 φρονήσεως
1333 3229 1381 3293 καί
1405 3228 1515 3313 ἠθικῆς

258 3336 379 3417 ἀρετῆς,
409 3330 440 3394 εί
457 3355 490 3415 γε
514 3333 560 3394 δεῖ
581 3332 632 3414 μὲν
655 3336 697 3416 τῷ
721 3335 817 3401 καλῶς
844 3332 1046 3417 βουλευομένῳ
1069 3333 1117 3395 τὸν
1140 3333 1247 3397 σκοπόν
1272 3332 1360 3416 όρθδν
1383 3332 1511 3407 κεῖσθαι,
1528 3348 1555 3389 ιο

257 3437 299 3504 εἰς
321 3435 353 3498 ὃν
376 3436 442 3518 περὶ
464 3440 521 3497 τῶν
545 3434 754 3498 συντελούντων
778 3436 819 3503 εἰς
841 3435 927 3498 αύτδν
950 3437 1126 3520 βουλεύεται,
1155 3436 1279 3521 όρίξεται
1305 3436 1338 3498 δὲ
1363 3436 1378 3498 ό
1403 3436 1515 3504 σκοπός

258 3539 314 3601 ὑπὸ
337 3542 389 3622 τῆς
412 3539 520 3621 ἠθικῆς
550 3537 655 3620 ἀρετῆς
684 3536 733 3619 (ού
757 3538 810 3621 γάρ
834 3537 992 3622 ἐφιέμεθα,
1023 3540 1087 3624 περὶ
1114 3540 1216 3602 τούτου
1241 3537 1465 3624 βουλευόμεθα,
1494 3541 1513 3623 ῆ

204 3765 237 3813 30
256 3743 369 3826 τέλης),
397 3743 450 3807 οὐκ
474 3740 550 3805 ἔστιν
579 3742 784 3826 ῆπροαίρεσις
812 3742 886 3825 όρθῆ
915 3743 983 3805 ἀνευ
1011 3746 1182 3828 φρονήσεως
1208 3742 1268 3808 οὐδ’
1297 3744 1366 3808 ἀνευ
1395 3744 1513 3829 ἀρετῆς.

255 3849 274 3930 ἡ
299 3848 350 3928 μὲν
373 3846 427 3929 γάρ
449 3845 590 3921 τὸτέλος,
613 3846 631 3927 ῆ
656 3845 688 3908 δὲ
710 3845 746 3906 τά
763 3846 834 3929 πρὸς
856 3847 888 3907 τδ
911 3845 992 3915 τέλος
1015 3852 1093 3909 ποιεῖ
1105 3849 1249 3930 πράττειν.
1284 3843 1325 3909 ἔτι
1348 3847 1374 3909 εἰ
1397 3848 1512 3933 ἀνάγκη

203 4130 219 4184 3
238 4130 428 4183 ἀποκέκλτισται
447 4130 510 4183 8²8¹
531 4132 617 4183 Victi
636 4133 693 4198 Sp.:
714 4130 887 4201 ἀποκέκληται
901 4132 995 4184 VFB¹2
1014 4131 1191 4185 ἀποκέκλειται
1210 4135 1248 4186 G:
1267 4129 1465 4185 ἀπσκέκλτισθαι
1484 4133 1533 4186 S‘a

202 4218 219 4270 4
238 4219 259 4270 εἰ
278 4217 314 4270 δεῖ
333 4217 368 4268 vi
386 4219 454 4270 Vici.
473 4221 530 4284 Sp.:
550 4218 608 4270 εἰδτι
627 4219 670 4269 V¹:
691 4218 739 4272 ἔδει
757 4223 796 4272 Fa
931 4220 946 4272 5
965 4219 981 4289 ῆ
1002 4220 1038 4269 V²
1056 4236 1119 4273 corr.
1139 4220 1205 4288 εαῆ
1349 4219 1374 4272 5.
1394 4220 1410 4272 6
1429 4217 1565 4278 ό-αἰδῶς

203 4307 396 4373 circumscripsi
505 4308 613 4358 ύτούτο
634 4306 685 4369 (τό)
703 4308 770 4358 coni.
792 4309 849 4372 Sp.:
868 4312 913 4358 τού
935 4307 1002 4359 Vict.
1121 4306 1217 4365 πάθους
1237 4308 1304 4360 vict.
1414 4305 1486 4372 ούδὲ]
1503 4307 1566 4360 fort·

203 4398 271 4445 tasse
291 4392 371 4445 ούδενὶ
477 4394 492 4445 ’ἰ
513 4393 588 4447 αὑτὸν
608 4396 646 4459 (in
666 4411 716 4463 ing.
730 4396 799 4461 οἰμαι
815 4390 979 4465 Ἀριστοτέλη
993 4395 1040 4460 V‘)
1064 4396 1226 4449 V¹FS¹B¹G:
1246 4393 1321 4447 αότδν
1340 4393 1384 4446 τόν
1401 4390 1566 4464 Ἀριστοτέλη

202 4480 305 4550 λέγοντα
325 4481 459 4550 (δηλοῦντα
478 4482 523 4546 13²)
542 4481 626 4533 B²s2a
644 4484 689 4547 Sp.
796 4481 812 4533 8
832 4481 910 4549 ἐστιν]
930 4497 959 4532 στ
977 4482 1005 4532 in
1025 4481 1061 4532 iii.
1082 4485 1106 4532 V
1204 4482 1219 4533 θ
1239 4483 1329 4552 αἰσχριλ
1347 4483 1429 4534 πάντα
1444 4484 1565 4536 VFB'S¹:

203 4570 235 4620 τό
254 4570 344 4640 αἰσγρά
362 4564 418 4636 παρ’
440 4569 523 4626 αύτοῖς
536 4568 616 4622 swa
631 4571 674 4634 Sp.
768 4570 799 4620 10
818 4568 874 4638 τῆς]
894 4588 905 4626 ς
924 4571 951 4620 in
971 4569 1009 4620 lit.
1031 4573 1052 4619 V
1142 4568 1175 4621 23
1194 4569 1294 4639 ῆθικαί]
1314 4568 1340 4621 θι
1359 4586 1380 4622 s.
1394 4587 1418 4621 ν.
1432 4573 1458 4620 V

203 4655 236 4708 25
264 4672 292 4706 τι
313 4658 479 4708 VSB¹FML2
500 4656 549 4708 del.
567 4656 614 4707 Bi:
634 4672 683 4707 om.
703 4674 719 4705 a
737 4659 780 4721 Sp.
888 4655 971 4708 εἵπετο
991 4657 1063 4708 VB¹:
1088 4656 1117 4708 ἔκ
1135 4675 1162 4709 τε
1182 4661 1226 4709 τού
1246 4659 1350 4710 S'FLM
1370 4659 1426 4722 (τού
1447 4673 1511 4710 corr.
1534 4672 1565 4709 ex

201 4742 255 4808 τό);
274 4743 358 4795 εἰπετο
377 4743 461 4809 (ἕπετο
480 4761 506 4795 a:
526 4743 610 4795 ἕπεται
624 4743 680 4810 Sp.)
698 4741 727 4794 τό
746 4745 792 4812 γὰρ
806 4742 889 4795 S²B²a
902 4745 946 4810 Sp.
1034 4743 1142 4796 fortasse
1161 4744 1306 4814 φρονήσεως
1324 4745 1378 4808 (καί
1397 4742 1491 4814 ῆθικῆς
1510 4743 1566 4812 ἀρτ·

203 4833 259 4900 τῆς)
278 4830 355 4899 εἴγε
373 4830 406 4882 τό
515 4829 547 4881 26
572 4829 677 4894 σκοπόν]
696 4831 764 4882 inter
783 4847 796 4882 ο
816 4835 841 4883 ct
859 4849 878 4882 π
896 4830 973 4895 pauli.
993 4847 1058 4884 cras.
1078 4836 1101 4881 V
1208 4830 1297 4899 αύτὸν]
1317 4830 1396 4901 αὐτὴν
1416 4849 1432 4884 α
1451 4834 1495 4899 Sp.

202 4917 235 4970 28
254 4916 385 4987 ἐφιέμεθα]
404 4937 411 4970 ι
431 4934 452 4971 c.
465 4934 488 4970 v.
503 4922 527 4968 V
637 4918 670 4970 29
689 4934 721 4970 cx
741 4933 779 4986 gr.
799 4918 858 4970 Eth.
878 4917 937 4970 Nic.
950 4919 982 4982 ΙΙ,
998 4919 1022 4971 9.
1039 4917 1162 4971 1109220
1173 4933 1228 4987 sqq.
