3540 5610
650 302 781 361 ΗΘΙΚΩΝ
801 303 1065 360 ΠΡΟΒΛΗΜΑΊῺΝ
1085 304 1116 358 27
1500 305 1561 370 155

262 479 425 565 σύμμετρον
453 479 568 565 ἑκάστῳ
596 480 653 542 ύπδ
679 484 728 563 τῆς
756 480 925 564 φρονήσεως
950 481 1070 543 καὶτοῦ
1097 477 1160 542 κατ’
1188 479 1277 562 αὐτὴν
1305 478 1391 561 λόγου
1414 478 1508 545 πάσας

263 581 315 650 τάς
337 582 441 645 τούτου
465 583 642 667 παραβάσεις
669 586 747 644 ποιεῖ
765 582 940 667 γνωρίμους,
967 581 1050 644 οὐδὲν
1073 581 1195 666 δεομένη
1218 588 1270 666 τῆς
1293 581 1435 666 προσόδου
1458 585 1509 663 τῆς
1535 594 1550 637 5

262 684 309 746 ἐπὶ
332 684 368 747 τά
391 684 501 770 πέρατα
521 685 627 758 αὐτῶν,
650 681 709 747 ἀλλ’
731 683 853 748 αύτόδεν
876 685 1029 748 κωλύουσα
1051 684 1139 754 αύτάς
1161 689 1204 770 τῷ
1227 689 1289 754 ταῖς
1310 688 1438 769 πρώταις
1459 682 1507 745 αδ·

261 792 318 850 τῶν
346 787 499 872 ἐκτροπαῖς
526 788 692 852 ἐνίστασθαι
723 791 785 856 ταῖς
819 786 979 870 γινομέναις
1010 787 1088 871 παρὰ
1119 789 1152 850 τδ
1180 788 1267 871 μέσον
1299 811 1329 850 τε
1358 788 1406 850 καὶ
1439 786 1508 869 σύμ·

226 909 371 973 όμετρυν.
1458 885 1462 890 ’

341 991 433 1056 Ἀλλὰ
454 994 501 1057 καὶ
526 996 542 1057 ό
565 993 657 1076 λέγων
681 994 721 1075 μὴ
744 991 816 1057 εἶναι
840 994 891 1077 τὴν
913 993 1018 1077 ἀρετὴν
1046 994 1136 1077 μέσην
1159 995 1209 1057 δύο
1233 997 1342 1057 κακιῶν
1364 997 1422 1055 τῶν
1445 992 1507 1055 ἑκα-
1522 1007 1550 1049 ιο

258 1097 384 1180 τέρωδεν
412 1097 510 1180 αὐτῆς,
541 1097 582 1180 μὴ
603 1096 658 1180 γάρ
686 1095 808 1160 έπεσδαι
831 1096 907 1179 αὐτῇ
935 1097 1035 1160 κακίαν
1058 1096 1185 1158 ἐναντίαν
1212 1101 1255 1179 τῷ
1283 1097 1316 1158 τδ
1340 1092 1392 1178 μὲν
1415 1094 1503 1176 μέσον

170 1269 172 1273 ,
259 1198 420 1283 μηδετέρου
448 1205 505 1262 τῶν
533 1198 581 1284 ἐφ’
608 1200 731 1284 ἑκάτερα
761 1204 818 1262 τῶν
846 1198 942 1284 ἀκρων
969 1203 1101 1264 πλεῖστον
1128 1201 1301 1284 ἀφεστάναι,
1334 1199 1447 1261 ἐναντία
1473 1199 1505 1260 δέ

262 1301 335 1365 εἶναι
362 1303 398 1365 τά
424 1303 454 1365 ἐν
480 1309 524 1388 τῷ
547 1302 629 1388 αύτῷ
656 1304 731 1384 γένει
759 1306 891 1367 πλεῖστον
919 1304 1054 1387 ἀλλήλων
1081 1305 1235 1377 διεστῶτα,
1262 1302 1330 1365 οόδέ
1357 1300 1439 1368 οὖτος
1461 1299 1507 1384 εἴη

215 1425 242 1472 10
261 1403 295 1467 ἂν
318 1410 406 1468 κινῶν
427 1430 452 1469 τι
474 1412 533 1470 τῶν
555 1406 704 1489 κειμένων.
750 1408 775 1469 εί
799 1407 850 1488 μὲν
873 1406 926 1488 γὰρ
950 1405 985 1490 ἦν
1008 1408 1027 1489 ἡ
1051 1406 1139 1489 ἀρετὴ
1168 1405 1241 1469 αὐτὰ
1267 1405 1302 1467 τὰ
1325 1404 1400 1488 μέσα
1423 1403 1505 1487 πάδη
1522 1420 1548 1462 ιο

259 1509 308 1571 καί
330 1507 415 1572 αόταὶ
437 1510 466 1571 αἱ
490 1509 576 1592 μέσαι
597 1508 720 1593 πράξεις,
744 1506 841 1590 ἔλεγον
864 1509 957 1585 ἀντι,
980 1513 1029 1570 νῦν
1053 1507 1078 1570 δ’
1099 1508 1133 1570 ού
1157 1513 1247 1570 ταῦτα
1268 1508 1288 1590 ἡ
1311 1507 1411 1590 ἀρετή,
1434 1505 1508 1568 ἀλλά

259 1611 324 1696 περὶ
347 1615 445 1674 ταῦτα.
490 1613 522 1675 τδ
545 1612 579 1675 δέ
600 1611 672 1674 εἶναι
695 1610 772 1694 αὐτῇ
795 1612 886 1695 ἀρετῇ
915 1611 1009 1695 ἐντῷ
1034 1610 1158 1695 ὡρίσθαι
1184 1615 1226 1694 τῷ
1251 1610 1332 1693 δρδιβ
1356 1608 1435 1693 λόγῳ
1457 1610 1505 1672 καὶ

261 1715 424 1798 συμμετρία
445 1714 478 1778 τδ
501 1713 574 1778 εἶναι
589 1712 678 1799 ἔχειν,
701 1718 762 1782 ταῖς
784 1715 817 1777 δέ
839 1715 1012 1798 ὑπερβολαῖς
1034 1714 1082 1776 καὶ
1104 1714 1223 1781 ἐνδείαις
1246 1713 1277 1775 τδ
1301 1712 1412 1779 κακίαις
1434 1711 1506 1774 εἶναι
1520 1728 1549 1770 ον

260 1817 339 1900 παρά
360 1839 391 1879 τε
413 1820 464 1880 τοῦ
486 1817 694 1901 ἡμαρτημένου
722 1816 809 1899 λόγου
837 1818 959 1901 καὶτῆς
986 1816 1196 1900 ἀσυμμετρίας,
1224 1813 1292 1878 καθ’
1321 1814 1388 1878 ὅσον
1411 1839 1430 1897 η
1454 1814 1507 1897 μἐν

214 1940 240 1989 15
257 1918 331 1983 κατὰ
353 1921 402 1983 τόν
426 1920 513 2002 δρδδν
540 1920 624 2002 λόγον
652 1919 672 1982 ἃ
694 1920 812 2003 πρέπει
839 1919 971 2003 πράττει,
999 1920 1046 1981 καί
1074 1915 1150 1982 ἔστιν
1177 1918 1207 1980 ἐν
1231 1918 1406 2001 συμμετρία,
1433 1919 1451 2000 ἡ
1475 1918 1508 1980 δὲ

258 2022 333 2087 κατὰ
356 2023 403 2085 τδν
418 2021 623 2107 ἡμαρτημένον
646 2021 740 2104 λόγον,
763 2023 811 2084 καί
833 2020 863 2084 ἐν
879 2021 1063 2105 ἀσυμμετρία
1084 2022 1103 2103 ἡ
1126 2021 1290 2088 ἐναντίωσις
1312 2019 1421 2094 αὐτοῖς,
1443 2019 1507 2082 ἐπεὶ
1521 2037 1548 2079 ετ

259 2127 334 2189 κατά
355 2148 387 2207 γε
413 2124 487 2188 αὐτὰ
514 2125 655 2209 τὰπάθη
686 2127 733 2188 καὶ
760 2123 811 2193 τάς
833 2124 949 2207 πράξεις
974 2125 1022 2186 καί
1048 2125 1080 2186 τὸ
1107 2123 1137 2185 ἐν
1165 2123 1275 2191 τούτοις
1301 2124 1390 2186 πυσδν
1414 2124 1443 2186 αί
1466 2121 1508 2186 έν-

260 2230 332 2292 δειαι
355 2233 417 2298 ταῖς
440 2229 614 2313 ὑπερβολαῖς
635 2227 763 2312 εἴρηνται
785 2225 833 2290 ὑπ’
862 2226 950 2289 αὐτοῦ
973 2225 1044 2288 εἶναι
1067 2225 1200 2287 ἐναντίαι.
1225 2226 1228 2287 1

345 2329 404 2396 Καὶ
426 2331 550 2413 δλέγων
573 2331 606 2394 δέ
628 2333 669 2416 μὴ
686 2330 758 2393 εἶναι
781 2330 832 2412 τὴν
856 2329 961 2412 ἀρετὴν
983 2328 1138 2411 μεσότητα,
1162 2329 1277 2413 δεήσειν
1291 2328 1345 2412 γὰρ
1369 2330 1416 2392 τδν
1431 2331 1484 2413 τὴν
1507 2337 1559 2393 298

212 2453 240 2502 20
257 2435 364 2520 ἀρετὴν
386 2431 493 2520 ἔχοντα
521 2435 553 2497 τδ
577 2433 675 2514 μέσως
697 2431 729 2496 εδ
754 2432 895 2516 μετιέναι,
926 2429 985 2495 ἀλλ’
1013 2430 1047 2493 οὐ
1075 2432 1106 2494 τδ
1133 2430 1244 2514 ἄκρως,
1274 2430 1335 2495 οὐδ’
1363 2430 1447 2500 οὗτος
1470 2433 1506 2515 δὴ

257 2538 365 2621 νοήσας
390 2538 427 2600 τά
452 2536 591 2621 εἰρημένα
618 2536 703 2618 λέγει.
748 2533 859 2620 εἴρηται
885 2536 955 2618 γάρ,
987 2533 1031 2596 ὅτι
1053 2534 1130 2597 ἐστὶν
1158 2536 1177 2617 ἡ
1205 2535 1270 2618 περὶ
1298 2533 1332 2596 τὰ
1355 2534 1437 2618 πάδη
1460 2536 1508 2597 καὶ
1533 2550 1548 2594 υ

257 2641 308 2708 τὰς
337 2641 451 2725 πράξεις
479 2640 603 2722 μεσότης
632 2637 705 2702 κατὰ
736 2640 784 2701 τὸν
811 2638 1017 2722 προειρημένον
1048 2636 1152 2720 τρόπον
1180 2637 1210 2699 ἐν
1237 2642 1280 2722 τῷ
1308 2635 1341 2699 εύ
1369 2635 1503 2721 ἀκρότης.

257 2742 355 2827 ἄκρως
380 2745 435 2828 γάρ
462 2741 494 2806 εὖ
522 2740 586 2827 ἔχει
612 2742 645 2805 τδ
671 2740 819 2824 γινόμενον
851 2741 881 2803 ἐν
913 2741 1031 2809 ἐκείνοις
1059 2740 1155 2823 μέσως
1182 2762 1214 2803 τε
1240 2741 1288 2803 καὶ
1322 2740 1505 2824 συμμέτρως.

256 2844 340 2908 υδδέν
367 2845 420 2928 γάρ
451 2846 560 2910 κωλύει
587 2845 619 2907 τδ
649 2844 746 2929 ἄκρων
773 2848 857 2907 τινῶν
886 2844 916 2905 ἐν
945 2842 1081 2926 μεσότητι
1109 2843 1195 2926 ἀκρον
1225 2847 1309 2905 τινῶν
1336 2842 1417 2905 εἶναι.
1463 2843 1507 2905 διδ

210 2965 240 3015 ευ
257 2947 365 3017 ἄτοπος
386 2950 433 3011 καὶ
461 2950 477 3010 ό
500 2948 607 3030 λέγων,
637 2947 662 3009 εί
685 2947 703 3029 ἡ
726 2947 816 3029 ἀρετὴ
844 2946 968 3030 ἀκρότης
995 2946 1056 3009 ἐστὶ
1083 2951 1180 3030 ψυχῆς
1202 2949 1332 3029 λογικῆς,
1362 2946 1402 3029 μη
1427 2946 1549 3009 δύναιο

260 3051 330 3115 σθαι
352 3051 442 3135 αὐτὴν
465 3050 537 3113 εἶναι
555 3049 701 3133 μεσότητα
723 3054 765 3133 τῷ
790 3049 831 3132 μὴ
852 3047 913 3111 οἶόν
935 3071 966 3111 τε
982 3048 1055 3112 εἶναι
1078 3049 1180 3112 ταότδν
1203 3049 1265 3132 ἅμα
1281 3048 1367 3131 ἀκρον
1391 3072 1421 3112 τε
1436 3048 1508 3113 εἶναι

259 3153 307 3216 καὶ
323 3152 420 3236 μέσον.
455 3154 482 3217 εί
505 3153 557 3237 μὲν
579 3153 633 3236 γάρ
649 3156 700 3215 τοῦ
723 3151 811 3215 αὐτοῦ
834 3174 876 3219 τις
895 3151 987 3235 η’ξίου,
1010 3149 1107 3234 ἔλεγον
1130 3151 1164 3215 ἀν
1180 3176 1216 3227 τι,
1240 3151 1303 3214 ἐπεὶ
1326 3151 1358 3214 δὲ
1373 3150 1407 3214 οὐ
1423 3155 1507 3215 τοῦτο

261 3256 384 3339 λέγεται,
406 3255 464 3320 τίεν
487 3256 521 3319 ἀν
544 3257 710 3337 αἰτιώμενοι
733 3253 768 3317 τά
790 3254 910 3317 ἀναίτια.
1522 3272 1547 3314 ια

339 3357 417 3422 Ἀλλ’
444 3359 513 3422 ούδέ
535 3359 551 3421 δ
573 3358 680 3440 λέγων,
709 3358 735 3419 εί
756 3358 775 3441 ἡ
800 3346 903 3441 ἀρετὴ
918 3357 993 3441 μέση
1021 3359 1072 3421 δύο
1096 3364 1218 3433 κακιῶν,
1247 3355 1292 3440 είη
1315 3355 1349 3419 ἀν
1374 3359 1420 3420 καὶ
1444 3379 1507 3440 συγ·

208 3479 241 3529 30
258 3462 378 3546 κειμένη
401 3462 434 3525 ἐκ
456 3460 565 3524 τούτων
587 3465 630 3544 τῷ
654 3460 690 3523 τά
714 3460 788 3543 μέσα
811 3464 868 3522 τῶν
884 3460 1018 3522 ἐναντίων
1042 3460 1075 3522 ἐκ
1097 3466 1150 3544 τῆς
1173 3460 1275 3543 μίξεως
1297 3466 1354 3522 τῶν
1371 3461 1506 3524 ἐναντίων

258 3563 337 3650 ἔχειν
359 3565 411 3647 τὴν
432 3563 579 3638 σύστασιν,
603 3565 643 3632 ὧς
666 3563 713 3626 ἐπὶ
729 3565 896 3647 χρωμάτων
919 3564 967 3626 καί
987 3563 1086 3645 όσμιῖνν
1110 3565 1156 3626 καί
1179 3569 1285 3647 χυμῶν
1309 3563 1394 3632 αύτδς
1417 3563 1447 3625 ἐν
1463 3571 1505 3649 τῷ
1519 3581 1548 3623 υο

258 3665 329 3751 Περὶ
351 3668 519 3752 αἰσθήσεως
541 3665 664 3749 εἴρηκεν,
692 3663 753 3727 οὐδ’
782 3665 864 3734 οὗτος
891 3667 927 3749 δὴ
952 3665 1073 3728 ἅπτεταί
1099 3689 1173 3733 τινος
1199 3670 1256 3727 τῶν
1279 3666 1426 3749 κειμένων.
1472 3666 1506 3729 οὐ

256 3770 311 3854 γὰρ
333 3770 360 3832 εί
381 3769 417 3832 τά
443 3768 637 3854 προειρημένα
664 3772 796 3840 τοιαῦτα,
825 3768 882 3853 ἤδη
910 3769 957 3831 καὶ
981 3769 1074 3830 πάντα
1102 3768 1178 3849 μέσα
1205 3769 1337 3831 ἐναντίων
1368 3774 1451 3832 τινῶν
1473 3770 1507 3832 ἐκ

262 3878 315 3958 τῆς
338 3873 455 3937 ἐκείνων
479 3872 582 3956 μίξεως
604 3869 723 3933 τὸεῖναι
747 3868 821 3954 ἔχει.
855 3869 922 3932 οὐδὲ
943 3870 999 3954 γάρ
1020 3871 1052 3933 τὸ
1068 3871 1141 3934 κατά
1164 3870 1313 3955 ποσότητοί
1335 3895 1396 3934 τινα
1419 3872 1507 3954 μέσον

206 3996 237 4046 35
257 3978 365 4040 ἐκτῶν
387 3976 523 4039 ἐναντίων
545 3973 609 4058 ἔχει
630 3974 682 4056 τὴν
705 3972 851 4043 σύστασιν,
874 3973 949 4037 ἀλλά
973 3971 976 4058 1
1002 3977 1058 4036 πᾶν
1081 3973 1241 4036 τούναντίον
1265 3973 1295 4036 ἐν
1317 3998 1353 4057 τη
1379 3976 1450 4058 πρὸς
1471 3977 1506 4038 τά
1520 3991 1548 4034 25

205 4222 342 4275 11ιιαστον
361 4223 428 4274 coni.
447 4221 492 4288 Sp.
600 4218 742 4287 ἀπροόδου
762 4224 786 4270 V
887 4221 966 4274 8a1t.
987 4227 1038 4273 τῶν
1058 4221 1106 4273 del.
1128 4220 1163 4271 V²
1272 4220 1559 4292 11αύταὶΒέ8α8ρα

204 4309 276 4363 αύται
295 4311 364 4361 VFB
483 4305 563 4374 ἔλεγεν
587 4308 654 4359 coni.
673 4310 718 4374 Sp.
838 4313 881 4360 νῦν
899 4308 1021 4362 B²Ms²a
1040 4313 1097 4376 Sp.:
1126 4309 1147 4360 εί
1169 4310 1310 4361 VB¹S¹FL
1437 4310 1467 4362 12
1495 4310 1559 4382 αὕτη

203 4398 309 4470 ἀριτηα
400 4393 432 4447 13
450 4392 624 4464 συμμετρία11
727 4395 758 4447 15
776 4396 802 4447 ἐν
821 4411 870 4448 om.
889 4415 905 4447 a
1014 4397 1044 4448 18
1064 4396 1209 4447 ἐναντίαιυε
1229 4397 1325 4447 ἐναντία
1340 4400 1362 4446 V
1456 4400 1485 4449 19
1505 4398 1560 4469 δείγ-

202 4501 238 4537 σει
261 4503 278 4536 ε
296 4485 341 4551 Sp.
452 4481 486 4534 20
513 4480 542 4532 τὸ
561 4483 644 4549 μέσως
663 4481 805 4535 Schwartz:
824 4487 861 4553 τῷ
881 4485 950 4552 μέσῳ
969 4484 1028 4536 libri
1048 4483 1108 4548 (<ο·ὐ>
1126 4489 1164 4534 τῶ
1184 4484 1252 4551 μέσῳ
1272 4483 1323 4546 (τὸ)
1342 4482 1369 4534 εὖ
1389 4504 1422 4552 μ,
1442 4484 1505 4536 ἀλλὰ
1523 4487 1561 4553 τῷ

201 4571 273 4642 ἀκριρ
293 4572 362 4623 coni.
381 4572 438 4637 Sp.)
543 4569 581 4637 τῷ
599 4569 685 4638 ἄκρως
703 4570 737 4621 13²³
757 4570 841 4623 vict?
861 4572 899 4623 M¹
1011 4565 1080 4638 οὐδ’]
1106 4566 1199 4621 άλλά
1306 4572 1340 4640 μἰγ
1365 4571 1394 4640 δὴ
1414 4590 1441 4623 a:
1465 4573 1510 4639 μὲν
1528 4573 1559 4642 δη

201 4661 244 4726 Sp.
337 4656 370 4710 22
388 4658 433 4714 τὰς
451 4673 471 4709 s.
487 4661 551 4708 Ν
652 4658 684 4710 23
705 4660 721 4710 ἂ
739 4662 821 4726 μέσως
840 4677 866 4710 a:
886 4659 987 4727 ἀμέσως
1005 4661 1078 4709 FLM
1179 4658 1212 4709 24
1232 4658 1330 4729 ἄκρων]
1350 4659 1514 4728 ἄκρονεὸρ.

202 4744 292 4816 ἀκρον]
321 4745 409 4814 ἄκρων
432 4746 468 4794 V¹
492 4749 567 4809 (corr.
592 4748 637 4808 Ψ)
664 4765 680 4797 a
792 4745 824 4798 26
852 4745 941 4797 ταυτὸν
964 4746 1024 4797 εἶναι
1043 4765 1058 4796 υ
1076 4749 1120 4812 Sp.
1220 4746 1263 4797 alt.
1285 4747 1345 4798 εἶναι
1364 4761 1414 4798 om.
1434 4766 1449 4798 a
1468 4751 1511 4814 Sp.

200 4832 231 4885 31
252 4831 340 4901 αδτδς]
359 4840 410 4889 τοῖς
424 4832 489 4886 8111ι
509 4832 545 4889 υίς
557 4832 604 4885 δ”·ἀ
694 4833 736 4885 31.
756 4832 788 4884 32
809 4833 833 4884 ἐν
851 4836 889 4902 τῷ
903 4831 962 4904 11ερὶ
981 4832 1132 4904 αίσδησεως]
1155 4834 1189 4885 De
1209 4849 1286 4885 sensu
1311 4849 1331 4885 c.
1346 4834 1370 4884 ί.
1389 4835 1501 4886 111ῠ11

201 4919 234 4973 34
257 4919 316 4974 οὐδὲ
335 4919 406 4974 V‘B:
427 4918 498 4973 οὐδὲν
519 4920 575 4972 V¹F
594 4937 610 4971 ε
628 4922 673 4987 Sp.
