3540 5610
201 249 263 313 104
681 243 834 303 ΑΠΟΡΙΩΝ
855 245 915 301 ΚΑΙ
932 243 1066 302 ΛΥΣΕΩΝ

252 424 296 504 τῷ
319 419 454 503 ἀπείρους
476 418 527 487 τάς
549 420 644 507 ἀρχὰς
666 416 866 501 ὑποτιθεμένῳ
896 419 984 487 εὐθὺς
1005 419 1110 487 ταύτας
1131 418 1267 504 ἀλλήλων
1289 420 1433 484 ἅπτεσθαι
1456 418 1501 482 λέ·

252 545 311 604 γειν
334 523 381 585 καὶ
404 522 493 605 μηδὲν
514 522 608 586 αὐτῶν
632 524 704 587 εἶναι
730 521 848 605 μεταξύ·
878 544 898 583 ν
920 544 940 582 ε
963 544 983 583 κ
1005 521 1101 605 γίνοιτ’
1130 520 1163 585 ἀν
1194 523 1286 592 οὕτως
1313 529 1364 587 τοῦ
1387 523 1421 587 ἐκ
1445 527 1503 585 τῶν

254 624 380 708 ἀπείρων
408 625 619 707 συντιθεμένων
648 625 797 709 γινομένου
828 624 948 708 ἀπείρου
979 629 1075 706 μεῖζον
1103 626 1135 687 τὸ
1165 623 1199 688 ἔκ
1225 649 1256 689 τε
1282 631 1340 689 τῶν
1371 625 1500 708 ἀπείρων

253 727 354 811 ἀρχῶν
382 729 430 790 καὶ
457 727 490 790 ἐκ
516 733 574 790 τῶν
602 729 707 811 μεταξὺ
735 728 828 791 αὐτῶν
857 728 1051 810 συγκείμενον.
1096 728 1138 791 ότι
1161 729 1193 791 δέ
1215 729 1305 792 πλείω
1333 730 1369 792 τὰ
1396 727 1543 811 ἀπειραεν

219 852 233 898 5
257 831 331 892 κατά
352 830 418 900 τοὺς
434 833 568 914 ἀπείρους
590 832 639 901 τάς
663 831 756 916 ἀρχάς
776 830 918 912 λέγοντας,
941 832 989 893 καὶ
1011 831 1045 894 ἐκ
1066 831 1175 894 τούτων
1198 834 1349 916 γνώριμον.
1386 830 1502 912 λέγουσι

254 934 306 1016 μὲν
328 933 381 1015 γάρ
404 933 470 1001 τοὺς
492 933 620 1017 κόσμους
642 935 789 1018 ἀπείρους,
812 934 920 997 τούτων
947 936 978 996 δὲ
1002 935 1028 997 εί
1054 936 1105 1017 μὲν
1133 935 1180 997 καὶ
1204 935 1324 1004 ἕκαστος
1351 935 1449 999 αὐτῶν
1471 933 1502 1001 ἐξ

255 1037 380 1120 ἀπείρων
409 1037 509 1121 ἀρχῶν
537 1038 598 1100 ἐστι
626 1039 821 1120 συγκείμενος,
849 1038 998 1120 ἀπειράκις
1025 1035 1129 1120 ἄπειρα
1156 1038 1191 1100 τά
1218 1036 1323 1122 ἄπειρα
1346 1039 1543 1120 ἀναγκαῖονεσ

253 1138 336 1211 εἶναι,
359 1140 483 1224 ἑκάστης
506 1141 563 1224 ἰδία
589 1147 641 1224 τῆς
663 1141 759 1226 ἀρχῆς
780 1145 837 1202 τῶν
862 1139 865 1223 l
890 1140 920 1203 ἐν
944 1144 1003 1208 τοῖς
1025 1140 1152 1224 ἀπείροις
1176 1139 1295 1224 κόσμοις
1317 1141 1389 1225 πρὸς
1411 1142 1475 1204 ἑκά·
1497 1146 1554 1203 2⁰⁰

254 1263 323 1324 στην
347 1241 463 1325 ἀπειρόν
487 1243 611 1326 μέγεθος
637 1245 776 1328 ποιούσης
803 1244 833 1306 ἐν
855 1266 892 1326 τη
921 1244 992 1326 πρὸς
1015 1243 1159 1325 ἀλλήλους
1186 1247 1224 1325 τῇ
1251 1243 1325 1305 κατά
1347 1243 1413 1326 μίαν
1438 1243 1500 1307 σύν·

204 1366 235 1413 10
253 1344 350 1417 θεσιν,
378 1343 409 1406 εί
426 1369 458 1426 γε
481 1344 599 1430 ἀπειρόν
626 1347 780 1429 ἀναγκαῖον
807 1345 879 1408 εἶναι
906 1346 938 1407 τὸ
966 1345 995 1414 ἐξ
1018 1345 1143 1429 ἀπείρων
1173 1344 1297 1429 μέγεθός
1322 1369 1348 1408 τι
1371 1345 1502 1431 ἐχόντων

255 1449 447 1530 σύγκειμενον.
494 1448 519 1511 εἰ
542 1449 628 1511 δὲέκ
655 1448 880 1531 πεπερασμένων
904 1446 950 1523 όν,
978 1449 1148 1516 τοσαυτάκις
1173 1446 1277 1531 ἄπειρα
1302 1446 1339 1510 τά
1361 1446 1445 1520 ὄντα,
1472 1447 1503 1516 le
1530 1463 1545 1504 υ

255 1550 332 1614 όσων
355 1550 476 1618 έκαστος
497 1550 605 1633 κόσμος
621 1551 847 1636 πεπερασμένων
871 1550 1023 1634 στοιχείων
1046 1550 1132 1612 ἐστίν.
1166 1550 1192 1612 εἰ
1215 1551 1247 1613 δὲ
1269 1553 1370 1615 καὶτὸ
1395 1551 1502 1633 μεταξὺ

254 1654 336 1717 κενόν
359 1654 634 1737 συγκαταριθμοῖτο,
661 1655 735 1718 πολὺ
759 1659 857 1737 μεῖζον
885 1654 920 1717 ἀν
943 1653 1007 1738 ἔχοι
1034 1655 1065 1716 τό
1088 1653 1235 1735 γινόμενον
1261 1653 1374 1736 γίνοιτο.
1420 1655 1447 1716 εἰ
1470 1653 1504 1717 δέ

255 1761 345 1819 ταῦτα
367 1758 517 1841 παράλογα
543 1759 591 1820 καὶ
614 1759 830 1843 ὑπερβάλλοντα
853 1761 948 1820 πάσαν
971 1757 1107 1833 ἀτοπίαν,
1136 1758 1224 1836 δῆλον
1248 1757 1306 1840 [δ’]
1329 1761 1370 1827 ὡς
1392 1757 1502 1826 ἄτοπος
1517 1772 1545 1815 ιο

205 1880 234 1929 15
255 1862 274 1944 ἡ
295 1865 347 1942 τῆς
368 1861 499 1942 ἀπειρίας
514 1859 660 1928 ὑπόθεσις.
695 1861 731 1944 ἧς
754 1859 899 1944 ἑπομένης
921 1861 968 1921 καὶ
984 1865 1042 1927 τοῖς
1065 1863 1121 1921 πᾶν
1143 1860 1176 1922 τὸ
1192 1859 1407 1943 πεπερασμένον
1425 1862 1505 1945 παρὰ

254 1965 287 2028 τὸ
310 1963 394 2032 ἐκτός
415 1963 559 2046 περαίνειν
581 1963 695 2044 λέγουσι
718 1963 765 2025 καὶ
788 1968 847 2030 τοῖς
870 1961 994 2030 ἀξιοῦσιν
1015 1959 1149 2023 ἐκτείνειν
1173 1960 1315 2025 δύνασθαί
1334 1986 1360 2025 τι
1383 1963 1431 2025 τὸν
1455 1963 1504 2026 ἐπὶ

253 2071 304 2130 τοῦ
328 2067 449 2151 πέρατος
470 2065 622 2149 γενόμενον
637 2065 771 2129 ἐπέκεινα
793 2067 841 2128 καὶ
863 2063 919 2133 ἔξω
942 2068 992 2127 τοῦ
1015 2063 1147 2148 πέρατος,
1170 2066 1257 2147 δῆλον
1280 2067 1321 2134 ὡς
1342 2066 1392 2128 καὶ
1414 2069 1507 2128 ταῦτα
1521 2081 1548 2123 ιε

255 2170 385 2255 ένέχοιτο
414 2169 447 2232 ἀν
474 2175 533 2239 τοῖς
564 2169 683 2238 ἀτόποις
711 2172 770 2238 τοῖς
801 2167 1028 2253 προειρημένοις.
1078 2169 1122 2229 διὸ
1150 2168 1227 2231 λύειν
1253 2167 1327 2231 αύτὰ
1353 2169 1505 2253 πειρατέον

254 2272 333 2357 [οὐκ]
362 2275 420 2337 ἀπὸ
447 2279 499 2357 τῆς
524 2273 622 2341 οὐσίας
649 2272 745 2335 αὐτῶν
772 2273 824 2354 τὴν
854 2271 949 2356 ἀρχὴν
976 2271 1188 2354 λαμβάνοντας,
1216 2270 1269 2334 ούκ
1297 2271 1355 2335 ἀπὸ
1385 2277 1437 2356 τῆς
1460 2273 1503 2336 αἰ·

203 2396 236 2443 ‘20
255 2377 392 2460 σθήσεως
418 2381 470 2460 τῆς
497 2378 586 2460 μηδὲν
615 2377 655 2444 εἰς
682 2377 733 2459 τὴν
757 2380 860 2458 γνῶσιν
888 2374 984 2437 αὐτῶν
1012 2375 1213 2458 συντελούσης.
1258 2375 1284 2438 εἰ
1308 2377 1359 2460 μέν
1385 2374 1436 2438 οὖν
1460 2380 1504 2461 τῷ
1519 2392 1549 2434 εν

255 2480 464 2564 πεπερασμένη)
492 2482 523 2542 τό
550 2479 621 2542 εἷναι
650 2479 861 2563 πεπερασμένῳ
889 2478 965 2541 ἐστὶν
993 2477 1021 2539 έν
1048 2481 1093 2561 τῷ
1122 2478 1298 2559 θεωρεῖσθαι
1325 2477 1392 2563 παρ’
1420 2477 1505 2554 ἄλλο,

255 2583 363 2665 λέγοιεν
376 2582 422 2666 (ἀν
439 2582 477 2667 rr>
487 2584 513 2645 οἱ
529 2583 659 2651 ἐναντίοι,
676 2582 819 2651 ἀξιοῦντες
834 2583 939 2649 παντὸς
955 2580 1175 2663 πεπερασμένου
1190 2580 1273 2651 ἐκτός
1289 2583 1415 2666 ύφειλειν
1432 2582 1508 2646 εἶναί

256 2710 282 2748 τι
298 2686 366 2771 παρ’
388 2686 403 2748 ὃ
419 2689 553 2769 περαῖνον
575 2687 715 2769 φαίνεται,
738 2686 769 2750 εί
786 2685 819 2768 γέ
834 2685 910 2748 ἐστιν
928 2686 957 2747 ἐν
973 2684 1067 2768 τούτῳ
1082 2689 1124 2767 τῷ
1141 2685 1350 2770 πεπερασμένῳ
1368 2686 1400 2748 τό
1416 2683 1505 2748 εἶναι·

255 2790 281 2851 εἰ
303 2789 335 2852 δέ
358 2790 416 2852 ἐστι
440 2788 656 2873 πεπερασμένον
683 2791 716 2852 τὸ
743 2789 832 2873 πέρας
859 2787 928 2872 ἔχον
951 2789 998 2850 καὶ
1022 2790 1054 2850 τό
1079 2787 1082 2870 l
1108 2786 1223 2850 οἷόντε
1248 2789 1290 2857 εἰς
1319 2788 1367 2853 ίσα
1388 2791 1548 2874 διαιρεῖ-νδ

202 2913 234 2960 ‘25
255 2895 324 2958 σθαι
346 2894 394 2956 καὶ
416 2894 449 2957 τό
471 2894 505 2956 ἐκ
527 2894 751 2977 πεπερασμένων
780 2897 876 2983 μερῶν
900 2892 1096 2974 συγκείμενον,
1126 2894 1165 2954 ὧν
1189 2893 1284 2956 οὐδενὶ
1306 2895 1339 2957 τό
1362 2893 1433 2957 εἶναι
1456 2895 1487 2957 ἐν
1511 2899 1560 2956 201

255 3000 298 3080 τῷ
325 2997 407 3065 ἐκτός
433 2994 512 3080 ἔχειν
538 2995 626 3059 αὐτοῦ
649 3020 689 3079 τι,
717 2998 743 3058 οἱ
770 2996 964 3080 λαμβάνοντες
990 3000 1046 3058 πᾶν
1072 2997 1104 3058 τό
1132 2997 1347 3081 πεπερασμένον
1376 3000 1456 3082 παρά
1477 3021 1504 3060 τι

256 3100 397 3182 περαίνειν
420 3098 454 3162 ού
477 3104 535 3161 τῶν
558 3100 588 3161 έν
610 3105 647 3182 τῇ
670 3099 754 3182 οὐσία
780 3103 830 3162 τού
854 3098 1072 3181 πεπερασμένου
1094 3100 1310 3184 περιεχομένων
1332 3103 1507 3186 λαμβάνοιεν
1534 3118 1548 3160 ε

255 3202 289 3265 ἀν
316 3227 356 3278 τι,
389 3204 464 3265 ἀλλά
487 3227 512 3265 τι
540 3204 722 3288 συμβεβηκός
748 3202 871 3278 τούτοις,
906 3202 949 3270 οἷς
976 3206 1025 3264 τοῦ
1054 3204 1160 3271 παντὸς
1187 3203 1301 3286 μέρεσιν
1324 3206 1450 3290 ὑπάρχει
1472 3208 1506 3269 τὸ

256 3308 444 3390 πεπεράνθαι.
490 3307 599 3375 τούτοις
620 3307 674 3390 γάρ
697 3308 877 3391 ὑπάρχοντος
902 3309 952 3367 τοῦ
981 3303 1048 3390 παρ’
1076 3305 1147 3369 ἄλλο
1174 3307 1314 3390 ὁρᾶσθαι,
1341 3307 1376 3370 ού
1402 3308 1449 3372 διά
1473 3310 1506 3371 τὸ

204 3428 238 3476 3ο
256 3411 446 3495 πεπεράνθαι.
470 3409 543 3472 ἀλλά
567 3410 668 3473 διὰτὸ
693 3411 806 3495 μέρεσιν
823 3413 874 3472 τού
897 3411 1001 3477 παντός
1024 3409 1106 3483 εἶναι,
1129 3410 1204 3479 ἀξιοῖ
1224 3414 1309 3473 τοῦτο
1332 3413 1507 3497 μεταφέρειν
1522 3429 1550 3472 ιο

256 3514 304 3575 καὶ
332 3513 378 3574 ἐπὶ
405 3514 437 3575 τό
466 3517 506 3581 ὡς
534 3517 590 3575 πᾶν
618 3513 849 3596 πεπερασμένον,
881 3512 977 3594 μόνοις
1003 3519 1061 3581 τοῖς
1089 3517 1129 3581 ὡς
1156 3513 1255 3597 μέρεσι
1277 3516 1506 3597 πεπερασμένοις

256 3616 357 3678 τούτου
380 3616 609 3699 παρακολουθεῖν
632 3618 805 3699 δυναμένου,
833 3615 889 3700 οὐχ
911 3610 931 3699 ᾗ
956 3616 1170 3700 πεπερασμένα,
1194 3615 1254 3679 ἀλλ’
1280 3612 1302 3700 ᾗ
1328 3617 1412 3702 μέρη.
1456 3620 1508 3683 καὶ

203 3804 219 3855 2
239 3806 337 3858 excidit
354 3805 405 3857 lale
425 3805 486 3871 quill
505 3805 527 3856 εί
545 3805 590 3876 γὰρ
609 3805 720 3857 λείπεταί
737 3824 760 3857 τι
779 3804 881 3872 μεταξύ,
900 3805 955 3871 (καὶ
973 3803 1058 3873 γίνοιτ’
1078 3805 1158 3869 Vicl.)
1282 3806 1298 3857 7
1323 3805 1375 3859 έστι
1397 3806 1562 3876 συγκείμενος

204 3895 262 3959 Sp.:
282 3893 483 3961 έπισυγκείμενον
502 3893 561 3944 libri
651 3891 797 3961 ἀναγκαῖον]
817 3894 913 3962 ἀνάγκη
933 3910 949 3943 ιι
967 3894 1010 3958 Sp.
1100 3893 1116 3944 8
1136 3893 1244 3963 ἑκάστης
1263 3892 1311 3963 bb
1329 3895 1387 3961 Sp.:
1406 3894 1503 3965 ἑκάστη
1522 3894 1562 3948 διὰ

204 3980 272 4043 libri,
291 3980 335 4031 sed
351 3980 414 4031 Gin
434 3995 499 4047 mg.:
520 3980 625 4050 ἑκάστης
644 3981 723 4052 ἀρχῆς
812 3981 936 4052 ‘lrrlbrf¹
957 3986 1103 4046 suspectum
1193 3979 1218 4033 9.
1235 3981 1266 4033 10
1283 3981 1393 4033 sortasse
1411 3980 1527 4036 συνθέσει

207 4067 235 4117 ll
266 4065 293 4118 ύν
312 4067 391 4118 viel:
421 4066 457 4118 ὧν
483 4067 542 4119 libri
656 4068 686 4118 12
715 4068 899 4137 πεπερασμένος
921 4083 937 4118 ε
960 4069 1003 4133 Sp.
1112 4066 1144 4119 13
1172 4065 1410 4140 συγκαταριθμοῖτο]
1434 4084 1472 4136 pr.
1498 4089 1515 4122 α
1533 4073 1562 4124 in

203 4154 242 4205 lit.
262 4157 286 4202 V
375 4154 440 4223 ἔχοι]
463 4155 522 4228 ἔχον
546 4158 600 4207 sive
623 4156 659 4207 ἔτι
683 4157 751 4207 coni.
771 4160 827 4221 Sp.:
852 4157 906 4208 ἐκεῖ
927 4155 1056 4208 Schwartz
1159 4157 1190 4207 14
1209 4155 1236 4207 δ’
1254 4156 1303 4208 del.
1321 4158 1366 4222 Sp.
1459 4157 1491 4208 16
1510 4164 1562 4216 τοῖς

205 4240 252 4295 Sla
270 4243 328 4308 Sp.:
348 4247 394 4309 τῆς
413 4244 489 4294 VS¹B
583 4242 612 4294 ill
632 4261 669 4311 pr.
689 4243 736 4296 οὒκ
756 4243 866 4295 de1.s²:
887 4258 936 4295 om.
960 4246 1004 4310 Sp.
1111 4243 1154 4294 all.
1175 4242 1222 4296 ούκ
1242 4244 1322 4295 lior:
1351 4242 1407 4295 ἀλλ’
1425 4244 1486 4297 libri

205 4329 234 4379 21
266 4329 327 4381 εἶναι
346 4330 570 4399 πεπερατμένονΒ
695 4330 728 4381 22
747 4330 840 4400 λέγοιεν
858 4331 899 4393 (ἄν
918 4335 952 4394 τι)
971 4331 1075 4397 scripsi:
1100 4330 1185 4389 καλῶς
1203 4330 1296 4398 λέγοιεν
1316 4332 1394 4383 victa
1425 4331 1512 4389 καλῶς
1531 4332 1562 4384 ἀν

204 4414 297 4484 λέγοιεν
321 4419 364 4482 Sp.
507 4418 539 4469 23
569 4415 624 4488 παρ’
650 4418 663 4470 ὃ
688 4425 802 4488 περαῖνον
826 4423 860 4472 G:
890 4414 945 4486 παρ’
971 4417 984 4469 ὃ
1007 4418 1129 4490 περαίνειν
1153 4419 1220 4469 vict.
1244 4421 1301 4486 Sp.:
1331 4415 1387 4488 παρ’
1411 4417 1472 4489 ὅπερ
1496 4437 1561 4473 οινον

205 4503 295 4570 (supra
318 4522 341 4555 οι
364 4505 451 4570 litura)
471 4509 531 4558 VB:
560 4502 620 4576 παρ’
641 4504 767 4577 ύπεροινον
791 4517 867 4571 (orror
891 4509 917 4558 in
942 4506 990 4568 lit.)
1010 4510 1041 4558 F:
1071 4507 1248 4577 παροπέροινυν
1267 4510 1297 4559 S:
1330 4501 1390 4575 παρ’
1417 4505 1477 4578 όπερ
1500 4506 1562 4560 εἶναι

204 4590 287 4643 s²B²a
410 4592 452 4643 24.
472 4593 505 4645 25
524 4592 668 4663 διαιρεῖσθαι
689 4595 767 4646 lior:
787 4593 936 4662 διαιροῦνται
956 4595 1013 4645 libri
1139 4594 1172 4645 :25
1191 4594 1219 4644 τὸ
1238 4596 1296 4661 Sp.:
1316 4613 1339 4646 τι
1359 4594 1418 4646 libri

206 4678 238 4729 28
262 4696 285 4728 τι
305 4680 408 4746 scripsi:
437 4697 491 4730 τινα
511 4681 569 4733 libri
694 4683 803 4733 fortasse
822 4682 857 4737 οἷς
875 4681 932 4744 (ὡς)
1056 4681 1088 4731 29
1117 4680 1180 4732 ἄλλα
1203 4685 1247 4747 Sp.
1371 4683 1414 4732 καὶ
1437 4679 1467 4732 ου
1494 4681 1563 4734 θέοι.

205 4769 249 4830 sp.
368 4764 396 4816 τό
416 4769 522 4834 scripsi:
550 4772 624 4821 τοῦτο
644 4769 701 4820 libri
810 4768 844 4819 30
871 4768 910 4820 ὀια
929 4773 951 4818 v
1058 4768 1151 4826 ἀξιοῦσι
1175 4770 1241 4820 coni.
1261 4770 1305 4835 Sp.
1412 4768 1445 4821 32
1470 4763 1562 4841 άλληΙ

205 4855 260 4915 Sp.¹
281 4850 345 4902 ἀλλά
371 4854 429 4905 libri
