3540 5610
684 311 887 366 ALEXANDRI
911 314 954 366 DE
978 313 1086 366 An'lnA
1539 314 1556 376 'I

258 487 374 566 γεγονός
397 486 455 570 ἤδη
480 488 527 548 καῖ
551 491 592 555 ώς
613 485 815 568 τετελεσμένον
838 491 888 548 τοῦ
911 487 1040 568 γίνεσθαι
1064 487 1194 561 παύεται,
1218 491 1301 548 τοῦτο
1325 484 1506 569 ἡτελειότης
1521 502 1546 543 ιο
1578 570 1583 577 ἱ

258 587 364 650 αὐτοῦ·
388 589 509 652 παύεται
533 589 565 651 δὲ
587 592 638 650 τού
654 588 792 670 γίνεσθαι,
816 587 884 651 ὅταν
900 588 1070 672 ὁλοκλήρως
1093 589 1123 650 έν
1146 593 1190 673 τῷ
1206 589 1276 652 εἴύει
1297 589 1437 671 γένηται).
1460 588 1505 650 εὐ·
1528 651 1533 660 ,

259 690 356 770 λόγως
383 692 498 776 ἑκάστῳ
527 697 584 753 τών
614 692 758 774 σωμάτων
785 691 815 753 ἐν
843 694 887 774 τῷ
909 690 980 753 εἴδει
1008 693 1026 774 ἡ
1051 690 1195 773 τελειότης
1223 690 1256 755 ἂν
1285 691 1357 754 εἶναι
1383 691 1504 774 λέγοιτο.

259 792 336 855 ἀλλὰ
357 795 385 855 εἰ
408 794 482 857 κατὰ
504 795 537 856 τό
559 792 635 862 εἶδος
658 795 773 877 ἑκάστῳ
797 798 854 856 τών
877 816 909 855 τε
932 795 1005 857 κατὰ
1025 795 1130 880 τέχνην
1153 797 1340 858 συνεστώτων
1363 795 1410 857 καὶ
1432 794 1505 857 πολύ

228 896 401 978 οπρότερον
429 894 471 959 ἔτι
497 901 555 958 τών
583 896 656 958 κατὰ
682 896 767 979 φύσιν
794 897 827 958 τὸ
854 895 927 959 εἶναι
952 901 1036 960 τοῦτο
1064 897 1082 960 ό
1103 899 1179 974 ἐστι,
1210 899 1257 960 καὶ
1280 895 1355 960 τοῦτ’
1383 895 1458 959 ἔστιν
1486 897 1505 977 ἡ

261 1000 386 1061 ἑκάστου
401 999 557 1082 τελειότης,
580 999 628 1061 καὶ
648 998 862 1082 ἀντιστρέψαντι
885 999 995 1082 ἀληθὲς
1017 1001 1049 1062 τὸ
1072 997 1140 1062 καθ’
1162 1000 1178 1062 ὃ
1202 1001 1233 1063 τὸ
1249 999 1323 1062 εἶναί
1343 999 1418 1062 ἐστιν
1441 998 1505 1059 ἑκά-

259 1123 321 1185 στιρ
345 1107 402 1164 τών
426 1101 456 1170 ἐξ
479 1102 548 1186 ὕλης
572 1125 602 1164 τε
625 1102 672 1164 καῖ
697 1099 790 1170 εἴδους
812 1101 974 1177 συνθέτων,
996 1100 1073 1165 τοῦτ’
1101 1101 1225 1166 εἶναιτὸ
1249 1101 1323 1171 εἶδος
1345 1099 1434 1163 αὐτοῦ
1457 1101 1505 1162 καὶ

258 1205 310 1287 τὴν
334 1203 509 1286 τελειότητα.
1097 1279 1101 1290 ⁹

344 1304 388 1371 Οὐ
412 1306 499 1389 μόνον
527 1308 559 1370 δὲ
581 1307 659 1390 παρὰ
686 1312 736 1371 τοῦ
766 1307 861 1376 εἴδους
888 1306 921 1370 τό
948 1331 980 1370 τε
1006 1307 1077 1370 εἶναι
1104 1309 1220 1390 ἑκάστῳ
1246 1310 1294 1370 καὶ
1321 1308 1351 1369 αἱ
1378 1307 1449 1388 πρὸς
1469 1305 1505 1366 τὰ
1520 1321 1546 1362 ιτ)

217 1424 246 1467 1⁰
258 1408 334 1472 ἀλλα
355 1409 391 1472 τὰ
414 1408 482 1472 ὄντα
506 1412 653 1494 διαφοραί,
679 1411 753 1472 ἀλλὰ
776 1411 824 1472 καὶ
845 1411 875 1473 αἱ
899 1411 972 1473 κατὰ
1001 1412 1034 1473 τὸ
1057 1417 1148 1474 ποιεῖν
1175 1411 1275 1473 τεκαὶ
1299 1412 1420 1494 πάσχειν
1448 1411 1505 1472 ὃιοι·

258 1514 346 1596 φοραὶ
374 1517 434 1579 τοῖς
460 1515 576 1593 σώμασι
602 1513 724 1594 γίνονται
751 1513 825 1575 κατὰ
851 1513 887 1575 τὰ
914 1511 988 1595 εἴδη.
1032 1518 1169 1576 ποιοῦντα
1196 1513 1250 1596 γὰρ
1276 1514 1324 1575 καὶ
1353 1513 1505 1596 πάσχοντα

259 1615 337 1677 καθὸ
361 1616 484 1697 σώματα
506 1616 538 1677 τὸ
559 1614 626 1678 τόδε
649 1638 674 1677 τι
690 1619 782 1677 ποιεῖν
805 1616 851 1678 καὶ
874 1615 940 1678 τόδε
963 1639 989 1677 τι
1003 1616 1126 1700 πάσχειν
1150 1616 1227 1700 παρὰ
1249 1619 1299 1679 τοῦ
1315 1615 1408 1684 εἴδους
1431 1612 1502 1699 ἔχει.

259 1718 334 1780 κατὰ
356 1717 410 1801 γὰρ
432 1718 485 1799 τὴν
508 1715 570 1779 κατ’
599 1715 662 1800 εἴδη
686 1715 824 1800 διαφορὰν
851 1717 898 1778 καὶ
921 1717 1030 1780 τούτων
1053 1719 1197 1801 ἑκάτερον.
1242 1719 1356 1780 διὸκαὶ
1377 1715 1546 1798 εὐλόγωςυο

258 1819 372 1900 λέγεται
394 1820 427 1880 τὸ
451 1819 525 1881 κατὰ
547 1818 583 1881 τὰ
605 1820 748 1902 ἀσώματα
771 1825 861 1881 ποιεῖν
884 1822 985 1882 τεκαὶ
1008 1823 1132 1906 πάσχειν
1154 1821 1189 1882 τὰ
1212 1823 1343 1901 σώματα.
1388 1821 1430 1889 οἷς
1453 1823 1504 1904 μὲν

214 1937 242 1981 15
256 1919 306 1984 οὖν
324 1927 458 2006 φυσικοῖς
478 1924 609 2003 σώμασιν
633 1923 742 1984 ἁπλοῦν
764 1923 796 1984 τθ
812 1923 999 2006 ὑποκείμενον
1023 1921 1097 2006 (ἔστι
1120 1925 1152 1986 δέ
1168 1927 1252 1986 τοῦτο
1275 1947 1293 2004 τ,
1310 1925 1416 2006 κυρίως
1439 1923 1504 2005 ύλη,

258 2027 322 2108 ἥτις
344 2023 496 2087 ὑπόκειται
511 2029 570 2092 τοῖς
593 2025 695 2093 ἁπλοῖς
718 2047 748 2086 τε
764 2025 812 2087 καὶ
835 2029 960 2108 πρώτοις
983 2029 1124 2108 σώμασιν,
1146 2024 1312 2109 ἃστοιχεῖα
1335 2025 1503 2088 τῶνᾶλλων

259 2127 322 2190 ἐστὶ
344 2127 519 2211 σωμάτων),
547 2125 654 2187 τούτων
678 2125 788 2189 ἁπλοῦν
815 2128 917 2190 καὶτὸ
944 2127 1019 2197 εἶδος
1046 2129 1094 2191 καὶ
1121 2130 1140 2211 ἡ
1164 2128 1257 2212 φύσις.
1302 2128 1345 2190 διὸ
1369 2128 1416 2191 καὶ
1440 2132 1507 2209 μιοῖς

220 2249 224 2253 ·
256 2253 287 2292 τε
312 2230 359 2292 καὶ
382 2230 479 2310 ἁπλῆς
506 2229 646 2311 κινήσεως
668 2228 779 2297 τούτοις
805 2230 824 2311 ἡ
847 2230 931 2314 φύσις
954 2231 1039 2294 αἰτία.
1084 2232 1110 2293 εἰ
1132 2230 1185 2314 γὰρ
1208 2232 1227 2313 ἡ
1251 2230 1335 2314 φύσις
1363 2231 1441 2315 ἀρχὴ
1465 2254 1504 2292 κι-

258 2334 383 2416 νήσεως,
407 2330 454 2415 εἴη
477 2330 512 2393 ἂν
534 2331 581 2392 καὶ
604 2330 624 2412 ἡ
648 2329 727 2414 ἁπλῆ
749 2331 834 2415 φύσις
856 2333 951 2416 ἁπλῆς
973 2335 1051 2419 ἀρχὴ
1076 2336 1224 2417 κινήσεως.
1258 2335 1277 2416 ἡ
1301 2334 1333 2396 δὲ
1355 2335 1433 2417 ἁπλῆ
1457 2333 1504 2394 καὶ

212 2435 363 2519 νυκυρίως
387 2436 448 2515 μία.
493 2434 537 2496 διὸ
561 2433 579 2515 ᾖ
602 2432 663 2495 ἅνω
691 2456 716 2495 τι
738 2433 847 2496 τούτων
875 2434 961 2516 μόνον
984 2437 1003 2519 ἦ
1027 2439 1107 2499 κάτω
1131 2436 1217 2519 μόνον
1247 2435 1319 2497 κατὰ
1342 2435 1393 2516 τὴν
1417 2437 1504 2499 αὑτοῦ
1519 2452 1546 2494 ετ

256 2543 375 2601 κινεῖται
398 2536 492 2620 φύσιν.
530 2535 573 2603 οἷς
594 2534 620 2598 ‹3'
649 2534 748 2598 οὐκέθ’
770 2538 880 2600 ἁπλοῦν
903 2539 936 2600 τὸ
958 2543 1112 2624 προσεχώς
1128 2538 1326 2621 ὑποκείμενον,
1349 2536 1408 2600 ἀλλ’
1429 2537 1504 2602 ἔστιν

260 2641 318 2724 ἤδη
343 2624 430 2722 σώμά
453 2663 479 2700 τι
503 2640 551 2701 καὶ
571 2638 707 2700 σύνθετον
729 2638 801 2718 (πᾶν
823 2641 878 2724 γὰρ
901 2646 987 2724 σῶμα
1010 2641 1145 2705 σύνθετον
1166 2640 1372 2722 τοιούτον),’ἐν
1394 2641 1505 2712 τούτοις

260 2745 365 2807 καὶτὸ
388 2741 463 2810 εἶδος
486 2739 691 2824 ποικιλώτερόν
713 2742 806 2803 τεκαὶ
829 2742 1013 2825 τελειότερον,
1036 2744 1083 2806 καὶ
1107 2744 1224 2826 ἡφύσις
1245 2743 1354 2806 τούτων
1377 2745 1504 2828 τοιαύτη.

259 2849 308 2910 καὶ
330 2844 473 2926 εὐλόγως·
508 2847 639 2932 συντελεῖ
660 2846 713 2927 γάρ
739 2867 765 2906 τι
792 2845 864 2929 πρὸς
890 2845 923 2908 τὸ
951 2846 1058 2908 τούτων
1081 2845 1156 2914 εἶδος
1183 2846 1232 2909 καὶ
1257 2847 1290 2909 τὸ
1316 2845 1392 2915 εἶδος
1418 2848 1451 2910 τὸ
1474 2847 1503 2910 ἐν

204 3127 214 3177 1
245 3122 363 3185 παύεται]
388 3121 416 3171 in
434 3120 505 3171 einer
524 3120 624 3170 (irenze
644 3116 700 3185 [ist]
827 3120 841 3170 2
870 3117 1085 3187 ὅταν-γένηται]
1110 3136 1182 3171 wenn
1202 3120 1256 3172 sich
1277 3121 1318 3172 die
1338 3120 1412 3172 Form
1432 3122 1495 3173 dher
1512 3122 1558 3174 das

201 3211 292 3264 Ganze
311 3207 414 3260 vertedt
519 3206 587 3257 4-5
615 3211 666 3257 τῶν
685 3224 712 3257 τε
730 3206 795 3256 κατὰ
813 3206 1036 3275 τέχνην-φύσιν]
1060 3208 1104 3258 der
1123 3208 1229 3274 Kdrper,
1248 3207 1325 3260 deren
1344 3208 1459 3260 Bestand
1478 3209 1557 3261 durch

201 3332 243 3385 die
262 3333 351 3383 Kunst
369 3302 422 3382 und
440 3301 483 3382 υιύ
501 3300 654 3382 ἰυτειυίθεύ
673 3329 714 3381 die
736 3327 899 3379 natfirliehen
919 3328 1019 3395 Κὸτμετ
1037 3301 1153 3383 οεοιιπύῑ
1171 3329 1280 3381 werden.
1315 3326 1347 3394 [P
1366 3333 1392 3380 et
1411 3345 1427 3396 p
1447 3330 1473 3380 in
1493 3345 1556 3398 mg.:

202 3419 236 3471 Es
259 3421 360 3487 spricht
378 3419 482 3471 Samuel
505 3418 549 3471 der
567 3418 745 3470 Uebersetzer:
774 3416 813 3467 ieh
840 3414 923 3467 wollte
946 3415 987 3467 die
1010 3418 1025 3467 4
1050 3418 1233 3469 bezeichneten
1253 3416 1354 3468 Wdrter
1378 3420 1462 3469 τούτου
1485 3418 1558 3470 nicht

202 3507 356 3576 geschaffen.
395 3506 436 3558 Ich
456 3507 527 3558 kann
547 3504 614 3557 mich
634 3506 662 3555 in
681 3503 769 3554 keiner
789 3502 876 3554 Weise
900 3502 963 3554 fiber
982 3503 1028 3554 des
1048 3503 1232 3555 Verstdndniss
1251 3503 1386 3556 desselben
1406 3505 1557 3572 beruhigen.

203 3595 271 3647 dher
296 3610 324 3646 eo
343 3593 406 3645 fnnd
425 3594 465 3645 ich
492 3593 544 3644 und
567 3608 595 3643 so
614 3591 680 3642 habe
702 3590 743 3641 ich
763 3590 889 3657 gelassen.
926 3591 985 3641 Man
1004 3589 1101 3642 kdnnte
1124 3591 1189 3641 auch
1214 3591 1260 3642 das
1280 3591 1356 3643 Wort
1383 3591 1436 3653 „sie
1455 3592 1556 3643 werden

202 3686 333 3747 αττεμπτ*
363 3681 527 3733 fibersetzen:
557 3681 609 3741 „sie
628 3679 727 3730 werden
752 3678 982 3745 herensgebracht“
1008 3678 1068 3730 oden¹
1089 3678 1141 3737 „sie
1166 3678 1292 3729 werden“.
1329 3678 1370 3729 leh
1400 3679 1500 3730 mdchte
1528 3679 1557 3731 in

202 3769 291 3821 keiner
310 3769 398 3820 Weise
414 3767 595 3832 entecheiden]
722 3765 793 3816 ss‘td
813 3764 884 3833 εἶναι]
905 3765 950 3816 des
972 3764 1056 3815 Etwas
1075 3766 1131 3816 sein
1257 3768 1271 3813 θ
1300 3764 1374 3816 τότε
1394 3764 1465 3833 εἶναι]
1487 3767 1557 3819 sedne
1616 3810 1621 3821 .

202 3856 352 3918 Qualitet
447 3853 548 3906 11-13
567 3852 850 3924 ποιοῦντα-ἑκάτερον]
870 3853 945 3904 θευιι
964 3853 998 3903 im
1018 3852 1096 3903 Thnn
1114 3851 1168 3902 und
1187 3851 1285 3903 Leiden
1304 3851 1348 3903 der
1367 3852 1466 3920 Κότρυτ
1484 3854 1563 3906 κίτλν

202 3944 286 3995 dieser
304 3958 334 4001 so
355 3944 400 3996 der
417 3944 512 3996 andere
532 3943 609 3995 leidet
628 3957 657 3994 so
676 3955 727 3992 von
746 3939 833 3992 Seiten
853 3939 937 3990 seiner
956 3939 1045 4002 Form,
1069 3938 1124 3990 weil
1140 3938 1214 4008 jedes
1237 3953 1289 3990 von
1312 3938 1401 3991 diesen
1421 3940 1514 3992 beiden
1530 3942 1541 4010 j

202 4031 267 4082 nach
287 4030 332 4082 der
352 4030 580 4083 Verschiedenheit
599 4029 642 4081 der
660 4028 736 4080 Ferm
756 4026 900 4077 stantindee
1009 4027 1118 4077 17—13
1142 4031 1199 4091 μιᾶς
1217 4045 1243 4076 τε
1263 4025 1305 4076 καὶ
1324 4025 1405 4095 ἁπλῆς
1423 4027 1556 4096 κινήσεως]

204 4117 244 4168 ίιῖτ
262 4120 321 4170 eine
341 4118 457 4170 einfacbe
477 4118 624 4185 Bewegung
728 4114 757 4165 19
777 4113 814 4178 δὲ]
835 4114 887 4164 und
989 4115 1017 4164 21
1040 4113 1069 4165 τὸ
1088 4118 1219 4185 προστχώς
1237 4112 1412 4181 ὑποκείμενον]
1432 4115 1476 4165 der
1495 4115 1556 4166 Τιτι-

201 4221 254 4271 ger,
273 4202 412 4273 [αἰπολίου]
432 4206 465 4256 im
486 4205 576 4270 Range
595 4204 640 4255 des
659 4203 778 4269 'fregere
797 4201 841 4252 der
859 4201 1009 4252 anndhernd
1029 4217 1057 4253 so
1076 4205 1193 4268 genennt
1211 4199 1272 4251 wird
1388 4199 1421 4251 22>
1440 4200 1488 4269 ἤδη
1507 4217 1557 4253 em.

203 4291 306 4343 22:23
327 4288 666 4361 τοιοῦτον-ποικιλώτερον]
687 4289 728 4341 die
742 4288 857 4351 Qualitnt
874 4288 946 4340 eines
961 4288 1109 4355 derenigen
1126 4292 1204 4339 unter
1222 4287 1271 4340 den
1285 4288 1403 4355 Κύιρυιπ
1421 4288 1456 4340 λετ
1475 4289 1556 4340 mehr·

201 4378 324 4447 geetaltig

204 4638 282 4709 Ιῆὐτρ
302 4638 337 4689 V:
356 4637 445 4707 τῖδηο
521 4638 612 4691 ‘leden
631 4655 658 4689 a:
677 4635 770 4704 2an
853 4634 936 4704 θτφῖ]
956 4654 993 4686 τω
1013 4637 1041 4687 in
1060 4635 1098 4687 lit.
1119 4637 1140 4688 V
1216 4634 1387 4687 4·έκαστωκ
1464 4635 1479 4683 θ
1499 4634 1556 4685 ἑκά-

201 4742 251 4778 στω
270 4743 286 4778 a
366 4728 382 4776 θ
404 4721 457 4783 ,ότι
469 4726 535 4778 κατὰ
547 4726 578 4777 τὰ
590 4722 714 4790 ἀσώματα
727 4729 792 4774 ποιεῖ
803 4724 846 4774 καὶ
859 4725 948 4793 πάσχει
960 4724 991 4775 τὰ
1005 4722 1135 4790 σώματα.“
1166 4722 1195 4775 ου
1208 4722 1268 4789 (sie)
1283 4719 1357 4788 μόνον
1370 4721 1404 4772 V:
1426 4718 1479 4783 „dte
1491 4722 1557 4772 κατὰ

201 4815 231 4865 τὰ
247 4812 374 4881 ἀσώματα
392 4818 469 4864 ποιεῖν
488 4813 531 4864 καὶ
552 4813 679 4884 πάσχιιν.“
710 4809 739 4861 οὐ
758 4810 869 4878 μόνυνε
953 4811 980 4861 ll
1002 4808 1121 4877 γίνονται]
1141 4828 1196 4861 νται
1215 4811 1243 4861 in
1261 4810 1299 4861 lit.
1320 4809 1340 4860 V
1426 4808 1461 4860 20
1479 4808 1556 4860 αὐτοῦ

201 4902 309 4969 scripsi:
329 4897 408 4954 αὐτοῦ
428 4899 467 4952 Va
560 4897 593 4951 22
612 4898 657 4969 γὰρ
677 4913 754 4966 ευριπ
773 4897 908 4952 lineamV
999 4898 1032 4950 24
1050 4896 1113 4970 πρὸς
1129 4896 1158 4949 τὸ
1176 4889 1274 4950 τούτων
1293 4912 1320 4949 οι
1339 4895 1401 4967 πρὸς
1417 4893 1556 4947 τούτωνθ
