3540 5610
633 314 761 371 ΗΘΙΚΩΝ
781 314 1047 371 ΙΙΡΟΒΛΗΜΛΊῺΝ
1067 317 1169 369 28-κί)
1520 318 1580 381 159

275 489 368 573 μέθην
384 491 653 575 ἁμαρτανομένων),
677 491 696 554 ἁ
718 491 770 575 γάρ
787 492 877 554 αἰτίαν
900 489 963 574 ἔχει
983 497 1039 554 τῶν
1057 491 1301 575 ἁμαρτανομένων
1324 489 1470 574 [ἑκούσιόν
1492 512 1524 550 τε

274 595 321 658 καί
348 593 395 679 ἐφ’
423 594 516 677 ἡμῖν],
544 593 589 676 εἴη
613 593 646 656 ἀν
670 599 760 656 ταῦτα
785 595 834 656 καί
861 593 934 657 αὐτὰ
957 593 1076 656 ἑκούσιαί
1102 617 1133 655 τε
1161 595 1208 657 καί
1231 593 1277 676 ἐφ’
1304 595 1384 676 ἡμῖν.
1430 596 1470 660 ὡς
1493 592 1525 653 δὲ
1551 607 1565 647 ι’»

278 701 334 759 τῶν
357 697 436 780 παρὰ
458 698 510 779 τὴν
533 697 626 779 μέθην
650 697 849 779 ἀγνοουμένων
873 699 899 759 οἱ
923 697 1079 779 μεθύοντες
1100 695 1196 769 αἴτιοι,
1219 698 1311 765 ούτως
1333 698 1380 761 καί
1403 701 1461 758 τῶν
1484 692 1519 757 δι’

277 800 391 882 ἄγνοιαν
415 803 472 863 τῶν
496 802 594 862 καλῶν
622 821 653 861 τε
680 799 728 862 καὶ
753 800 884 883 αἰσχρῶν
911 799 1154 882 ἁμαρτανομένων
1184 802 1212 862 οἰ
1238 802 1406 882 ἀγνοοῦντες
1429 797 1524 870 αἴτιοι,

245 923 258 970 5
278 902 358 985 εἴγε
380 902 428 988 ἐρ’
449 905 518 986 ἡμῖν
542 903 561 985 ἡ
583 907 687 984 γνῶσις
708 906 766 966 τῶν
787 901 939 985 βελτιόνων
962 924 993 964 τε
1015 905 1063 965 καὶ
1086 902 1236 986 χειρόνων.
1270 904 1298 965 οἱ
1320 903 1373 986 γὰρ
1396 901 1432 964 δι’
1454 900 1522 982 ἀμέ-
1537 916 1564 958 1⁰

272 1011 351 1070 λειαν
375 1009 543 1088 ἀγνοοῦντες
571 1007 607 1069 τά
629 1028 662 1067 τε
689 1005 745 1066 ὑπὸ
773 1008 829 1066 τῶν
858 1003 954 1086 νόμων
982 1005 1128 1089 ὡρισμένα
1154 1008 1200 1069 καί
1228 1006 1262 1069 τά
1286 1007 1342 1068 ὑπὸ
1365 1012 1422 1068 τῶν
1445 1007 1523 1068 ἐπαι·

273 1110 418 1193 νουμένων
442 1110 554 1194 ἀνδρῶν
576 1107 711 1190 γινόμενα
734 1112 786 1190 τῆς
801 1107 915 1188 ἀγνοίας
937 1107 1035 1176 αύτοῖς
1057 1108 1152 1185 αίτιοι,
1175 1108 1252 1190 εἴγε
1276 1111 1306 1171 τό
1329 1109 1446 1190 ἀμελεῖν
1469 1105 1515 1190 ἐφ’

272 1213 350 1294 ἡμῖν.
400 1214 418 1295 ἡ
446 1212 499 1293 γὰρ
530 1216 588 1274 τῶν
615 1214 711 1273 καλῶν
741 1233 772 1273 τε
800 1211 848 1272 καὶ
879 1209 1086 1294 συμφερόντων
1115 1208 1215 1291 ἀγνοια
1246 1210 1373 1274 καθόλου
1403 1210 1437 1273 ού
1469 1213 1519 1271 τοῦ
1535 1225 1561 1266 ισ

272 1315 419 1389 ἀκουσίου,
443 1314 518 1376 ἀλλά
539 1320 592 1396 τὴς
615 1312 782 1398 μοχθηρίας
804 1313 889 1376 αἰτία.
934 1311 981 1396 ἐφ’
1002 1313 1045 1381 οἷς
1067 1313 1120 1396 γάρ
1144 1314 1169 1374 οἱ
1193 1313 1277 1397 ψόγοι
1299 1338 1330 1377 τε
1352 1316 1400 1377 καὶ
1422 1315 1452 1376 αἱ
1475 1335 1521 1375 κο·

227 1437 254 1483 10
271 1418 378 1491 λάσεις,
401 1422 490 1480 ταῦτα
506 1417 634 1489 ἑκούσια,
657 1415 705 1477 ἐπὶ
728 1415 761 1477 δὲ
780 1439 815 1498 τη
842 1421 898 1478 τῶν
915 1416 1050 1479 τοιούτων
1073 1417 1173 1500 ἀγνοίᾳ
1196 1417 1327 1501 ἀφίενταί
1348 1440 1379 1478 τε
1401 1418 1448 1478 καὶ
1472 1419 1519 1498 ζη·

269 1524 408 1600 μιοῦνται.
453 1516 511 1583 οὔτ’
540 1516 590 1581 οὖν
618 1522 708 1580 ταῦτα
735 1522 792 1580 τῶν
820 1519 1019 1600 ἀγνοουμένων
1048 1520 1169 1582 ἀκούσια
1197 1517 1263 1581 οὔτε
1286 1523 1342 1582 τῶν
1370 1520 1418 1603 βίη
1445 1518 1516 1600 γίνε-

271 1623 338 1685 σθαι
360 1621 535 1706 λεγομένων,
558 1620 625 1706 (ὧν)
647 1621 678 1683 ἐν
701 1622 770 1704 ἡμῖν
793 1623 811 1703 ἡ
836 1621 925 1705 ἀρχή.
969 1623 985 1685 ὁ
1008 1622 1062 1706 γάρ
1085 1620 1133 1706 ὑφ’
1162 1624 1270 1705 ἡδονῆς
1298 1621 1466 1706 βιαζόμενός
1488 1637 1560 1684 τενθ

269 1726 317 1787 καί
340 1727 515 1808 ἡττώμενος,
538 1724 569 1786 ἐν
586 1725 667 1808 αύτῷ
689 1724 741 1808 τὴν
763 1724 859 1808 ἀρχὴν
882 1722 960 1808 ἔχων
983 1730 1033 1787 τοῦ
1049 1725 1097 1787 ἐπὶ
1120 1732 1209 1789 ταῦτα
1231 1728 1381 1797 κινεῖσθαι,
1404 1724 1449 1809 <ἀ>
1471 1724 1518 1787 διά

267 1828 319 1909 τὴν
342 1829 449 1911 ἡδονὴν
473 1832 563 1898 ποιεῖ,
592 1827 646 1890 οὐκ
668 1825 775 1896 ἔξωθεν
803 1831 881 1889 ποιεῖ
906 1832 958 1909 τῆς
983 1828 1117 1911 τοιαύτης
1144 1827 1207 1911 βίας
1234 1828 1285 1910 τὴν
1312 1828 1403 1890 αἰτίαν
1428 1830 1518 1912 ζήσας

225 1949 251 1997 15
270 1931 427 2012 ἀνειμένως
449 1932 497 1993 καί
520 1931 567 1993 διὰ
589 1935 641 2012 τὴς
664 1935 721 1991 τῶν
744 1927 811 1993 καθ’
840 1928 948 1992 ἕκαστα
976 1930 1119 2014 ἐνεργείας
1141 1930 1242 1998 ἐθίσας
1264 1931 1350 1993 αὑτὸν
1374 1935 1518 2015 ἡττᾶσθαι
1531 1946 1559 1988 κο

266 2039 318 2115 τὴς
340 2035 463 2116 ἡδονὴς,
490 2031 571 2114 εἴγε
599 2033 647 2117 βία
669 2032 774 2113 γίνεται
802 2032 842 2094 ὧν
872 2033 994 2117 ἡάρχὴ
1021 2034 1069 2096 καί
1095 2035 1113 2115 ἡ
1143 2033 1218 2096 αἰτία
1242 2031 1373 2118 έξωίθεν,
1403 2035 1492 2118 μηδὲν
1515 2040 1570 2097 3116
1607 2044 1613 2054 ’

266 2137 352 2218 ἡμῶν
379 2138 450 2220 πρὸς
476 2135 511 2198 τά
539 2135 574 2199 δι’
603 2135 693 2219 αὐτὴν
720 2135 854 2217 γινόμενα
881 2135 1105 2207 συντελούντων,
1138 2138 1153 2198 ὁ
1181 2138 1213 2198 δὲ
1240 2137 1270 2198 ἐν
1298 2139 1378 2220 αύτῷ
1405 2160 1438 2218 γε
1464 2139 1516 2220 τὴν

266 2237 361 2321 ἀρχὴν
390 2243 440 2301 τοῦ
475 2240 608 2323 πράττειν
636 2237 714 2323 ἔχων
749 2238 767 2299 ἁ
795 2240 913 2321 πράττει
947 2240 993 2301 καὶ
1021 2243 1072 2300 τοῦ
1106 2240 1296 2323 βουλεύεσθαι
1322 2242 1386 2325 περὶ
1418 2239 1515 2303 αὐτῶν

265 2339 394 2406 ἐξουσίαν
417 2340 512 2425 ἔχων,
542 2340 626 2409 οὖτος
648 2340 701 2403 οὐκ
728 2338 792 2423 ἔχει
818 2347 876 2402 τῶν
903 2341 996 2408 οὕτως
1023 2342 1266 2424 ἁμαρτανομένων
1294 2343 1384 2424 βίαιον
1414 2345 1514 2408 αἰτίαν.
1543 2359 1557 2399 1

219 2459 248 2507 νο
266 2439 346 2510 ὄντος
368 2445 404 2525 δὴ
428 2447 469 2512 ὡς
491 2444 598 2528 ἐρρέθη
621 2445 760 2505 ἀκουσίου
784 2447 834 2504 τοῦ
857 2444 1067 2527 προειρημένου
1091 2446 1124 2507 τὸ
1147 2444 1277 2508 ἑκούσιον
1299 2446 1415 2528 γίνεται,
1438 2446 1472 2509 ού
1495 2449 1514 2530 ἡ

265 2546 343 2629 ἀρχὴ
367 2545 397 2607 ἐν
421 2550 489 2629 ἡμῖν
512 2546 619 2610 εἰδόσιν
642 2546 678 2607 τὰ
701 2544 767 2609 καθ’
790 2545 907 2619 ἕκαστα,
931 2547 996 2630 περὶ
1019 2546 1038 2608 ἀ
1061 2549 1079 2629 ἡ
1104 2548 1212 2630 πρᾶξις.
1258 2547 1401 2633 οὔτεγὰρ
1424 2550 1439 2611 ό
1462 2549 1514 2631 τὴν

265 2648 361 2732 ἀρχὴν
384 2672 415 2711 τε
437 2651 484 2711 καί
507 2650 599 2712 αἰτίαν
626 2653 683 2711 τῶν
706 2647 909 2732 πραττομένων
937 2647 1016 2733 ἔχων
1040 2650 1068 2711 ἐν
1092 2650 1173 2733 αύτῷ
1203 2651 1250 2733 βίᾳ
1273 2657 1363 2714 ταῦτα
1385 2654 1512 2736 πράττει,
1528 2669 1555 2710 ιο

264 2748 331 2813 οὔτε
353 2752 369 2813 ύ
391 2753 476 2820 εἰδὼς
499 2751 534 2813 τά
560 2750 627 2814 καθ’
655 2751 778 2829 ἕκαστοι,
806 2753 871 2835 περὶ
898 2752 987 2814 ἀκαί
1016 2749 1052 2814 δι’
1080 2753 1121 2813 ὧν
1148 2754 1167 2834 ἡ
1191 2753 1305 2836 πρᾶξις,
1333 2752 1368 2817 δι’
1397 2753 1514 2837 ἄγνοιαν

263 2853 336 2916 αύτά
358 2859 443 2927 ποιεῖ,
466 2855 543 2916 ὥστε
565 2854 591 2915 εἰ
613 2855 735 2917 ἀκούσια
758 2854 794 2915 τά
817 2855 864 2938 βία
888 2855 906 2936 ἡ
931 2851 965 2916 δι’
994 2854 1124 2935 ἀγνοιαν,
1148 2857 1188 2917 ὧν
1212 2857 1243 2918 δὲ
1265 2858 1469 2940 πραττομένων
1493 2859 1511 2942 ἡ

217 2975 245 3023 25
262 2957 341 3040 ἀρχή
370 2979 401 3018 τε
427 2955 456 3017 ἐν
484 2957 554 3038 ἡμῖν
583 2955 630 3017 καί
656 2957 822 3037 γνωρίζεται
850 2956 886 3018 τά
912 2955 981 3019 καθ’
1010 2957 1131 3032 έκαστα,
1160 2962 1249 3020 ταῦτα
1276 2958 1343 3022 οὔτε
1370 2961 1419 3045 βία
1446 2959 1513 3023 ούτε

263 3058 298 3122 δι’
326 3057 454 3141 ἀγνοιαν,
484 3055 546 3121 οὐδ’
575 3057 609 3121 ἀν
633 3058 755 3121 ἀκούσια
780 3057 842 3140 εἴη,
869 3059 895 3121 εἰ
921 3060 1016 3143 δὲμὴ
1040 3066 1138 3137 τοῦτο,
1166 3061 1293 3125 ἑκούσια.
1338 3065 1382 3125 διὸ
1406 3065 1453 3126 καί
1475 3064 1551 3126 τάισ

261 3162 308 3224 διὰ
330 3160 423 3244 θυμόν
450 3183 481 3224 τε
508 3162 557 3223 καί
579 3161 736 3244 ἐπιθυμίαν
763 3162 946 3245 πραττόμενα
974 3161 1102 3225 ἑκούσια.
1146 3163 1177 3226 ἐν
1205 3167 1275 3247 ἡμῖν
1302 3165 1355 3249 γάρ
1382 3169 1401 3250 ἡ
1430 3168 1509 3252 ἀρχὴ

261 3269 319 3326 τῶν
341 3269 442 3326 τοῦτον
463 3262 621 3346 γινομένων
651 3265 698 3327 τὸν
722 3263 836 3347 τρόπον.
882 3264 1000 3347 προσέτι
1022 3288 1054 3327 τε
1076 3264 1101 3327 εἰ
1128 3266 1163 3328 τὰ
1190 3267 1237 3330 ὃιά
1265 3273 1354 3331 ταῦτα
1376 3268 1512 3352 γινόμενα

261 3367 398 3439 ἀκούσια,
425 3365 508 3429 οὐδέν
532 3364 565 3428 ἄν
589 3364 655 3429 οὔτε
677 3372 735 3428 τῶν
758 3366 869 3447 ἀλόγων
898 3365 981 3451 ζῴων
1009 3367 1076 3431 οὔτε
1098 3375 1155 3431 τῖον
1179 3372 1299 3433 παιδίων
1321 3372 1464 3440 ἑκουσίως
1485 3395 1511 3433 τι
1525 3388 1553 3430 νυ

212 3487 243 3535 30
259 3474 349 3532 ποιοῖ·
381 3468 428 3531 διὰ
449 3469 503 3550 γάρ
526 3492 551 3531 τι
574 3467 682 3531 τούτων
711 3468 746 3530 τά
774 3469 909 3550 γινόμενα
935 3469 983 3532 ὑπ’
1012 3471 1106 3534 αὐτῶν
1134 3474 1241 3554 γίνεται
1269 3475 1371 3537 πάντα.
1417 3472 1458 3537 ἔτι
1480 3499 1511 3538 τε

258 3571 353 3636 πολλὰ
374 3573 423 3635 καί
444 3576 502 3633 τῶν
525 3574 621 3634 καλῶν
645 3569 691 3633 ὀιά
714 3576 803 3634 ταῦτα
824 3572 937 3653 γίνεται.
985 3571 1027 3635 έτι
1050 3572 1074 3635 δ’
1096 3575 1121 3636 εἰ
1145 3574 1251 3638 ἄτοπον
1274 3577 1396 3640 ἀκούσια
1419 3577 1510 3660 λέγειν

258 3676 294 3738 τὰ
315 3672 450 3757 γινόμενα
472 3673 546 3738 κατά
569 3672 653 3755 λόγον
675 3698 707 3737 τε
734 3677 782 3737 καί
804 3674 946 3757 εὐλόγως,
973 3676 1047 3738 κατὰ
1069 3676 1152 3757 λόγον
1181 3680 1213 3741 δὲ
1235 3680 1400 3763 όρεγύμεθά
1422 3704 1505 3744 τινων
1520 3698 1548 3739 νυ

259 3779 308 3842 καί
330 3775 508 3861 ὀργιζόμεθα
530 3798 615 3850 τισιν,
643 3778 696 3841 ούκ
719 3777 753 3840 ἀν
776 3777 821 3862 εἰη
845 3779 968 3842 ἀκούσια
995 3779 1029 3841 τὰ
1052 3779 1186 3863 γινόμενα
1215 3783 1262 3844 διά
1289 3787 1387 3845 ταῦτα.
1413 3782 1416 3868 1
1443 3785 1485 3846 όν·
1508 3794 1561 3850 307

257 3904 315 3942 των
344 3879 381 3963 δὴ
409 3881 524 3942 πάντων
547 3884 604 3942 τῶν
632 3880 724 3948 οὕτως
750 3881 906 3964 γινομένων
934 3883 1082 3956 ἑκουσίων,
1114 3888 1172 3945 τῶν
1196 3885 1335 3947 ἑκουσίων
1364 3893 1454 3951 ταῦτα
1477 3892 1509 3953 τὸ

210 4112 220 4163 1
234 4111 320 4183 amp]
331 4111 441 4164 fortasse
457 4109 534 4180 ἅπερ
617 4110 730 4164 ἑκούσιον
743 4111 847 4166 L²BS²a
860 4115 916 4180 Sp.:
936 4112 1053 4166 ἀκούσιον
1066 4116 1207 4168 VS¹FML¹
1292 4117 1313 4168 1.
1324 4116 1340 4169 2
1353 4119 1561 4191 ἑκούσιον-ἡμῖν

207 4199 253 4252 del.
270 4203 315 4265 Sp.
405 4197 535 4266 θρακαί
554 4196 660 4251 v²s²Ba
679 4203 737 4267 Spa
756 4201 772 4270 ἡ
793 4204 840 4252 V':
864 4201 879 4269 ἡ
899 4203 929 4255 8¹
1001 4202 1141 4254 ἀκούσιαυ
1213 4204 1257 4256 alt.
1277 4205 1517 4275 ἡμῖν]ἡ111111.11

208 4286 237 4338 12
255 4285 445 4356 λεγομένων]ω
465 4285 494 4337 in
513 4285 586 4337 lit.v
669 4286 705 4339 ὧν
725 4288 830 4340 add.B²
916 4289 946 4341 13
969 4288 1040 4360 αὐτῷ
1050 4295 1072 4341 V
1156 4291 1194 4354 (ἃ)
1213 4291 1252 4343 διὰ
1271 4295 1363 4361 scripsi
1449 4298 1478 4348 14
1497 4305 1562 4350 ποιεῖ

203 4380 263 4427 παῖε
281 4379 327 4444 τῆς
345 4389 425 4426 σηκε
443 4376 487 4441 Sp.
557 4374 666 4427 fortasse
685 4375 764 4427 αἰτίαν
784 4377 881 4450 <ἔχων>,
957 4379 995 4429 11.
1011 4380 1042 4431 15
1065 4380 1140 4448 ζὴσας
1159 4381 1293 4448 ἀνειμένως
1306 4385 1392 4433 FML:
1413 4383 1520 4451 ζὴσασαν
1541 4385 1562 4436 εἰ

204 4461 350 4528 ww:
370 4461 446 4531 ζησας
464 4461 562 4529 ἀνειρέν
582 4461 617 4520 ὡς
629 4465 705 4515 8¹3¹:
729 4464 838 4534 ζητὴσας
856 4465 891 4522 ὡς
910 4465 992 4518 s²ss²a
1010 4468 1054 4532 Sp.
1154 4468 1183 4518 16
1204 4468 1243 4535 βία
1263 4473 1285 4518 V
1380 4470 1561 4540 16.11μηὸἐν

202 4550 246 4616 μὲν
264 4549 340 4619 ἡμῶν
360 4550 429 4601 Vict.
509 4549 539 4600 17
558 4549 629 4618 αύτηῖ
649 4555 672 4600 V
752 4554 782 4604 ἰθ
800 4572 827 4605 τε
847 4555 890 4605 καί
907 4571 924 4605 α
941 4556 985 4621 Sp.
1058 4553 1089 4605 21
1115 4555 1247 4608 εἰδυσινν
1319 4555 1376 4609 ούτε
1401 4558 1458 4628 γὰρ]
1483 4562 1559 4628 εγάρ

202 4637 229 4688 in
247 4635 287 4688 lit.
307 4641 331 4687 V
421 4635 454 4687 ‘22
482 4635 590 4706 αύτῷθ
681 4641 769 4704 ταῦτα]
788 4658 812 4692 τι
831 4644 882 4691 ML
989 4640 1022 4692 '23
1050 4641 1107 4693 ούτε
1130 4645 1163 4695 V¹
1188 4644 1216 4695 in
1241 4660 1291 4710 mg.
1380 4646 1423 4710 τὰ]
1446 4647 1525 4703 τάςε

202 4720 1471 4803 θίτὰσετίμσίιητεσίσνίιοίτενίεὴτεΙιῈῙΜΙκὴτάὃίιτὰὴ81π111.υ8ρ.

202 4827 278 4896 βίον
363 4828 397 4881 28
414 4830 529 4881 ταυτάυ
608 4828 642 4882 30
661 4826 705 4882 ὑπ’
725 4831 880 4898 α·ἰτῶν8ρ.;
900 4827 1041 4901 ύφάύτῶν
1060 4834 1119 4886 libri
1203 4833 1394 4887 31ακο1σιαν
1479 4837 1558 4891 34τὸ

199 4914 282 4968 B'S’a
300 4918 357 4983 Sp.:
377 4917 408 4968 τὰ
427 4918 501 4969 VB¹:
521 4931 570 4969 om.
589 4917 695 4970 S¹FML
