3540 5610
201 316 261 378 166
521 315 724 369 ALEXANDRI
747 315 790 368 1)ss
815 315 923 368 ΑΝΙΜΑ
948 314 1039 367 LIBRI
1064 314 1235 367 MANTISSA

252 487 451 573 κυβερνητικη.
496 490 544 552 καὶ
567 488 613 550 ἐπὶ
635 489 817 569 εὐδαιμονίας
839 490 874 571 δη
900 490 915 550 ὑ
940 489 991 568 μὲν
1015 489 1164 571 τυγχάνων
1186 489 1202 549 ὑ
1227 487 1326 571 σοφάς,
1353 488 1385 550 τδ
1409 487 1441 549 δὲ
1465 486 1507 549 τέ-

253 592 303 658 λος
324 593 343 674 η
367 591 548 673 εὐδαιμονία,
578 592 610 653 τδ
634 589 659 653 δ’
687 592 823 675 ἐπιφέρον
850 594 868 675 η
893 592 992 674 αἱρετή.
1038 594 1079 659 ὡς
1102 588 1151 653 οὑν
1174 592 1193 668 ί,
1217 591 1329 674 ἰατρικὴ
1352 589 1405 652 οὐκ
1428 587 1506 652 ἔστιν

253 691 357 773 ὑγίεια,
391 694 496 776 ὑγιείας
519 694 551 757 δέ
574 694 724 776 ποιητική,
756 695 803 756 καὶ
826 696 844 777 η
867 695 1076 777 κυβερνητικη,
1104 691 1176 756 οὐσα
1199 692 1336 761 εὐπλοίας
1357 694 1504 777 ποιητική,
1532 709 1547 749 .·‚

253 793 306 857 οὐκ
329 793 403 858 ἔστιν
426 795 562 870 εὑπλοια,
590 799 681 866 οὑτιυς
704 797 772 859 οὐδὲ
798 798 817 879 η
841 797 946 881 ἀρετή,
974 793 1045 858 οὐσα
1072 794 1254 877 εὐδαιμονίας
1277 797 1430 879 ποιητική,
1459 795 1506 878 είη

225 893 287 958 δᾶν
310 897 486 981 εὐδαιμονία.
532 898 614 962 οὐδὲν
637 902 690 983 γάρ
713 900 774 962 ἐστι
801 905 858 960 τῶν
882 899 1041 962 ποιούντων
1068 920 1095 958 τι
1116 897 1207 960 αὑτοῦ
1229 897 1386 980 ποιητικόν.
1431 900 1508 961 ὥστε

256 1000 309 1063 οὐκ
330 1000 477 1085 αὐτάρκης
499 1003 623 1086 ἡάρετὴ
648 1003 717 1086 πρὸς
739 1003 792 1084 την
815 1000 1071 1084 εὐδαιμονίαν.τὴν
1086 999 1237 1082 γινομένην
1260 999 1308 1062 ὑπ’
1329 1000 1428 1083 αὐτῆς.
1464 998 1507 1063 ἔτι

253 1102 280 1164 εἰ
303 1103 423 1172 ἕκαστος
445 1110 502 1166 τῶν
524 1110 679 1189 τεχνιτῶν,
710 1104 728 1167 ἃ
751 1103 825 1167 κατδι
848 1105 898 1187 τὴν
923 1104 1027 1188 τέχνην
1050 1102 1210 1185 ἐκλέγεται,
1234 1102 1358 1186 συνεργὰ
1380 1103 1451 1186 πρὸς
1475 1104 1507 1166 τύ

254 1205 335 1275 τέλος
357 1206 389 1268 τδ
413 1211 465 1289 τῆς
487 1206 592 1292 τέχνης
614 1206 692 1292 ἔχει,
719 1207 767 1270 καὶ
790 1208 805 1268 ὑ
829 1207 881 1290 τὴν
905 1206 1009 1289 αἱρετὴν
1033 1203 1123 1289 ἔχων,
1149 1205 1168 1267 οἳ
1191 1205 1337 1287 ἐκλέγεται
1359 1205 1432 1267 κατὰ
1454 1207 1508 1288 τὴν

254 1309 375 1393 ἀρετήν,
405 1313 445 1379 ῶς
468 1310 589 1394 συνεργὰ
618 1309 652 1372 ἄν
676 1310 747 1392 πρὸς
773 1311 805 1372 τὸ
828 1309 910 1377 τέλος
936 1310 1017 1394 αὐτῷ
1047 1307 1203 1390 ἐκλέγοιτο.
1248 1307 1395 1390 ἐκλέγεται
1417 1309 1450 1370 δὲ
1472 1310 1509 1370 τά

219 1427 245 1470 10
257 1435 289 1473 τε
312 1413 463 1495 σωματικὰ
487 1414 534 1475 καὶ
558 1413 593 1474 τὰ
615 1412 707 1483 ἐκτός,
731 1411 762 1475 εί
777 1413 880 1493 γεκαὶ
903 1411 978 1480 ὅλως
1000 1414 1020 1494 η
1040 1411 1128 1494 ἀρετὴ
1152 1416 1204 1493 τῆς
1226 1411 1334 1473 τοὺτων
1357 1413 1442 1495 χάριν
1465 1410 1509 1472 ἐκ·
1524 1427 1551 1468 ιο

254 1517 342 1596 λογῆς
364 1516 522 1600 παρῆλθεν.
560 1514 670 1599 οὐγὰρ
693 1517 740 1585 δέ.
764 1516 853 1599 ἀρετὴ
877 1513 960 1587 οὐσα,
984 1517 1076 1597 μάτην
1100 1513 1248 1594 ἐκλέγεταί
1268 1537 1340 1576 τινα.
1375 1513 1428 1575 οὐκ
1451 1513 1509 1597 ἄρα

256 1617 411 1701 αὐτάρκης.
450 1618 476 1679 εἰ
498 1617 540 1693 δ’,
563 1618 606 1680 δτι
629 1620 677 1681 καὶ
700 1620 729 1680 αἱ
753 1617 838 1681 ἄλλαι
861 1622 951 1680 πᾶσαι
973 1616 1073 1701 τέχναι
1095 1615 1259 1697 ἐκλέγονται
1282 1618 1329 1679 καὶ
1352 1617 1388 1679 τὰ
1410 1638 1509 1696 σωμα-

256 1719 320 1781 τικδι
344 1719 440 1801 ἀγαθά
468 1720 514 1781 καὶ
539 1720 573 1783 τδι
596 1720 694 1789 ἐκτὺς,
724 1723 764 1805 μὴ
788 1722 918 1802 λέγουσιν
940 1720 1013 1783 αὐτὰ
1036 1718 1143 1802 ὄργανα
1164 1719 1294 1800 γίνεσθαι
1316 1724 1368 1802 τῆς
1390 1720 1507 1803 ἀρετῆς,

258 1821 359 1905 ῥητέον
381 1828 496 1904 πρῶτον
520 1823 572 1904 μὲν
595 1821 638 1886 δτι
654 1824 736 1887 οὐδὲν
759 1823 866 1887 ἄτοπον
889 1825 922 1885 τὸ
946 1823 1034 1885 ταύτδι
1057 1823 1183 1884 πλείοσιν
1205 1822 1320 1906 τέχναις
1341 1820 1413 1884 εἶναι
1436 1824 1509 1906 χρη-

220 1940 242 1982 ιῑι
257 1943 337 2004 σιμα.
373 1924 434 1986 εἶτα
457 1925 574 1987 ἐκείνων
598 1927 651 2006 μὲν
678 1926 784 1999 οὐδείς,
813 1925 888 1988 καὺὑ
912 1927 987 1988 ἐστιν
1010 1926 1142 2009 τεχνίτης
1164 1925 1253 2007 τησδέ
1275 1947 1348 1992 τινος
1369 1930 1420 2007 τῆς
1444 1924 1510 2009 τέχ-

255 2051 320 2109 νης,
348 2025 495 2109 ἐκλέγεται
518 2029 607 2099 αὐτά.
637 2029 711 2091 ἀλλὰ
738 2029 812 2091 κατὰ
839 2027 1031 2113 συμβεβηκός.
1076 2028 1185 2110 οὐγὰρ
1213 2029 1288 2090 καθὸ
1316 2028 1445 2110 αὐλητής
1468 2026 1509 2093 τίς

258 2129 333 2191 ἐστιν
357 2131 375 2212 ῗη
398 2131 574 2217 κυβερνήτης
597 2131 745 2212 ἐκλέγεται
768 2134 891 2194 πλοῦτον
914 2131 933 2214 ῖγ
957 2130 1054 2203 δόξαν,
1083 2131 1158 2193 ἀλλὰ
1181 2130 1256 2192 καθὸ
1279 2129 1442 2215 ἄνθρωπος.
1488 2133 1549 2213 ηιτι

256 2232 289 2294 δὲ
311 2233 411 2313 ὑγίεια,
434 2234 460 2295 εί
484 2232 518 2316 ἦν
542 2234 682 2302 κάκείνοις
704 2232 833 2317 ὄργανον,
860 2258 895 2316 τη
921 2234 953 2295 δέ
976 2234 1065 2317 ἀρετῇ
1088 2233 1312 2316 προηγουμένως
1334 2234 1442 2296 τούτων
1466 2235 1510 2296 ἐκ·

256 2336 350 2418 λογη.Ι
384 2339 467 2398 τοῦτο
498 2336 553 2419 γὰρ
580 2335 662 2420 ἔργον
689 2336 788 2418 αὐτῆς.
833 2336 983 2418 ἐκλεκτικὴ
1012 2338 1066 2420 γὰρ
1093 2337 1202 2399 τούτων
1229 2336 1289 2398 ἐστὶ
1316 2337 1364 2398 καὶ
1393 2336 1510 2416 δοκιμα-

219 2439 355 2520 ἱύστική,
379 2439 455 2501 ὥστε
478 2438 524 2523 εἴη
549 2437 582 2501 ἄν
606 2440 653 2501 καὶ
677 2438 784 2520 ἄργανα
806 2438 897 2522 αὐτῆς
918 2439 966 2502 καὶ
989 2440 1110 2522 συνεργὰ
1133 2441 1204 2523 πρὸς
1227 2440 1258 2501 τὸ
1282 2435 1329 2501 ὑπ’
1358 2437 1449 2522 αὐτῆς
1471 2462 1510 2518 γι·

258 2539 376 2621 νόμενον
399 2541 490 2609 τέλος.
535 2539 576 2603 ἔτι
599 2542 667 2616 οὐκ,
694 2542 720 2603 εἰ
742 2536 769 2627 q}
796 2543 925 2626 δρῶμεν,
951 2566 987 2624 τη
1014 2542 1114 2605 τούτου
1134 2543 1229 2624 Ιἀρετῇ
1250 2540 1283 2604 εὑ
1307 2542 1438 2625 δρῶμεν,
1462 2542 1508 2603 καὶ

258 2639 284 2728 ηδ
309 2643 453 2728 ἄκοὺομεν
476 2650 512 2726 τῇ
536 2645 637 2707 τοὺτου
661 2645 750 2728 ἀρετῇ
779 2643 811 2707 εὐ
835 2645 993 2725 ἀκούομεν,
1020 2646 1068 2706 καὶ
1091 2645 1138 2707 διὰ
1162 2648 1261 2718 τοῦτο,
1291 2642 1316 2729 η’)
1341 2649 1447 2726 ζῶμεν,
1471 2647 1508 2724 τη]

257 2746 358 2809 τοὺτου
374 2747 463 2831 ἀρετῇ
481 2744 513 2808 εὑ
532 2750 637 2828 ζῶμεν,
654 2749 731 2810 ὥστε
746 2746 791 2829 εἴη
810 2746 843 2809 ἂν
860 2745 924 2831 <τη>
940 2753 990 2830 τῆς
1006 2753 1102 2831 ψυχῆς
1118 2749 1208 2831 αρετῇ
1224 2747 1391 2827 εὐδαιμονία
1405 2748 1505 2831 (ψυχη

258 2850 310 2931 γὰρ
334 2848 463 2929 ζῶμεν),
490 2848 523 2911 οὐ
547 2851 583 2932 δὴ
608 2850 655 2911 διὰ
678 2854 761 2912 τοῦτο
785 2851 900 2918 οὐδενὸς
923 2848 1030 2919 ἔξωθεν
1053 2849 1142 2912 ἄλλου
1165 2849 1333 2931 δεησόμεθα
1355 2850 1434 2933 παρὰ
1455 2852 1550 2933 τὴνεο
1588 2848 1592 2858 ’

215 2951 361 3034 ευοῖρετὴν
385 2955 436 3033 τῆς
459 2957 559 3035 ψυχης
587 2953 658 3035 πρὸς
685 2953 717 3014 τὸ
741 2951 772 3015 εὐ
797 2957 858 3034 ζῆν.
904 2953 950 3014 καὶ
974 2953 1027 3036 γὰρ
1055 2953 1102 3015 ἐπὶ
1125 2957 1175 3015 τοδ
1203 2953 1358 3036 ὀφθαλμοῦ
1389 2957 1431 3036 τῷ
1457 2948 1508 3036 μὲν

259 3056 405 3139 ὀφθαλμῷ
430 3054 545 3136 δρῶμεν
568 3057 614 3117 καὶ
638 3060 674 3137 τη
697 3055 798 3117 τοὺτου
821 3057 912 3137 ἀρετῇ
936 3053 968 3116 εὑ
993 3056 1118 3138 δρῶμεν.
1142 3055 1202 3118 ἄλλ’
1223 3055 1304 3137 ὅμως
1327 3056 1398 3137 πρὸς
1421 3057 1453 3117 τὸ
1476 3054 1510 3119 εὐ

258 3158 327 3240 δρᾶν
351 3157 399 3218 καλ
422 3158 521 3240 φωτὸς
543 3157 672 3240 δεόμεθα
695 3159 744 3220 καὶ
765 3157 861 3221 ἄλλων
883 3164 977 3219 τινῶν.
1016 3161 1063 3220 καὶ
1085 3161 1138 3243 γὰρ
1160 3163 1210 3221 τοὺ
1235 3160 1325 3241 μηδὲν
1348 3159 1510 3221 ἐπισκοτεῖν

259 3260 306 3322 καὶ
336 3261 533 3342 διαστήματος
560 3260 726 3343 συμμέτρου
761 3262 808 3323 καὶ
838 3261 979 3343 μεγέθους
1007 3266 1098 3324 ποσοδ
1132 3263 1179 3324 καὶ
1209 3265 1259 3323 τοὺ
1287 3260 1509 3344 ὑροιθησομένυυ

258 3366 423 3445 χρώματος.
469 3363 562 3430 οὑτως
583 3364 620 3444 δὴ
649 3364 695 3424 καὶ
718 3361 750 3425 εὐ
779 3364 830 3443 μὲν
858 3367 953 3446 ζῶμεν
976 3368 1013 3444 τγῙ
1042 3369 1094 3445 τῆς
1120 3369 1219 3447 ψυχῆς
1242 3364 1349 3447 ἀρετῇ,
1380 3362 1510 3443 δεὺμεθα

218 3481 245 3524 νο
260 3464 357 3544 μέντοι
380 3466 429 3527 καὶ
452 3465 549 3528 ἄλλων
572 3472 656 3527 τινῶν
679 3466 719 3533 είς
741 3470 825 3527 τοῦτο
849 3472 991 3547 συνεργῶν
1016 3489 1045 3527 τε
1068 3467 1115 3528 καὶ
1138 3467 1276 3548 ὐργάνων.
1315 3466 1438 3549 καὶγὰρ
1462 3467 1510 3528 καὶ

259 3567 332 3630 κατὰ
355 3568 405 3635 τὰς
427 3568 532 3652 τέχνας
555 3569 602 3631 καὶ
626 3572 687 3635 ταῖς
710 3567 772 3630 κατ’
801 3569 889 3636 αὐτοῖς
911 3569 1025 3652 ἀρεταῖς
1052 3567 1084 3630 εὑ
1108 3570 1268 3652 πράττομεν
1291 3569 1327 3631 τὰ
1350 3569 1423 3631 κατὰ
1446 3571 1509 3632 ταὺ-
1524 3587 1551 3627 εἰ)

259 3694 319 3743 τας,
342 3669 401 3732 ἀλλ’
430 3670 511 3751 ὅμως
533 3672 663 3754 δεόμεθα
686 3671 757 3753 πρδς
784 3670 818 3731 τᾶ
841 3671 913 3732 κατὰ
935 3672 985 3738 τοῖς
1008 3671 1112 3755 τέχνας
1134 3671 1202 3753 τέλη
1227 3673 1273 3733 καὶ
1296 3672 1392 3734 ἄλλων
1415 3679 1510 3747 τινῶν,

261 3774 282 3836 ἄ
302 3773 378 3835 ἐστιν
401 3772 485 3857 ἕτερα
509 3775 586 3857 παρὰ
609 3774 659 3840 τὰς
681 3775 794 3858 τέχνας.
839 3775 887 3835 καὶ
909 3798 927 3855 η
952 3776 1038 3857 α’ρετη
1062 3774 1098 3856 δὴ
1126 3778 1166 3842 ῶς
1189 3774 1276 3858 τέχνη
1301 3776 1435 3858 ποιητικὴ
1459 3781 1512 3858 της

260 3877 442 3956 εὐδαιμονίας
464 3874 559 3951 ἔσται,
586 3875 620 3939 οὑ
645 3877 701 3959 μὴν
725 3875 772 3938 διὰ
793 3881 876 3938 τοῦτο
904 3875 971 3939 ἄνευ
998 3882 1051 3958 της
1073 3877 1144 3960 ὑλης
1171 3879 1218 3939 καὶ
1245 3883 1303 3939 τῶν
1330 3877 1442 3940 οἰκείων
1466 3879 1512 3961 ῖρ-

219 3995 246 4037 35
261 3980 364 4060 γάνων.
406 3977 448 4040 ἔτι
470 3979 496 4041 εἰ
519 3979 570 4059 μὲν
593 3980 686 4047 οὑτως
708 3978 819 4061 λέγοιτο
841 3981 862 4061 η
884 3978 972 4061 ἄρετῖη
995 3979 1141 4061 αὐτάρκης
1163 3980 1235 4063 πρὸς
1256 3980 1449 4063 εὐδαιμονίαν,
1473 3984 1514 4049 ῶς

261 4082 308 4144 καὶ
331 4084 388 4142 τῶν
412 4087 523 4166 τεχνῶν
540 4083 648 4164 ἑκάστη
671 4082 743 4164 πρὸς
763 4082 795 4143 τὸ
819 4082 924 4144 οἰκεῖον
946 4079 1038 4164 ἔργον,
1062 4081 1106 4143 δτι
1128 4081 1181 4144 οὐκ
1203 4081 1294 4166 ἄλλης
1309 4084 1383 4151 τινδς
1405 4083 1511 4167 τέχνης

260 4183 447 4268 προσδέονται
470 4185 541 4268 πρὸς
563 4184 596 4248 τδ
619 4183 651 4246 τὸ
675 4181 735 4246 κατ’
762 4185 851 4252 αὐτοῖς
872 4190 963 4246 ποιεῖν
986 4180 1062 4266 ὑγιές
1082 4183 1165 4266 (οὐδὲ
1186 4185 1240 4268 γὰρ
1264 4187 1282 4268 ἡ
1306 4186 1395 4269 ἄρετὴ
1420 4184 1512 4269 ἄλλης

262 4288 337 4356 τινὸς
360 4288 509 4368 δυνάμεως
532 4287 580 4349 καὶ
604 4287 707 4371 τέχνης
725 4288 890 4370 προσδεῖται
914 4287 984 4368 πρὸς
1007 4287 1038 4348 τὸ
1059 4286 1110 4349 σὺν
1134 4287 1229 4369 ἐκείνη
1254 4288 1305 4370 τὴν
1328 4287 1551 4371 εὐδαιμονίανου

261 4393 365 4450 ποιεῖν·
399 4390 609 4472 προσδεήσεται
633 4389 729 4469 μέντοι
755 4389 829 4451 κατὰ
856 4394 940 4451 τοῦτο
972 4389 1079 4469 δμοίως
1106 4395 1167 4457 ταῖς
1195 4390 1311 4474 τέχναις
1338 4393 1385 4452 καὶ
1414 4390 1511 4454 ἄλλων

210 4561 312 4618 Ιτέλος
331 4560 347 4629 ἡ
365 4577 393 4611 a:
412 4559 483 4617 τέλος
503 4561 524 4610 V
623 4561 767 4629 θηάρετη
788 4561 823 4611 m¹
843 4561 871 4612 in
890 4577 940 4627 mg.
962 4562 982 4610 V
1077 4562 1092 4612 :3
1112 4560 1180 4628 Ιὐγεία
1199 4561 1289 4631 ὑγιείας
1309 4563 1344 4614 V:
1363 4561 1431 4631 ὑγεία
1450 4563 1565 4633 ὑγείαςυ

1264 4651 1270 4672 ,7

207 4649 354 4702 δαὺτυῦα
454 4647 559 4716 θαὺτιγῖ
577 4649 704 4716 Sylburg:
724 4647 792 4716 αὐτῷ
812 4649 852 4699 Va
953 4647 1091 4714 ἐκλέγοιτο]
1112 4667 1134 4698 ιτ
1153 4651 1180 4699 in
1199 4650 1264 4700 lit.V
1376 4651 1402 4700 ll
1424 4651 1564 4721 παρῆλθεν]

208 4737 240 4788 cf.
259 4753 284 4803 p.
302 4734 394 4799 163,33
412 4735 512 4804 ηρὺσις
530 4739 575 4804 της
587 4734 694 4804 ἐκλογῆς
713 4736 796 4787 ἕνεκεν
808 4736 854 4803 τὴν
873 4735 963 4805 ἀρετὴν
983 4735 1170 4804 παραλαμβάνει
1263 4737 1321 4805 ἄρα]
1341 4746 1440 4790 accent.
1459 4747 1485 4791 et
1503 4742 1565 4806 spir.

208 4826 236 4876 in
255 4824 326 4876 lit.V
437 4823 521 4892 ³2:515,
541 4824 629 4876 addidi
742 4823 817 4894 ἀρετη
838 4823 944 4890 scripsi:
968 4822 1042 4894 ἀρετὴ
1064 4824 1102 4873 Va
1213 4823 1246 4876 24
1265 4823 1293 4875 οὑ
1315 4825 1334 4875 V
1354 4825 1477 4893 Sylburg:
1502 4824 1565 4878 υὺιι

208 4911 241 4964 3ss
261 4911 298 4981 (et
317 4910 361 4978 38)
380 4910 445 4971 τινὸς
463 4911 501 4963 sie
520 4912 541 4964 V
