3540 5610
206 339 267 406 190
350 338 497 424 ἄθρυπτος

255 512 340 586 ψυχῆς
352 511 426 582 οδσης
436 512 514 578 9138
536 510 636 582 ἀθρόως
649 510 741 578 13938
761 513 854 578 14235

231 623 233 626 ⁴
258 600 353 663 14331
378 600 457 665 1453

203 685 358 759 ἄθρυπτος
376 688 459 752 5034

202 774 346 843 αἰδέομαι
366 774 444 840 1583

203 863 301 922 ἀίδιος
320 863 379 927 634
398 860 676 927 8131433617037
703 868 755 914 τῶν
768 861 854 915 ἀιδίων

255 949 358 1009 οίιθενός
376 948 453 1002 αἰτιον
472 949 608 1020 εἱμαρμένη
630 949 728 1013 18130

203 1039 341 1108 ἀιδιότης
361 1036 457 1102 17131

203 1125 342 1194 αίθέριος
362 1124 458 1186 14431
672 1171 678 1184 ,

203 1214 276 1283 αἰμα
294 1213 359 1279 403
376 1212 458 1279 9438
476 1212 539 1278 953
567 1212 615 1265 οὒκ
628 1209 773 1281 αἰσθητικόν
791 1210 855 1275 973

259 1301 335 1365 118,1

203 1388 320 1460 αίρεσις
337 1388 381 1439 καί
399 1387 465 1457 φυγή
484 1386 548 1452 72,4
579 1391 623 1439 τοῦ
636 1386 759 1456 βελτίονος
772 1386 855 1449 8237

204 1475 394 1544 αἰσθάνομαι
412 1475 472 1540 293
491 1474 613 1543 3236εη.
626 1479 675 1527 etc.
699 1474 728 1526 οδ
741 1475 855 1546 πάσχειν,

256 1562 319 1615 ἀλλά
337 1563 426 1632 κρίνειν
444 1561 508 1626 843
544 1562 688 1631 ἀφεστῶτες
710 1562 766 1627 145,
773 1561 806 1614 22
816 1578 855 1630 sq.

203 1648 353 1721 αίσθησις.
390 1651 453 1722 μέρη
472 1651 545 1702 πέντε
563 1650 635 1714 40,4.
648 1650 676 1701 11
716 1648 794 1717 μόνας
812 1648 856 1707 τὰς

256 1739 327 1790 πέντε
338 1734 461 1807 αἰσθήσεις
474 1737 534 1789 εἰναι
547 1737 625 1802 6531
647 1736 696 1789 def.
707 1736 767 1801 60,4
778 1735 855 1800 6633

255 1826 315 1878 dist.
329 1823 394 1895 δρμή
417 1824 499 1888 7532
545 1823 585 1876 1πί
606 1823 731 1896 χρήσιμόν
758 1841 781 1875 τι
808 1823 855 1892 τήν

256 1913 383 1984 ἀναφορὰν
395 1912 448 1982 ἔχει
461 1910 524 1975 393
555 1913 599 1964 καί
617 1910 736 1982 αἰσθητὸν
749 1910 797 1982 πρδ
810 1911 855 1978 μέν

254 2005 301 2069 τῆς
321 1999 441 2070 ἐνεργείας
459 1999 577 2067 ἀνόμοια,
599 2000 625 2052 ἰν
648 1999 674 2052 δὲ
696 2001 729 2071 τη”
748 1998 855 2069 ἐνεργείᾳ

256 2087 330 2158 όμοια
349 2088 427 2152 3931
460 2085 519 2139 κατ’
541 2087 661 2155 ένίρχειαν
677 2086 773 2150 10830
801 2086 854 2137 ἀνε-

255 2179 372 2247 νέρχητος
390 2175 454 2239 393
495 2174 520 2226 [v
543 2174 568 2226 τί
585 2174 636 2227 ἐστι
654 2175 748 2243 έκάστη
767 2174 855 2243 (χωρὶς

256 2265 332 2335 ἁφῆς)
355 2262 385 2316 τὸ
404 2261 566 2331 θποκείμινον
589 2262 680 2315 οἰκεῖον
699 2260 757 2331 ἔχον
776 2259 854 2328 όνομα

254 2352 319 2416 563
360 2356 417 2418 μιοῖς
440 2349 609 2406 έναντιῶσεως
636 2349 730 2420 έκάστη
754 2348 853 2417 κριτική

255 2437 386 2502 553936
396 2454 434 2505 sq.
461 2443 515 2494 πῶς
529 2435 582 2507 είδη
596 2436 717 2506 λαμβάνει
729 2451 788 2504 opp.
798 2440 855 2493 νοῦς

255 2525 333 2591 8333
344 2553 376 2563 -
387 2523 500 2595 αἴσθησις
511 2524 601 2593 κοινή
612 2525 656 2582 τάς
666 2530 717 2577 τῶν
727 2521 855 2593 αἰσθητῶν

255 2613 316 2685 πρὸς
334 2611 431 2682 ἀλληλα
444 2611 562 2682 διαφορὰς
575 2612 600 2664 έν
614 2612 648 2664 1νί
667 2612 710 2664 καί
723 2610 854 2682 ἀδιαιρέτῳ

254 2702 337 2772 χρόνῳ
351 2699 428 2772 κρίνει
440 2699 524 2764 6230
540 2700 573 2753 σί.
584 2698 665 2763 6032
675 2715 713 2768 sq.
729 2698 853 2766 61‚25sq.

254 2795 307 2840 τῶν
324 2794 416 2840 κοινῶν
440 2784 567 2859 αἰσθητῶν
585 2786 750 2857 ἀντιληπτικὴ
770 2785 855 2850 6530

255 2875 332 2946 αὑτῆς
345 2873 488 2928 αίσθοίνεται
502 2875 592 2938 10931
613 2881 686 2950 κοινῇ
700 2872 766 2927 αίσθ.
776 2872 854 2944 δρῶν-

255 2983 307 3017 των
326 2961 410 3016 αδτῶν
428 2959 598 3030 αἰσθανόμεθα
618 2962 681 3029 653

202 3050 409 3123 αἰσθητήριον
427 3056 501 3118 σῶμα
520 3049 601 3114 1234
619 3050 670 3104 def.
689 3051 772 3113 2430
789 3051 853 3114 413

255 3138 357 3209 δυνάμιι
375 3136 461 3207 δμοιον
478 3141 516 3209 τῷ
529 3135 652 3208 αἰσθητῷ,
662 3138 779 3208 ,ένερχείρ
797 3136 854 3189 ἀνό-

255 3246 325 3295 μοιον
343 3227 403 3291 55,4
436 3225 487 3297 είδη
506 3225 649 3297 ληψόμενον
667 3224 739 3278 οὐδὲν
756 3223 854 3278 τοότων

255 3315 281 3366 έν
298 3317 331 3385 τῇ
349 3315 428 3385 οἰκείᾳ
445 3312 517 3383 φόσει
535 3314 588 3387 έχει
600 3312 681 3379 8436
711 3311 770 3365 κατ’
793 3312 854 3365 ἄλλο

254 3402 298 3454 καί
325 3400 386 3454 δλλο
413 3403 487 3470 μέρος
513 3403 545 3454 τὰ
572 3399 640 3471 πάθη
668 3400 766 3471 δέχεται
789 3401 854 3464 64,4

256 3488 291 3548 ιίις
308 3491 398 3559 πάσχει
411 3488 536 3542 διαδίδωσι
555 3489 594 3541 έπί
607 3488 636 3542 τά
649 3488 754 3558 ἰσχατον
768 3486 854 3558 αἰσθη·

254 3577 340 3649 τήριον
359 3577 423 3641 643
459 3577 525 3646 δφής
543 3575 605 3640 593
644 3581 744 3644 πρῶτον
768 3572 853 3644 αἰσθη-

255 3665 340 3736 τήριον
358 3671 432 3732 σῶμα
450 3663 495 3731 μέν
513 3662 572 3726 έστι,
591 3660 619 3714 οδ
639 3663 688 3731 μὴν
702 3659 767 3713 καθὸ
780 3668 854 3729 σῶμα

254 3751 399 3821 αἰσθητικόν
412 3751 476 3816 603
505 3748 581 3808 τόπος
593 3750 637 3800 καί
650 3749 854 3818 ἀναζωχροίφημα

254 3841 279 3891 έν
301 3843 340 3910 τηῑ
362 3858 403 3908 πρ.
427 3838 460 3890 αἰ.
484 3836 552 3900 683
596 3835 697 3906 κινηθὲν
725 3835 773 3889 δπὸ
800 3842 853 3889 τῶν

253 3926 381 3997 αἰσθητῶν
408 3933 471 3978 κινεῖ
496 3925 542 3994 τὴν
570 3924 740 3994 φανταστικὴν
768 3924 853 3994 ψυχήν

254 4014 336 4078 6934
371 4013 476 4087 ίσχατον
495 4010 528 4064 αί.
547 4012 611 4077 643
641 4011 718 4083 κρίνει
734 4012 766 4064 τὰ
785 4012 852 4064 έναν·

253 4101 293 4152 τία
312 4103 395 4167 6430

201 4188 393 4259 αἰσθητικός.
413 4186 514 4255 δι’νναμις
524 4188 578 4241 sive
588 4187 658 4257 ψυχή
672 4187 777 4253 29,7.11
795 4187 852 4251 105,

259 4277 289 4327 13
300 4276 331 4327 τί.
342 4276 411 4348 ψυχὴ
422 4273 524 4344 ὕστερον
533 4275 653 4344 ίηγίνεται
663 4275 741 4340 7430
758 4275 805 4328 οὐκ
815 4276 853 4327 ἀεί

253 4363 399 4433 έντρχοῦμεν
423 4363 504 4427 7435
545 4361 692 4433 αἰσθητικόν
715 4364 774 4416 dist.
800 4362 853 4434 όρε-

253 4451 340 4503 κτικόν
360 4450 419 4515 75,5
456 4450 496 4503 ἐπὶ
513 4450 542 4503 τὸ
562 4449 718 4519 διανοητικὸν
738 4450 789 4523 ἔχει
806 4451 853 4521 τήν

253 4537 380 4607 ἀναφοράν
399 4537 480 4602 7632
516 4535 662 4606 αἰσθητικοῦ
680 4536 751 4593 τέλος
772 4537 852 4601 1193

253 4623 399 4697 αἰσθητικὸν
417 4629 518 4694 πρῶτον
537 4624 578 4687 39,
590 4625 620 4676 18
630 4640 686 4692 sqq.
724 4624 852 4691 ἱδρυμένον

253 4713 309 4782 περὶ
326 4713 373 4782 τήν
391 4711 495 4781 καρδίαν
514 4711 594 4776 3931
615 4711 680 4774 573
698 4710 761 4774 97,7

200 4798 350 4870 αἰσθητός
374 4798 451 4864 2431
490 4800 522 4851 τά
544 4799 602 4852 όντα
630 4797 744 4870 διῄρηται
766 4798 801 4855 εἰς
825 4816 853 4850 τε

253 4885 360 4960 αἰσθητὰ
373 4887 416 4939 καί
428 4888 505 4957 νοητά
519 4886 597 4951 9131
623 4885 751 4957 αἰσθητῶν
762 4887 794 4938 τά
807 4886 852 4954 μέν

1385 339 1396 395 1
1431 339 1563 396 INDEX

959 509 1020 565 καθ’
1042 510 1114 576 αθτά,
1132 512 1164 564 τὰ
1182 510 1208 564 δέ
1227 513 1293 565 κατὰ
1306 513 1465 586 συμβεβηκός
1479 514 1561 580 4030

958 600 1030 658 έκτός
1040 600 1101 652 dist.
1111 599 1230 670 ἐπιστηταί
1240 598 1300 665 393
1313 600 1361 654 ίδια
1371 600 1480 670 αἰσθητὰ
1488 602 1560 674 χρῶ-

959 707 1034 756 ματα,
1040 686 1125 757 ψόφοι,
1131 685 1303 757 χυμοίόσμαί,
1315 687 1391 742 όπταί
1401 690 1560 750 ἰναντιιίισεις

958 775 1033 838 4031
1065 776 1136 826 κοινά
1154 775 1213 838 413
1246 777 1312 828 κατὰ
1325 778 1483 848 συμβεβηκός
1498 778 1560 845 413

957 862 1012 931 περὶ
1034 862 1065 913 τὰ
1088 860 1137 913 ίδια
1160 859 1309 930 ἀληθεύουσι
1331 863 1458 935 αἰσθήσεις
1474 867 1560 932 4134

958 950 1015 1021 περὶ
1032 949 1064 1000 τὰ
1083 950 1156 1001 κοινοὶ
1174 950 1322 1003 ἀπατῶνται
1338 952 1422 1015 4130
1451 953 1561 1023 αἰσθητὰ

959 1035 1014 1106 είδη
1040 1037 1065 1088 έν
1088 1044 1139 1093 τοῖς
1161 1035 1329 1109 αἰσθητηρίοις
1352 1038 1400 1112 οίιχ
1422 1039 1458 1100 ὡς
1474 1040 1560 1099 τόποις

958 1124 1050 1193 γίνεται
1072 1122 1169 1189 11330
1208 1123 1337 1195 αίσθητῶν
1358 1126 1472 1197 διαφοραί
1494 1127 1560 1194 613

958 1209 1086 1282 αἰσθητῶν
1108 1212 1174 1264 κατὰ
1191 1213 1238 1282 τήν
1261 1212 1346 1266 οδσίαν
1365 1213 1485 1286 διαφοράν
1503 1220 1561 1274 νοῦς

959 1298 1038 1376 κρίνει
1050 1298 1115 1362 613
1140 1297 1270 1370 αίσθητῶν
1282 1300 1434 1369 ἀνομοειδῶν
1444 1302 1562 1374 διαφοραί

960 1386 1023 1450 613
1053 1385 1211 1456 ἀνομογενῶν
1229 1388 1262 1440 αἰ.
1276 1388 1390 1460 διαφοραί
1408 1389 1491 1455 6338
1528 1389 1562 1442 αἰ.

960 1473 1094 1543 ὑπερβολαὶ
1112 1472 1239 1546 φθείρουσι
1258 1474 1384 1546 αἰσθήσεις
1403 1478 1466 1542 603

907 1560 1034 1630 αἰσχρός
1054 1561 1151 1627 17535

907 1648 1008 1700 αἰτέω.
1040 1647 1184 1719 ἀποτροπήν
1203 1656 1292 1703 κακῶν
1311 1650 1433 1704 αἰτεῖσθαι
1454 1653 1515 1717 184,
1528 1654 1559 1705 11

959 1735 1113 1804 αἰτουμένοις
1130 1736 1221 1790 διδόναι
1235 1738 1332 1804 13638
1363 1739 1457 1792 ἄτοπον
1477 1739 1564 1793 αἰτοθ·

960 1842 1034 1891 μενον
1055 1825 1152 1889 14139

907 1910 1023 1981 αἴτημα
1045 1911 1142 1977 17433

907 1997 1030 2068 αἰτηοις
1050 1999 1146 2063 18432

907 2085 1066 2153 αἰτιάομαι
1087 2087 1167 2152 1403
1188 2087 1280 2152 16939
1303 2087 1443 2153 1733733
1467 2089 1563 2152 17633

963 2174 1109 2239 1803318

906 2260 1012 2319 αἴτιος.
1037 2260 1102 2314 αίτια
1114 2263 1221 2333 τέτταρα
1236 2263 1329 2329 17630
1351 2264 1438 2329 17931
1468 2265 1564 2334 κυρίως

959 2351 1077 2419 ποιητικὰ
1100 2349 1170 2419 φόσις
1197 2352 1274 2424 τέχνη
1303 2353 1440 2423 προαίρεσις
1463 2352 1563 2416 17733

958 2437 991 2489 τά
1009 2437 1053 2504 μέν
1071 2435 1133 2490 καθ’
1149 2437 1221 2500 αθτά,
1239 2439 1270 2490 τά
1283 2438 1309 2490 δέ
1321 2439 1387 2490 κατὰ
1401 2440 1563 2509 συμβεβηκός

960 2524 1040 2588 1713
1062 2525 1188 2590 177311
1226 2525 1264 2578 δεῖ
1284 2527 1453 2600 προϋπάρχειν
1479 2528 1561 2593 1703

958 2612 1002 2663 καί
1020 2612 1046 2664 ἰν
1064 2617 1115 2670 τοῖς
1128 2612 1215 2671 αίτίοις
1235 2632 1258 2665 τ(
1276 2618 1321 2666 τοῦ
1340 2615 1376 2686 μή
1395 2614 1467 2673 όντος
1482 2615 1562 2680 1713

906 2699 990 2752 αἰτία
1012 2699 1028 2768 ή
1048 2701 1114 2752 κατὰ
1136 2701 1165 2753 τὸ
1188 2699 1251 2758 εἶδος
1269 2701 1351 2765 2433
1391 2701 1407 2770 ή
1430 2701 1468 2759 ῶς
1489 2703 1563 2761 τέλος

959 2787 1042 2851 2434
1069 2786 1190 2841 ἀδόνατον
1202 2789 1249 2858 τὴν
1262 2787 1341 2859 αἰντήν
1354 2787 1415 2841 εἰναι
1427 2794 1481 2841 τῶν
1493 2808 1561 2842 αντι·

958 2875 1082 2945 κειμένων
1104 2874 1183 2940 1703
1219 2875 1285 2948 ἀρχή
1304 2874 1411 2941 τούτων,
1435 2876 1474 2929 ῶν
1493 2877 1561 2931 ἰστιν

958 2963 1024 3015 αἰτία
1045 2961 1142 3028 17330
1175 2962 1268 3033 ἄδηλος
1289 2963 1367 3025 1793
1398 2968 1446 3036 τῆς
1464 2964 1562 3036 πλάνης

961 3049 1040 3113 1003

905 3137 1071 3208 ἀκαριαῖος
1088 3139 1152 3203 773

905 3223 1130 3293 ἀκατόληπτος
1148 3226 1229 3290 7132

905 3312 1138 3382 ἀκατίρχαστος
1156 3311 1237 3376 3337
1256 3312 1320 3377 953
1341 3313 1406 3379 973

905 3398 1055 3468 ἀκίνητος
1076 3399 1156 3464 1730
1174 3399 1256 3462 2134
1277 3400 1357 3464 1063

905 3486 1082 3544 ἀκόλαστος
1104 3486 1244 3551 154353
1281 3489 1325 3540 καί
1343 3488 1369 3540 ἐν
1387 3488 1487 3560 ἡδοναῖς
1507 3492 1560 3552 ζῶν

961 3573 1060 3640 18538

905 3661 1077 3714 ἀκολουθία
1104 3661 1200 3729 15232
1226 3661 1323 3729 18135
1345 3665 1424 3731 1853
1459 3665 1560 3736 φδσεως

959 3750 1070 3823 χείρονος
1090 3750 1187 3816 18536

905 3835 1089 3896 ἀκόλουθος.
1117 3839 1141 3890 ἀ.
1154 3839 1204 3891 έστι
1217 3838 1293 3891 εἰπεῖν
1308 3838 1386 3906 7337
1414 3838 1472 3911 έίής
1484 3841 1560 3896 εἰπεῖν

959 3923 1070 3993 273εη.
1106 3923 1255 3983 ἀκολοδθως
1273 3924 1440 3995 παρακεῖσθαι
1462 3928 1561 3993 15030

956 4014 988 4065 τά
1006 4009 1154 4069 ἀκολοθθως
1172 4013 1277 4081 ἐσόμενα
1297 4014 1394 4080 18037

905 4099 1088 4161 ἀκολουθέιυ
1110 4099 1191 4163 1936
1202 4105 1251 4154 etc.
1271 4117 1348 4170 saepo

905 4185 1035 4239 ἀκούειν
1057 4188 1189 4257 5032εη.
1229 4192 1267 4259 τῷ
1293 4192 1360 4259 κενῷ
1382 4188 1450 4255 493
1476 4219 1507 4229 -
1530 4191 1561 4244 τὸ

958 4277 1024 4327 κατὰ
1041 4274 1113 4346 φόσιν
1130 4275 1159 4327 τδ
1178 4276 1245 4328 κατὰ
1263 4276 1379 4346 βούλημα
1396 4281 1443 4349 της
1461 4279 1561 4349 φδσεως

957 4362 1075 4416 ἀκοδεται
1091 4365 1187 4428 16338
1213 4364 1263 4434 χρὴ
1282 4363 1308 4417 δέ
1327 4370 1372 4417 τοῦ
1383 4365 1465 4419 τόπου
1478 4367 1560 4418 κοινό-

958 4468 1029 4521 τερον
1048 4451 1088 4502 έπί
1107 4456 1153 4520 τῆς
1171 4452 1308 4520 φαντασίας
1320 4452 1422 4505 ἀκοδειν
1440 4454 1560 4517 (fortasse

956 4536 1000 4589 τὸν
1012 4536 1090 4590 τόπον
1096 4539 1118 4601 7)
1132 4539 1196 4604 723
1214 4570 1247 4577 -
1267 4538 1372 4592 αίιτόθεν
1385 4540 1485 4593 ἀκοδειν
1501 4542 1558 4605 113

957 4623 985 4676 τὸ
1064 4625 1128 4677 ἔστιν
1154 4627 1260 4679 οἰκοῦσαι
1286 4627 1407 4685 πολλάκις
1434 4627 1559 4697 λεγόντων

961 4712 1039 4777 1803

904 4799 1095 4857 ἀκουστικός
1113 4800 1177 4866 503

904 4887 1048 4960 ἀκρασία.
1065 4887 1113 4940 δέν
1123 4895 1176 4946 ταῖς
1185 4890 1316 4961 ἀκρασίαις
1325 4888 1453 4955 (θάνατος)
1467 4891 1559 4959 18539
