3540 5610
216 311 258 375 20
695 308 897 366 ALfflNDRI
909 308 960 365 'DE
978 311 1088 366 ANIMA

270 507 295 545 τι
318 482 394 554 εἶδος
415 484 450 548 όν
473 484 518 568 εἴη
541 490 598 549 τῶν
621 489 729 548 λοιπῶν
745 491 844 569 τριῶν;
874 483 915 549 ἔτι
938 484 1022 569 μόναι
1045 485 1079 549 όν
1094 485 1151 548 τίεν
1173 484 1203 547 ἐν
1227 487 1269 569 τῷ
1287 480 1357 569 ζῴιρ
1379 485 1515 566 δυνάμεις
1528 501 1555 545 ιτ

268 587 297 648 αἱ
320 591 370 650 τοῦ
393 591 529 672 σώματος
550 593 601 652 τοῦ
624 588 657 652 ἐκ
679 593 731 671 τῆς
754 594 811 652 τῶν
833 588 929 652 ἄλλων
952 589 1085 673 κράσεως
1106 585 1266 671 γεγονότος,
1288 588 1314 650 εἰ
1337 587 1388 670 μὲν
1411 586 1457 671 εἴη
1480 588 1512 651 τὸ

267 690 382 772 γεγονός
404 695 470 774 πῦρ,
494 689 640 776 θερμότης
661 691 759 755 τεκαὶ
782 689 914 775 ξηρότης,
936 690 962 753 εἰ
985 688 1009 754 δ’
1030 689 1102 754 ἄλλο
1124 714 1150 752 τι
1172 691 1201 753 αἱ
1224 689 1343 763 ἐκείνου,
1366 696 1408 774 τῷ
1429 689 1507 754 τοῦτ’

268 789 340 854 εἷναι
366 792 398 855 τὸ
421 793 544 875 γεγονός,
561 792 592 862 ἐξ
616 793 743 857 ἐκείνων.
788 792 814 856 εἰ
836 793 869 856 δὲ
891 793 980 876 μηδὲν
1008 797 1117 877 μᾶλλον
1143 797 1200 855 τῶν
1229 792 1339 856 ἐκείνου
1362 795 1512 877 δυνάμεων

239 895 295 956 σαί
318 893 495 967 τῶνᾶλλων
518 895 548 958 ἐν
570 899 613 980 τῷ
636 893 706 981 ζῴῳ
729 895 872 979 μένουσιν,
896 894 949 958 οὐκ
964 894 998 958 ἂν
1021 895 1067 978 εἴη
1090 899 1174 958 τοῦτο
1195 896 1311 978 γεγονὸς
1333 894 1363 964 ἐξ
1385 895 1512 972 ἐκείνων,

197 988 199 992 ’
267 999 344 1061 ὥστε
365 995 433 1061 οὐδὲ
455 996 539 1067 εἶδος.
582 998 607 1060 εἰ
629 998 662 1061 δὲ
685 998 725 1082 μή
749 1009 844 1073 τοῦτο,
867 996 936 1061 οὐδὲ
957 999 1049 1082 ψυχή.
1091 996 1132 1061 ἔτι
1155 998 1181 1061 εἰ
1203 999 1234 1062 έν
1256 1021 1281 1060 τι
1304 997 1413 1060 τούτων
1436 998 1512 1063 ἐστὶν

266 1101 285 1183 ή
309 1102 399 1185 ψυχή,
423 1100 442 1183 ἢ
466 1098 499 1163 οό
523 1105 579 1163 πᾶν
602 1101 634 1164 τό
659 1103 735 1185 ζῷον
757 1099 889 1186 ἔμψυχον
912 1097 1007 1174 ἔσται,
1030 1100 1048 1182 ή
1072 1103 1158 1181 σῶμα
1180 1100 1227 1163 διὰ
1251 1103 1386 1184 σώματος
1408 1101 1512 1165 διελεό-

267 1223 356 1277 σεται,
378 1203 414 1287 ής
435 1202 520 1287 δόξης
541 1204 583 1273 τίς
606 1202 640 1266 όν
663 1203 833 1286 ἀτοπωτέραν
854 1201 980 1286 γένοιτο;
1007 1206 1071 1270 πῶς
1092 1202 1145 1285 γὰρ
1169 1201 1229 1267 οἶόν
1252 1227 1283 1266 τε
1306 1205 1393 1285 σῶμά
1415 1227 1441 1266 τι
1465 1227 1512 1287 με·
1577 1204 1582 1215 ’

265 1306 332 1368 στὸν
356 1305 387 1368 ὃν
409 1308 499 1370 αὑτοῦ
515 1298 569 1370 ’καὶ
592 1306 681 1390 μηδὲν
709 1303 778 1391 ἔχον
801 1307 839 1369 ἐν·
854 1307 934 1391 αὐτῷ
958 1307 1039 1369 κενόν
1068 1304 1139 1368 ἄλλο
1167 1305 1196 1368 ἐν
1219 1307 1299 1390 αὑτῷ
1324 1311 1411 1388 σῶμα
1433 1305 1511 1375 δέία·
1525 1324 1553 1365 ευ

226 1422 252 1467 10
265 1407 334 1471 σόαι
357 1409 465 1493 όμοίως
487 1409 591 1491 μεστόν
614 1409 717 1488 αὑτοό;
740 1409 765 1472 εἰ
786 1410 841 1493 γὰρ
862 1411 895 1473 τό
918 1413 1027 1492 πλῆρες
1050 1408 1080 1472 όν
1104 1409 1192 1471 αότοῦ
1214 1407 1285 1471 ἄλλο
1308 1432 1335 1471 τι
1357 1411 1440 1471 πάλιν
1464 1412 1513 1474 καὶ

264 1510 335 1574 αὐτὸ
358 1511 467 1593 ὁμοίως
493 1510 524 1574 όν
551 1515 660 1596 πλῆρες
687 1514 777 1575 αὑτοῦ
794 1511 927 1587 δέξεται,
954 1510 1037 1574 οὐδὲν
1060 1508 1141 1574 ἔσται
1169 1512 1201 1573 τό
1228 1510 1340 1574 κωλόον
1368 1513 1417 1574 καὶ
1439 1512 1511 1575 ἄλλο

265 1616 348 1677 παλιν
375 1612 446 1677 αὐτὸ
474 1615 523 1676 καὶ
550 1613 621 1677 ἄλλο
649 1613 794 1682 δέξασθαι.
844 1614 927 1678 οὐδὲν
954 1614 1008 1698 γὰρ
1036 1611 1153 1677 ἔλαττον
1183 1616 1291 1697 πλήρες
1319 1611 1365 1687 όν,
1400 1613 1448 1676 ότε
1475 1613 1510 1698 ήν

264 1715 365 1798 μόνον,
391 1719 443 1780 τοῦ
465 1720 527 1791 νῦν,
555 1714 604 1779 ὅτε
626 1716 742 1786 ἐόέΕοιτό
768 1740 794 1779 τι
817 1715 888 1780 οίλλυ
911 1716 941 1791 ἐν
967 1716 1057 1802 αὑτῷ,
1086 1717 1138 1780 οὐκ
1162 1714 1297 1798 ἐκωλόίλη
1325 1715 1464 1785 δέξασθαί
1484 1741 1509 1778 τι

262 1820 310 1882 καὶ
332 1819 480 1904 δεύτερον,
506 1821 598 1890 οότως
620 1843 651 1882 τε
673 1818 756 1883 οὐδὲν
778 1819 981 1903 κωλυθήσετοιι
1008 1820 1040 1881 τό
1065 1819 1196 1902 μέγιστον
1224 1819 1254 1880 ἐν
1277 1822 1320 1903 τῷ
1344 1820 1507 1903 μικροτάτιρ

130 1986 133 1991 ,
224 1936 249 1980 15
263 1921 395 2004 γενέσθαι
423 1926 546 2007 σώματι.
591 1927 654 1991 πῶς
680 1922 712 1986 δὲ
737 1920 791 1985 υόκ
819 1920 936 1985 ἄτοπον
954 1923 1002 1984 καλ
1028 1922 1061 1984 τό
1089 1922 1136 1983 τὸν
1165 1919 1393 2003 πεπληρωμένον
1422 1920 1509 1984 τόπον

263 2026 318 2088 ὑπὸ
342 2024 476 2108 σώματός
499 2049 573 2094 τινος
594 2025 686 2108 λέγειν
708 2024 848 2088 ὀόνασόαι
869 2025 917 2087 καὶ
939 2024 1011 2087 ἄλλο
1035 2048 1059 2087 τι
1081 2030 1167 2107 σῶμα
1189 2023 1326 2092 δέξασθαι
1349 2024 1399 2087 τόν
1422 2025 1508 2089 αὐτόν
1522 2041 1550 2083 ss

264 2128 385 2211 μένοντα
407 2133 457 2192 τοῦ
472 2126 698 2212 πεπληρωκότος
719 2127 805 2190 αὐτόν
830 2129 965 2209 σώματος
987 2127 1016 2189 ἐν
1032 2126 1113 2211 αὐτῷ
1138 2125 1270 2207 μένοντος
1293 2128 1341 2189 καὶ
1366 2128 1406 2209 μή
1431 2130 1510 2210 μείλι-

262 2230 405 2315 σταμένου
417 2253 488 2308 πυυ;
504 2231 579 2294 ἀλλὰ
591 2231 655 2315 περὶ
671 2231 722 2313 μὲν
739 2234 790 2314 τῆς
806 2229 909 2293 τοότου
926 2233 976 2292 τοῦ
991 2228 1131 2313 δόγματος
1147 2229 1266 2298 ἀτοπίας
1282 2229 1311 2290 ἐν
1324 2229 1423 2298 ἄλλοις
1439 2232 1508 2313 ήμῖν

262 2333 309 2396 ἐπὶ
332 2337 430 2397 πλεῖον
453 2332 573 2417 εἴρηται.
608 2329 649 2395 ἔτι
671 2332 704 2395 δὲ
726 2331 760 2395 οὐ
783 2335 924 2402 σώζουσιν
947 2333 973 2394 οἱ
997 2331 1090 2400 οότως
1112 2330 1242 2413 λέγοντες
1264 2332 1315 2415 τὴν
1339 2336 1390 2394 τοῦ
1412 2331 1508 2402 εἴδους

219 2451 247 2495 20
260 2437 413 2520 ἀναλογίαν
436 2440 487 2499 τοῦ
510 2435 540 2498 ἐν
563 2439 605 2519 τῷ
631 2431 701 2519 ζῴῳ
730 2434 800 2518 πρὸς
822 2434 857 2496 τὰ
880 2433 943 2517 είόη
971 2436 1060 2497 τότε
1086 2439 1143 2497 τῶν
1167 2435 1267 2496 ἁπλῶν
1291 2437 1435 2517 σωμάτων
1458 2437 1505 2499 καὶ

261 2539 298 2603 τὰ
319 2544 377 2602 τῶν
403 2538 558 2622 γινομένων
587 2536 661 2601 κατὰ
688 2536 801 2621 τέχνην.
846 2537 957 2620 οὐγὰρ
983 2541 1111 2600 τοιοῦτον
1139 2538 1158 2619 ή
1183 2537 1309 2622 βαρύτης
1337 2537 1413 2607 εἶδος
1440 2537 1508 2600 οὐδὲ

260 2643 279 2726 ή
303 2640 448 2726 κουφότης
475 2640 544 2704 οὐδὲ
572 2641 603 2704 τό
632 2644 743 2724 σμῆμα.
788 2635 829 2701 ἔτι
852 2639 884 2702 δὲ
906 2639 932 2701 εἰ
960 2639 989 2702 έν
1018 2664 1042 2702 τι
1070 2644 1127 2703 τῶν
1159 2641 1260 2702 ἁπλῶν
1288 2642 1432 2724 σωμυίτων
1455 2641 1507 2723 τήν

260 2746 301 2813 ὡς
324 2745 420 2830 ψυχήν
443 2742 520 2813 εἶδος
541 2743 659 2825 λέγοιεν,
683 2742 746 2804 ἐπεὶ
768 2744 801 2804 τὸ
824 2740 901 2811 εἶδος
922 2743 954 2804 τὸ
978 2744 1030 2825 τήν
1051 2742 1121 2825 όλην
1144 2743 1305 2805 είδοποιοῡν
1329 2744 1417 2817 ἐστιν,
1440 2743 1501 2807 ἀλλ’
1520 2761 1548 2802 ου

260 2846 293 2909 οό
317 2848 350 2911 τό
372 2845 606 2932 συναμφότερον,
628 2842 675 2929 εἴη
699 2845 734 2908 ἂν
757 2846 804 2908 κοιλ
828 2846 908 2930 ψυχή
934 2846 1006 2909 κατὰ
1029 2845 1096 2913 τοὺς
1119 2845 1194 2908 οὕτω
1218 2844 1353 2927 λέγοντας
1376 2847 1408 2908 τό
1431 2845 1507 2916 εἶδος

219 2966 246 3010 25
260 2950 362 3014 τούτου
387 2951 611 3032 τοῦσώματος,
642 2947 712 3032 ὅπερ
736 2947 812 3011 ἐστὶν
834 2950 853 3031 ή
876 2946 1021 3032 κουφότης
1048 2949 1066 3030 ᾖ
1090 2949 1109 3031 ή
1134 2949 1206 3030 μετὰ
1233 2950 1338 3031 ταύτης
1362 2948 1507 3032 θερμότης

257 3053 359 3116 τεκαὶ
383 3051 503 3136 ξηρότης
533 3051 601 3135 ήτι
624 3051 701 3119 εἶδος
728 3056 784 3113 τῶν
808 3051 908 3113 ἁπλῶν
938 3074 1010 3119 τινος
1034 3053 1188 3134 σωμάτων.
1234 3051 1302 3114 οὐδὲ
1326 3053 1352 3114 οἱ
1375 3050 1451 3121 εἶδος
1474 3052 1506 3115 δὲ

257 3154 388 3236 λέγοντες
408 3155 460 3238 τὴν
484 3155 581 3240 ψυχήν
605 3157 655 3217 τοῦ
679 3152 776 3240 ζῴου,
804 3153 880 3222 εἶδος
902 3154 935 3217 δὲ
957 3158 998 3223 ῶς
1019 3154 1119 3217 οὐσίαν
1148 3153 1210 3217 τινὰ
1232 3156 1380 3238 χωριστήν
1403 3156 1520 3245 τεκαὶν

258 3254 347 3340 αὐτὴν
370 3255 437 3320 καθ’
463 3257 565 3340 αὑτήν,
588 3260 628 3325 ῶς
650 3261 700 3340 τής
723 3260 795 3324 νεὼς
818 3257 866 3319 τόν
889 3256 1066 3341 κυβερνήτην
1089 3256 1253 3340 (εἶναιγὰρ
1276 3259 1407 3320 κάκεῖνον
1430 3256 1505 3326 εἶδος

257 3363 310 3442 τῆς
332 3361 405 3428 νεὼς
431 3360 479 3422 καὶ
507 3359 687 3443 τελειότητα)
716 3359 813 3444 όρίλῶς
839 3358 979 3441 λέγουσιν.
1022 3359 1056 3422 οὐ
1078 3348 1132 3442 γάρ
1160 3360 1221 3422 ἐστι
1249 3364 1300 3443 τῆς
1326 3367 1399 3430 νεὼς
1428 3359 1504 3429 εἶδος

217 3459 325 3523 sopire
347 3459 493 3544 τελειότης
520 3462 535 3524 ό
560 3462 746 3546 κυβερνήτης.
792 3459 853 3525 ἔστι
875 3461 928 3544 γὰρ
957 3465 1025 3530 νοιός
1051 3463 1099 3525 καὶ
1122 3463 1214 3546 χωρὶς
1240 3467 1290 3525 τοῦ
1317 3463 1503 3548 κυβερνήτου.
1518 3478 1546 3520 ‹v›

289 3562 301 3593 ἱ

203 3721 307 3775 23-26
334 3721 386 3773 imi
404 3719 433 3771 τὸ
453 3718 699 3788 ιίόυς-σωμοίτων]
720 3721 794 3773 Demi
812 3736 888 3773 wenn
907 3721 948 3773 siis
968 3722 1041 3773 Forrn
1061 3721 1128 3773 nach
1151 3721 1233 3773 dieser
1254 3722 1364 3773 Ansichi
1382 3720 1558 3797 iirwshrdss

202 3808 329 3862 Bildends
347 3807 397 3876 [sic
415 3808 435 3860 P
454 3809 483 3860 in
502 3824 552 3876 mg.
572 3808 647 3875 PpB:
671 3808 713 3860 die
732 3807 818 3876 Form]
837 3808 883 3860 ris-r
901 3808 967 3875 Hyle
985 3809 1029 3871 ist,
1047 3809 1120 3861 nicht
1140 3808 1185 3860 das
1205 3824 1251 3859 sus
1271 3808 1321 3859 deu
1341 3809 1434 3861 beiden
1454 3809 1558 3876 (ἱερευ-

202 3896 312 3948 siinden
332 3895 516 3959 i'erbundens‚
535 3909 563 3947 so
583 3895 645 3947 wird
664 3896 730 3947 auch
749 3895 790 3947 die
809 3894 881 3947 Seele
899 3893 1010 3947 isirwshr
1028 3896 1070 3948 die
1089 3896 1165 3948 Form
1186 3895 1269 3947 dieses
1289 3895 1399 3963 Kirpers
1418 3898 1489 3959 sein,
1511 3898 1558 3950 das

202 3984 236 4035 ist
255 3983 296 4035 dis
314 3982 489 4050 Leichtiglreii
510 3981 564 4033 und
582 3982 624 4034 dis
642 3983 746 4034 Wirme
769 3983 817 4034 mit
835 3983 876 4035 ihr
896 3982 951 4034 und
970 3982 1143 4036 Troclrsnheit
1166 3983 1227 4033 oder
1245 3983 1336 4050 irgsrrrl
1356 3983 1414 4036 eine
1433 3985 1477 4037 der
1495 3985 1557 4037 For-

203 4086 260 4122 men
279 4069 323 4121 der
342 4068 479 4121 einiachsn
498 4068 604 4135 Kirper.
640 4069 678 4120 ita
696 4071 781 4138 pergit
798 4074 858 4137 post
876 4069 1010 4133 lacunam,
1030 4086 1107 4138 quarn
1126 4070 1240 4123 indicavi
1261 4084 1286 4136 ρ.
1300 4069 1387 4135 18:22,
1406 4073 1557 4139 praemissis

202 4157 242 4209 his
261 4157 359 4209 vorbis:
388 4157 422 4208 Es
440 4155 498 4207 dari
518 4156 585 4207 auch
602 4155 726 4208 niemsnd
745 4172 834 4225 ssgsn,
853 4156 913 4208 dass
931 4157 973 4209 die
991 4157 1076 4221 Form,
1094 4157 1189 4210 welche
1209 4159 1236 4209 in
1255 4157 1344 4225 Bezug
1362 4158 1466 4211 auidis
1485 4159 1557 4212 Sosis

202 4242 403 4312 [angenommsn
423 4240 497 4310 wird]
522 4241 632 4295 iirwahr
655 4242 700 4294 der
716 4243 886 4296 Unterschied
910 4244 961 4306 sei,
984 4243 1092 4295 wslrher
1116 4243 1243 4296 zwischen
1266 4243 1317 4296 den
1339 4244 1458 4313 Kirpern
1481 4254 1556 4299 stati-

189 4329 290 4400 ¹findet,
307 4346 396 4399 wegen
415 4330 460 4382 der
479 4329 552 4396 Hyle.
588 4329 736 4397 Adscripsii
753 4338 838 4383 autern
857 4332 984 4397 interpres
1004 4329 1074 4382 hebr.
1093 4331 1121 4381 in
1139 4330 1159 4381 P
1179 4335 1205 4382 ei
1223 4347 1240 4398 ρ
1259 4330 1291 4383 sd
1313 4346 1356 4391 „es
1375 4332 1461 4385 riari‘:
1483 4333 1557 4396 „Von

201 4416 257 4469 hier
274 4417 315 4469 bis
336 4416 489 4480 „sinischen
508 4418 620 4484 Kirper“
641 4417 676 4468 isi
694 4417 830 4485 schwierip
847 4417 901 4470 und
920 4433 970 4469 uns
989 4416 1062 4468 nic-ht
1080 4417 1280 4469 versiin‹iiich“.

201 4638 217 4691 3
235 4637 285 4707 τῷ]
305 4643 365 4706 post
382 4657 404 4689 ω
425 4638 559 4706 paululum
579 4654 679 4692 erasum
699 4641 720 4692 V
827 4640 844 4692 4
863 4638 970 4708 ἐκείνου]
989 4640 1059 4692 inisr
1076 4657 1089 4691 ο
1108 4644 1134 4692 ει
1151 4657 1166 4690 υ
1184 4639 1317 4706 paululum
1337 4656 1438 4694 erasum
1460 4644 1480 4692 V

114 4740 120 4751 ¹
200 4723 261 4778 sir
279 4740 363 4778 ουκυ
445 4724 558 4777 Minoi
576 4729 625 4779 etc.
644 4727 750 4795 scripsi:
769 4725 846 4778 αὐτοῦ
864 4730 913 4779 etc.
933 4727 972 4777 Va
1056 4726 1088 4778 13
1106 4723 1226 4785 δίξατοιι
1311 4728 1343 4779 18
1361 4728 1388 4780 ἐν
1407 4728 1502 4798 ἄλλοις]
1522 4731 1555 4782 si.

200 4813 231 4864 de
250 4829 292 4864 an.
305 4814 328 4866 ΙΙ
351 4813 505 4880 ΙίιΙιιλδυη.
524 4816 549 4866 ei
568 4813 599 4866 ds
618 4814 693 4866 mixi.
716 4813 870 4882 142v16sq.
983 4812 1069 4864 2223
1096 4812 1143 4882 τὴν
1161 4815 1193 4867 ωὲ
1214 4815 1250 4866 sic
1271 4814 1305 4865 V:
1324 4814 1353 4867 τό
1372 4815 1408 4873 ῶς
1426 4818 1555 4871 λῖευιιυιυυ

200 4899 233 4952 ‘25
251 4899 268 4969 ή
287 4901 302 4970 i,
322 4900 427 4968 scripsi:
446 4899 463 4969 ἡ
482 4904 508 4952 st
527 4915 580 4952 una
600 4901 673 4954 litera
692 4917 765 4955 erasa
784 4903 818 4953 V:
838 4902 853 4973 ή
873 4919 888 4954 ιι
994 4902 1028 4951 is
1046 4906 1163 4969 κρκτῖνον
1182 4917 1206 4967 π,
1225 4917 1302 4969 saepo
