3548 5604
683 345 823 403 ΒΙΒΛΙΟΝ
843 345 972 403 ΤΡΙΤΟΝ
992 349 1079 401 9-10
1513 345 1556 410 99

258 528 367 592 στενοῖς
388 527 431 607 τῷ
455 522 533 607 παρὰ
554 523 606 606 τὴν
628 527 680 606 γῆν
704 522 734 585 ἐν
755 526 816 591 τοῖς
834 522 973 590 τοιούτοις
994 520 1092 590 τόποις
1112 521 1237 605 φανερὰν
1260 520 1350 605 αὑτῆς
1370 518 1501 604 γίνεσθαι

258 625 310 707 τὴν
334 624 530 710 μετάρρυσιν),
553 626 580 687 εἰ
602 624 634 688 δέ
655 648 698 694 τις
719 625 825 706 γίνεται
846 623 937 708 αὑτῆς
959 624 1067 707 κίνησις
1089 623 1147 686 ἀπὸ
1170 627 1227 687 τῶν
1247 623 1432 708 ὑψηλοτέρων
1455 620 1503 684 ἐπί
1529 634 1544 675 ⁵

259 727 295 790 τά
316 727 467 811 κοιλότερα
488 729 663 811 φερομένης,
693 727 746 790 οὑκ
769 725 819 790 ἀπ’
847 726 960 790 οἰκείων
987 731 1087 810 πηγῶν
1114 727 1188 789 ἀλλὰ
1214 732 1250 809 τῇ
1280 731 1337 788 τῶν
1364 728 1503 807 ποταμῶν

259 830 393 915 ἐπιχύσει
415 832 474 894 ἀπδ
502 835 560 893 τῶν
587 829 774 914 ὑψηλοτέρων
801 828 1003 913 ἐπιρρεόντων,
1031 827 1081 913 ἀφ’
1110 830 1150 893 ὧν
1177 829 1228 898 τάς
1254 829 1347 912 πηγὰς
1373 826 1504 914 ἔχουσιν,

224 951 239 998 5
259 933 299 999 ῶς
321 932 373 1015 τὴν
395 932 528 1016 τοιαύτην
555 933 664 1017 κίνησιν
691 933 749 996 ἀπὸ
771 937 872 1017 πηγῶν
901 933 952 1016 μέν
980 933 1031 1016 τὴν
1058 932 1154 1016 ἀρχὴν
1177 930 1270 1017 ἔχειν,
1301 928 1361 994 ἀλλ’
1389 929 1423 993 οὑ
1445 935 1502 993 τῶν
1519 944 1544 986 1⁰

259 1039 311 1118 τῆς
332 1035 488 1119 θαλάττης,
512 1035 587 1098 ἀλλὰ
608 1040 666 1098 τῶν
689 1039 826 1119 ποταμῶν
848 1039 906 1098 τῶν
929 1035 970 1105 εἰς
991 1034 1082 1118 αὑτὴν
1105 1035 1238 1120 ῥεόντων.
1271 1033 1318 1119 ἐφ’
1341 1031 1366 1119 ᾦ
1389 1032 1502 1106 ἔδειξεν,

260 1135 303 1200 ότι
326 1137 366 1220 μὴ
391 1138 522 1201 θαλαττά
544 1138 620 1201 ἐστιν
643 1139 722 1222 ἀρχὴ
746 1142 796 1201 τοὺ
820 1139 922 1207 ύδατος
944 1139 992 1201 κοιλ
1015 1139 1047 1201 τὸ
1063 1138 1195 1222 τέταρτον
1218 1143 1371 1221 στοιχεῖον,
1395 1135 1412 1199 ό
1432 1158 1505 1203 τινες

260 1240 511 1326 ὑπολαμβάνοντες
533 1239 632 1323 ἔλεγον
660 1241 700 1324 μη
728 1239 814 1323 μόνον
840 1241 906 1310 τοὺς
932 1241 1078 1324 ποταμοὺς
1104 1242 1145 1310 εἰς
1170 1242 1222 1325 τὴν
1248 1241 1398 1304 θάλασσαν
1422 1238 1504 1313 ἰέναι,

261 1339 362 1428 (ἀλλὰ)
384 1344 432 1406 καί
454 1345 512 1434 ἀπὸ
539 1349 591 1427 τῆς
619 1343 776 1427 θαλάττης,
802 1343 891 1427 γλυκὺ
916 1341 941 1406 δ’
969 1341 1048 1428 ἔχειν
1071 1345 1103 1406 τδ
1131 1344 1207 1426 ὕδωρ
1230 1349 1273 1428 τῷ
1297 1344 1356 1407 ἀπδ
1378 1347 1431 1426 τῆς
1451 1345 1545 1424 γῆςῐὸ

211 1444 333 1511 meni
356 1446 519 1530 ἠθούμενον
542 1445 691 1530 φέρεσθαι.
737 1444 785 1531 ἐφ’
812 1446 856 1515 οἶς
878 1446 1002 1523 δεικνύς,
1028 1445 1072 1508 ότι
1095 1447 1136 1530 μὴ
1159 1443 1219 1509 ἔστι
1244 1448 1277 1509 τδ
1305 1447 1382 1529 ύδωρ
1404 1446 1437 1508 τδ
1460 1444 1506 1507 διὰ

257 1552 309 1631 τῆς
331 1553 384 1632 γῆς
407 1550 534 1631 ἁλμυρόν
560 1573 597 1633 τη
622 1551 711 1613 οὑτοὺ
733 1548 833 1634 φύσει,
861 1549 1010 1612 ἀπέδωκεν
1032 1548 1123 1612 αἰτίαν
1150 1555 1202 1633 τῆς
1224 1548 1436 1634 άλμυρότητος,
1465 1550 1505 1616 ῶς

259 1648 451 1735 βλεγομένη,
474 1653 506 1714 τὺ
523 1655 574 1715 τοὺ
598 1652 700 1720 ὑδατος
722 1651 920 1736 περικειμένου
935 1675 967 1714 τε
988 1652 1036 1715 καί
1051 1652 1274 1736 περιτεταμένοο
1290 1652 1355 1736 περὶ
1378 1651 1430 1734 τὴν
1451 1653 1505 1733 γῆν
1518 1664 1546 1706 νο
1590 1734 1593 1739 Ι

257 1753 290 1814 τδ
314 1753 366 1835 μέν
388 1750 562 1817 λεπτότατον
588 1755 636 1817 καὶ
657 1754 831 1838 γλυκύτατον
854 1754 1013 1836 ἀνάγεσθαι
1034 1756 1082 1818 καὶ
1104 1754 1323 1838 ἀναθυμιάσθαι
1346 1750 1413 1816 καθ’
1441 1752 1505 1815 ἑκά·

258 1875 327 1938 στην
350 1856 461 1940 ἡμέραν
484 1857 539 1920 ὑπὺ
562 1862 614 1941 τῆς
641 1862 691 1920 τοὺ
715 1858 797 1940 ἡλίου
824 1859 979 1941 κινήσεως,
1008 1858 1126 1941 ἀτμίζον
1149 1857 1196 1921 διὰ
1218 1858 1251 1920 τό
1274 1853 1449 1941 κουφότερόν
1474 1878 1506 1917 τε

210 1977 238 2024 15
259 1956 290 2019 ὃν
313 1959 361 2021 καί
382 1959 587 2044 καθαρώτερον
608 1960 800 2034 ἐπιπολάζειν,
823 1961 924 2024 τούτου
947 1959 973 2024 δ’
994 1960 1173 2044 ἀναγομένου
1196 1965 1328 2045 συνεχῶς
1349 1960 1397 2022 καί
1419 1960 1503 2022 πάλιν
1516 1973 1544 2016 αα

261 2060 489 2145 μεταβάλλοντάς
516 2086 548 2126 τε
569 2064 618 2125 καί
646 2062 881 2147 καταφερομένου
908 2064 941 2127 τό
965 2065 1094 2148 ἁλμυρόν
1117 2062 1326 2126 ὑπολείπεσθαι
1349 2061 1396 2125 διά
1419 2062 1507 2147 βάρος

261 2162 290 2225 ἐν
313 2169 355 2249 τῷ
378 2169 429 2228 τοὺ
446 2165 547 2235 ύδατος
568 2166 667 2251 οἰκείῳ
690 2165 781 2251 τόπῳ.
807 2167 810 2251 ί
835 2166 882 2251 ἐφ’
903 2168 946 2236 οῖς
969 2168 1120 2252 ἀπορήσας
1142 2166 1232 2231 πόθεν
1254 2168 1273 2250 ἡ
1295 2167 1373 2251 ἀρχὴ
1397 2166 1445 2229 καὶ
1467 2167 1487 2249 ἡ
1510 2171 1559 2228 190

261 2264 336 2328 αἰτία
358 2272 412 2351 τῆς
433 2268 632 2353 ἁλμυρύτητος
657 2274 709 2352 τῆς
731 2269 820 2354 οὑσης
841 2271 871 2333 ἐν
894 2275 936 2355 τῷ
962 2270 1042 2333 ὑδατι
1069 2271 1117 2333 καὶ
1140 2276 1191 2354 τῆς
1213 2271 1373 2355 θαλάσσης,
1400 2267 1504 2338 ἔδειξεν

260 2373 317 2430 πᾶν
340 2371 373 2433 τδ
388 2369 535 2454 γινόμενον
558 2372 636 2456 ύδωρ
652 2374 783 2457 ἁλμυρόν
806 2373 860 2436 οὑκ
881 2374 915 2437 ἐκ
930 2374 1061 2437 τοιούτου
1084 2374 1158 2436 κατὰ
1181 2374 1254 2456 μῖξίν
1276 2394 1351 2442 τινος
1364 2372 1503 2455 γίνεσθαι.

207 2492 240 2538 20
259 2471 292 2534 τό
314 2496 345 2536 τε
367 2475 420 2559 γὰρ
436 2475 570 2560 σύστημα
592 2481 650 2539 τῶν
667 2474 752 2561 ζῴων
775 2478 807 2539 τδ
829 2476 860 2539 ἐν
883 2477 1033 2560 τῇκύστει
1057 2476 1105 2539 διὰ
1126 2481 1227 2539 τοῦτον
1249 2477 1298 2538 τόν
1314 2477 1411 2561 χυμὸν
1432 2475 1505 2539 εἶναι
1531 2490 1545 2532 ε

258 2580 399 2639 τοιοῦτον·
423 2578 554 2661 φαίνεται
575 2578 629 2663 γὰρ
646 2579 793 2665 μεμῖχθαί
811 2603 837 2642 τι
859 2577 941 2664 αὑτῷ
962 2581 1078 2660 γεῶδες,
1102 2578 1118 2640 δ
1141 2580 1229 2662 δῆλον
1250 2580 1354 2662 γίνεται
1370 2579 1506 2662 ὑφιζάνον

261 2679 291 2741 ἐν
313 2679 404 2764 αὐτῷ.
448 2681 524 2744 ἀλλὰ
545 2683 592 2744 καί
619 2683 635 2744 ὑ
659 2683 746 2767 ίδρῶς
769 2683 937 2766 μιγνύμενον
965 2680 1029 2769 ἔχει
1050 2686 1177 2745 τοιοῦτον
1206 2681 1237 2744 ἐν
1259 2682 1370 2766 ἑαυτῷ,
1398 2680 1518 2764 ὑλαμ-’

262 2782 341 2865 βάνει
368 2784 401 2845 τδ
427 2783 577 2867 πινόμενον
607 2785 685 2868 ύδωρ
716 2785 773 2847 ἀπό
801 2789 852 2847 τοὺ
879 2787 1029 2866 σώματος,
1061 2783 1251 2869 διηθούμενον
1279 2782 1315 2847 δι’
1343 2783 1431 2847 αὑτοὺ
1458 2786 1505 2847 καί
1519 2799 1547 2842 ιο

261 2885 359 2969 ὥσπερ
382 2891 487 2950 πλῦνον
509 2887 580 2950 αὑτό
602 2888 650 2950 καί
666 2887 816 2972 καθαῖρον.
850 2893 978 2951 τοιοῦτον
1001 2888 1033 2950 δὲ
1055 2890 1103 2950 καί
1125 2889 1157 2950 τὺ
1181 2887 1227 2950 διὰ
1250 2892 1302 2971 τῆς
1320 2887 1427 2972 τέφρας
1448 2887 1506 2968 διη-

206 3007 238 3055 νο
259 2989 409 3072 θυόμενον.
455 2988 514 3053 ἔστι
537 2991 569 3053 δὲ
593 2991 625 3052 τδ
654 2991 820 3074 μιγνύμενον
846 2990 958 3060 τούτοις
985 2991 1034 3054 καί
1058 2996 1111 3074 τῆς
1137 2991 1227 3074 αὑτῆς
1254 2990 1394 3074 ἰδιότητος
1416 2987 1505 3051 αἴτιον

262 3093 294 3154 τδ
321 3092 389 3155 ὅσον
412 3092 539 3156 ἄπεπτον
566 3094 596 3157 ἐν
619 3096 678 3163 τοῖς
700 3096 817 3177 σώμασι
843 3092 937 3176 μένει,
965 3096 1006 3178 μὴ
1036 3095 1159 3178 δυνηθὲν
1186 3094 1242 3158 ὑπδ
1269 3098 1321 3177 τῆς
1342 3093 1547 3178 πεπτούοηςιν

258 3195 329 3258 αὑτό
357 3197 574 3280 μεταβληθῆναι
604 3197 791 3281 θερμότητος.
836 3201 965 3266 τοιοῦτος
989 3197 1043 3280 γὰρ
1071 3195 1089 3258 ό
1114 3220 1146 3260 τε
1173 3198 1260 3281 ἱδρὼς
1286 3196 1333 3259 καί
1360 3196 1393 3258 τό
1421 3194 1506 3278 οὑρον

259 3299 305 3360 καὶ
328 3299 360 3360 τδ
383 3298 430 3362 διὰ
452 3304 504 3382 τῆς
525 3299 631 3383 τέφρας
654 3299 859 3384 διηθούμενον·
886 3299 1009 3384 καὶγὰρ
1031 3301 1051 3383 ἡ
1073 3299 1165 3383 τέφρα
1187 3300 1219 3362 τδ
1243 3300 1283 3382 μὴ
1307 3299 1431 3383 δυνηθὲν
1455 3303 1507 3381 τῆς

257 3405 309 3483 γῆς
337 3401 392 3464 ὑπὸ
420 3407 472 3465 τοῦ
499 3404 590 3484 πορδς
616 3402 798 3486 κρατηθῆναι
824 3403 873 3464 καί
901 3403 1071 3487 μεταβαλεῖν
1099 3403 1140 3471 εἰς
1162 3400 1247 3477 αὑτό,
1275 3400 1350 3464 ἀλλά
1378 3400 1505 3464 άπεπτον
1519 3415 1547 3457 9⁰

206 3521 239 3568 30
259 3509 356 3587 μεῖναν
379 3510 432 3587 τῆς
455 3505 597 3587 καομένης
620 3505 690 3589 ὑλης
706 3504 814 3589 μόριον.
849 3505 869 3568 ἃ
890 3509 1108 3574 κατασκευάσας
1123 3503 1236 3590 ἔλαβεν,
1260 3502 1304 3567 ὅτι
1325 3505 1372 3567 δεῖ
1392 3503 1505 3568 τοιοῦτό

258 3628 285 3668 τι
306 3606 379 3668 εἰναι
401 3610 449 3671 καὶ
472 3609 487 3671 ὃ
510 3613 552 3692 τῷ
578 3608 658 3672 ὑδατι
682 3608 850 3691 μιγνύμενον
871 3609 924 3692 τὴν
947 3609 1097 3672 θαλασσαν
1120 3607 1151 3676 ἐξ
1173 3607 1261 3670 αὑτοῦ
1284 3612 1369 3671 ποιεῖ.
1413 3606 1504 3670 εἰπὼν

259 3710 291 3772 δὲ
313 3711 370 3773 δεῖν
393 3708 520 3773 ἀπεπτόν
544 3733 569 3773 τι
592 3710 664 3774 εῖναι
686 3712 867 3796 περίττωμα,
894 3711 929 3775 οὑ
952 3714 971 3795 η
995 3709 1068 3794 μῖξις
1089 3714 1140 3794 τῆς
1162 3711 1234 3793 πρδς
1261 3711 1294 3773 τδ
1316 3710 1394 3794 ὕδωρ
1415 3709 1505 3774 αἰτιον
1520 3725 1547 3768 νο

258 3810 337 3896 αὑτῷ
366 3818 418 3896 τῆς
440 3812 638 3897 ἁλμυρότητος
664 3815 783 3896 γίνεται,
813 3814 817 3897 ί
846 3814 956 3884 δεικνὺς
982 3815 1009 3878 τί
1033 3812 1099 3876 πότ’
1127 3813 1188 3876 ἐστι
1209 3817 1308 3889 τοῦτο,
1336 3811 1438 3899 ἔλαβεν
1460 3814 1493 3876 τδ
1517 3820 1559 3878 191

258 3916 356 3999 ῶσπερ
379 3916 426 3978 ἐπί
454 3922 511 3979 τῶν
535 3918 680 3998 σωμάτων
709 3922 766 3979 τῶν
789 3916 875 4003 ζῴων
898 3917 928 3980 ἐν
951 3920 1012 3984 ταῖς
1038 3919 1158 4000 τροφαῖς
1183 3938 1215 3978 τε
1236 3914 1310 3999 <καὶ>
1334 3917 1507 4002 μεταβολαῖς

205 4035 238 4084 35
257 4017 373 4080 άπεπτά
395 4042 456 4081 τινα
472 4021 674 4103 περιττώματα
695 4020 809 4102 γίνεται,
833 4019 874 4082 ῶν
896 4025 935 4103 τῇ
952 4021 1024 4104 πρὸς
1046 4020 1078 4081 τὺ
1102 4018 1181 4101 ὑὺωρ
1203 4018 1276 4100 μίξει
1290 4018 1414 4098 γίνονταί
1434 4041 1506 4087 τινες

258 4122 386 4205 ἁλμοραί
406 4145 437 4185 τε
460 4123 632 4191 ὑποστάσεις
654 4122 684 4185 ἐν
699 4123 795 4192 αὑτοῖς
817 4123 865 4185 καί
880 4122 988 4206 πικραί.
1011 4121 1087 4184 οὑτω
1103 4122 1139 4204 δὴ
1157 4121 1204 4183 καὶ
1220 4119 1262 4204 (έν
1278 4120 1335 4205 τῷ)
1350 4122 1434 4183 παντὶ
1449 4122 1507 4184 ἀπὸ
1533 4138 1547 4180 ε

256 4225 370 4288 πάντων
386 4229 444 4288 τῶν
459 4224 613 4309 φυομένων
629 4227 676 4288 καλ
694 4224 849 4308 γινομένων
867 4225 1080 4309 ὑπολαμβάνειν
1096 4226 1140 4286 δεῖ
1154 4223 1288 4307 τοιαύτην
1299 4225 1361 4288 τινὰ
1378 4222 1505 4287 ἄπεπτον

204 4428 304 4481 θάλλὰ
322 4431 380 4483 add.
400 4431 455 4482 ΒΨ
474 4429 517 4498 Sp.
607 4429 738 4498 θγλυκὺν
762 4431 822 4483 libri
914 4431 943 4481 ll
969 4433 1017 4498 γησ
1040 4430 1068 4481 in
1087 4429 1125 4480 lit.
1145 4433 1168 4479 V
1257 4429 1365 4482 fortasse
1383 4432 1428 4500 γῆς
1449 4427 1561 4499 (διηθού-

204 4520 288 4584 μενον)
381 4517 412 4568 12
430 4517 551 4585 λιγομένη
569 4514 610 4585 τό]
629 4517 765 4588 λεγομένης
782 4519 820 4587 τῷ
832 4517 890 4584 Sp.:
901 4511 1040 4585 γενόμενον
1058 4515 1087 4567 τό
1101 4515 1148 4568 G²:
1168 4515 1277 4569 fortasse
1296 4517 1353 4586 (μὴ)
1366 4518 1501 4586 γενομένης
1519 4516 1560 4580 τός

204 4603 235 4656 ci.
250 4605 330 4658 Arist.
344 4606 402 4656 Met.
416 4602 509 4656 35725
615 4604 672 4673 τού]
695 4607 756 4658 tin
780 4605 818 4656 iii.
838 4609 862 4654 V
977 4603 1008 4654 17
1027 4604 1172 4672 ἀπορρησασ
1190 4607 1214 4652 V
1323 4604 1354 4655 18
1373 4605 1415 4656 καὶ
1433 4604 1515 4656 delevi

203 4691 237 4743 20
254 4693 354 4757 τοῦτον]
378 4697 453 4744 τούτο
472 4691 516 4758 Sp.
623 4689 657 4742 24
675 4690 768 4744 πλύνον
787 4692 844 4760 Sp.:
867 4689 1001 4761 πλὺἷνομεν
1019 4691 1056 4743 sie
1066 4695 1098 4741 V:
1117 4688 1208 4742 πλύνον
1222 4690 1267 4758 μὲν
1281 4693 1337 4744 GF:
1357 4691 1512 4759 πλονόμενον
1525 4695 1559 4743 Β;

203 4776 327 4846 πλύνομτν
347 4783 383 4832 Sa
475 4777 537 4829 αὑτὸ
556 4777 601 4845 Sp.
695 4777 729 4831 ‘25
747 4778 773 4830 δί
792 4780 820 4830 in
839 4779 878 4830 lit.
897 4782 920 4829 V
1004 4777 1093 4848 αὑτῆς]
1111 4777 1229 4848 τοιαύτης
1247 4778 1375 4831 Schwartz
1465 4779 1498 4830 ‘29
1516 4782 1562 4831 τοὺ

203 4866 231 4918 in
251 4867 290 4919 iit.
309 4871 334 4917 V
423 4863 592 4938 κρατηθῆναι]
611 4883 643 4935 τη
662 4866 690 4917 in
709 4865 746 4917 lit.
768 4870 791 4915 V
880 4863 913 4916 3⁶2
932 4865 989 4932 τῆς]
1010 4865 1152 4934 ίοτίοοουη
1243 4866 1276 4917 34
1295 4866 1337 4917 καὶ
1356 4865 1414 4917 add.
1428 4868 1463 4919 Sa
1482 4866 1527 4934 Sp.

203 4951 236 5006 35
255 4951 291 5005 ῶν
311 4952 452 5006 Schwartz:
473 4951 509 5012 ῶς
527 4953 586 5006 libri
693 4950 726 5004 36
745 4951 771 5003 ἰν
790 4950 829 5020 τῷ
846 4951 935 5004 addidi
954 4950 986 5003 ci.
1005 4949 1080 5004 Alex.
1100 4953 1128 5004 in
1147 4950 1356 5005 Momm-16

1314 5038 1359 5101 7*
