<?xml version="1.0" encoding="UTF-8"?>
<!DOCTYPE html PUBLIC "-//W3C//DTD XHTML 1.0 Transitional//EN"
    "http://www.w3.org/TR/xhtml1/DTD/xhtml1-transitional.dtd">
<html xmlns="http://www.w3.org/1999/xhtml" xml:lang="en" lang="en">
 <head>
  <title>
</title>
<meta http-equiv="Content-Type" content="text/html;charset=utf-8" />
  <meta name='ocr-system' content='tesseract 3.04.00' />
  <meta name='ocr-capabilities' content='ocr_page ocr_carea ocr_par ocr_line ocrx_word'/>
</head>
<body>
  <div class='ocr_page' id='page_1' title='image "./supplementumari02arisgoog/supplementumari02arisgoog_0465.png"; bbox 0 0 3540 5610; ppageno 0'>
   <div class='ocr_carea' id='block_1_1' title="bbox 208 292 1329 370">
    <p class='ocr_par' dir='ltr' id='par_1_1' title="bbox 208 292 1329 370">
     <span class='ocr_line' id='line_1_1' title="bbox 208 292 1329 370; baseline -0.011 -11"><span class='ocrx_word' id='word_1_1' title='bbox 208 303 268 368; x_wconf 79' lang='lat'>156</span> <span class='ocrx_word' id='word_1_2' title='bbox 433 298 597 370; x_wconf 79' lang='grc' dir='ltr'>[ΑΠΟΡΙΩΝ</span> <span class='ocrx_word' id='word_1_3' title='bbox 617 297 678 354; x_wconf 75' lang='grc' dir='ltr'>ΚΑΙ</span> <span class='ocrx_word' id='word_1_4' title='bbox 697 295 829 354; x_wconf 79' lang='grc' dir='ltr'>ΛΥΣΕΩΝ</span> <span class='ocrx_word' id='word_1_5' title='bbox 849 294 990 352; x_wconf 81' lang='grc' dir='ltr'>ΒΙΒΛῙθΝ</span> <span class='ocrx_word' id='word_1_6' title='bbox 1009 292 1192 352; x_wconf 71' lang='grc' dir='ltr'>ἸῈἸἋΡἸῸΝ</span> <span class='ocrx_word' id='word_1_7' title='bbox 1212 294 1329 364; x_wconf 74' lang='lat'><strong>27-28]</strong></span> 
     </span>
    </p>
   </div>
   <div class='ocr_carea' id='block_1_2' title="bbox 207 465 1560 2925">
    <p class='ocr_par' dir='ltr' id='par_1_2' title="bbox 207 465 1560 2925">
     <span class='ocr_line' id='line_1_2' title="bbox 260 465 1560 556; baseline -0.008 -20"><span class='ocrx_word' id='word_1_8' title='bbox 260 473 336 556; x_wconf 88' lang='grc' dir='ltr'>άκρα</span> <span class='ocrx_word' id='word_1_9' title='bbox 351 477 509 540; x_wconf 77' lang='grc' dir='ltr'>ἀποστάσει</span> <span class='ocrx_word' id='word_1_10' title='bbox 533 477 565 539; x_wconf 91' lang='grc' dir='ltr'>τδ</span> <span class='ocrx_word' id='word_1_11' title='bbox 589 473 661 537; x_wconf 83' lang='grc' dir='ltr'>εἶναι</span> <span class='ocrx_word' id='word_1_12' title='bbox 683 472 779 543; x_wconf 82' lang='grc' dir='ltr'>αὐτοῖς</span> <span class='ocrx_word' id='word_1_13' title='bbox 796 473 903 556; x_wconf 80' lang='grc' dir='ltr'>μέσοις.</span> <span class='ocrx_word' id='word_1_14' title='bbox 938 471 987 535; x_wconf 90' lang='grc' dir='ltr'>ἐπί</span> <span class='ocrx_word' id='word_1_15' title='bbox 1007 493 1038 532; x_wconf 87' lang='grc' dir='ltr'>τε</span> <span class='ocrx_word' id='word_1_16' title='bbox 1052 469 1106 552; x_wconf 83' lang='grc' dir='ltr'>γὰρ</span> <span class='ocrx_word' id='word_1_17' title='bbox 1129 475 1186 531; x_wconf 92' lang='grc' dir='ltr'>τῶν</span> <span class='ocrx_word' id='word_1_18' title='bbox 1210 469 1283 532; x_wconf 81' lang='grc' dir='ltr'>κατὰ</span> <span class='ocrx_word' id='word_1_19' title='bbox 1305 469 1356 537; x_wconf 79' lang='grc' dir='ltr'>τὰς</span> <span class='ocrx_word' id='word_1_20' title='bbox 1378 465 1486 551; x_wconf 81' lang='grc' dir='ltr'><strong>τέχνας</strong></span> <span class='ocrx_word' id='word_1_21' title='bbox 1508 472 1560 528; x_wconf 72' lang='lat'>299</span> 
     </span>
     <span class='ocr_line' id='line_1_3' title="bbox 259 571 1508 660; baseline -0.005 -22"><span class='ocrx_word' id='word_1_22' title='bbox 259 579 416 660; x_wconf 81' lang='grc' dir='ltr'>γινομένων</span> <span class='ocrx_word' id='word_1_23' title='bbox 438 580 471 640; x_wconf 83' lang='grc' dir='ltr'>τὸ</span> <span class='ocrx_word' id='word_1_24' title='bbox 495 577 582 659; x_wconf 88' lang='grc' dir='ltr'>μέσον</span> <span class='ocrx_word' id='word_1_25' title='bbox 605 577 705 640; x_wconf 80' lang='grc' dir='ltr'>τεκαὶ</span> <span class='ocrx_word' id='word_1_26' title='bbox 729 577 890 660; x_wconf 84' lang='grc' dir='ltr'>σὺμμετρον</span> <span class='ocrx_word' id='word_1_27' title='bbox 912 575 965 638; x_wconf 89' lang='grc' dir='ltr'>οὑκ</span> <span class='ocrx_word' id='word_1_28' title='bbox 988 574 1020 636; x_wconf 89' lang='grc' dir='ltr'>ἐκ</span> <span class='ocrx_word' id='word_1_29' title='bbox 1042 578 1093 655; x_wconf 74' lang='grc' dir='ltr'>τῆς</span> <span class='ocrx_word' id='word_1_30' title='bbox 1109 571 1272 638; x_wconf 90' lang='grc' dir='ltr'>συνθέσεως</span> <span class='ocrx_word' id='word_1_31' title='bbox 1294 575 1344 633; x_wconf 85' lang='grc' dir='ltr'>τοὺ</span> <span class='ocrx_word' id='word_1_32' title='bbox 1368 594 1399 632; x_wconf 90' lang='grc' dir='ltr'>τε</span> <span class='ocrx_word' id='word_1_33' title='bbox 1422 571 1508 653; x_wconf 89' lang='grc' dir='ltr'>ὑπερ-</span> 
     </span>
     <span class='ocr_line' id='line_1_4' title="bbox 262 672 1551 764; baseline -0.01 -22"><span class='ocrx_word' id='word_1_34' title='bbox 262 680 415 764; x_wconf 85' lang='grc' dir='ltr'>βάλλοντος</span> <span class='ocrx_word' id='word_1_35' title='bbox 438 682 486 743; x_wconf 85' lang='grc' dir='ltr'>καὶ</span> <span class='ocrx_word' id='word_1_36' title='bbox 509 685 559 742; x_wconf 85' lang='grc' dir='ltr'>τοῦ</span> <span class='ocrx_word' id='word_1_37' title='bbox 583 679 737 752; x_wconf 77' lang='grc' dir='ltr'>ἐνδέοντος,</span> <span class='ocrx_word' id='word_1_38' title='bbox 760 677 820 742; x_wconf 87' lang='grc' dir='ltr'>ἀλλ’</span> <span class='ocrx_word' id='word_1_39' title='bbox 841 679 871 740; x_wconf 89' lang='grc' dir='ltr'>ἐν</span> <span class='ocrx_word' id='word_1_40' title='bbox 893 683 929 760; x_wconf 72' lang='grc' dir='ltr'>τῇ</span> <span class='ocrx_word' id='word_1_41' title='bbox 954 681 1031 760; x_wconf 77' lang='grc' dir='ltr'>φυγῇ</span> <span class='ocrx_word' id='word_1_42' title='bbox 1054 677 1173 738; x_wconf 84' lang='grc' dir='ltr'>τούτων.</span> <span class='ocrx_word' id='word_1_43' title='bbox 1215 673 1248 736; x_wconf 87' lang='grc' dir='ltr'>οὑ</span> <span class='ocrx_word' id='word_1_44' title='bbox 1270 672 1324 755; x_wconf 84' lang='grc' dir='ltr'>γὰρ</span> <span class='ocrx_word' id='word_1_45' title='bbox 1347 673 1381 735; x_wconf 82' lang='grc' dir='ltr'>ἐκ</span> <span class='ocrx_word' id='word_1_46' title='bbox 1404 673 1509 755; x_wconf 81' lang='grc' dir='ltr'><strong>μίξεως</strong></span> <span class='ocrx_word' id='word_1_47' title='bbox 1536 688 1551 729; x_wconf 82' lang='grc' dir='ltr'>σ</span> 
     </span>
     <span class='ocr_line' id='line_1_5' title="bbox 259 774 1507 867; baseline -0.004 -24"><span class='ocrx_word' id='word_1_48' title='bbox 259 787 317 844; x_wconf 89' lang='grc' dir='ltr'>τῶν</span> <span class='ocrx_word' id='word_1_49' title='bbox 345 781 580 867; x_wconf 73' lang='grc' dir='ltr'>ὑπερβαλλόντων</span> <span class='ocrx_word' id='word_1_50' title='bbox 608 783 655 844; x_wconf 85' lang='grc' dir='ltr'>καὶ</span> <span class='ocrx_word' id='word_1_51' title='bbox 682 781 835 844; x_wconf 87' lang='grc' dir='ltr'>ἐνδεὺντων</span> <span class='ocrx_word' id='word_1_52' title='bbox 858 783 1022 863; x_wconf 85' lang='grc' dir='ltr'>γυμνασίων</span> <span class='ocrx_word' id='word_1_53' title='bbox 1046 778 1153 850; x_wconf 79' lang='grc' dir='ltr'>εὐεξία,</span> <span class='ocrx_word' id='word_1_54' title='bbox 1181 777 1272 839; x_wconf 88' lang='grc' dir='ltr'>καίτοι</span> <span class='ocrx_word' id='word_1_55' title='bbox 1299 774 1373 839; x_wconf 87' lang='grc' dir='ltr'>οὑσα</span> <span class='ocrx_word' id='word_1_56' title='bbox 1399 777 1430 840; x_wconf 81' lang='grc' dir='ltr'>ἐν</span> <span class='ocrx_word' id='word_1_57' title='bbox 1459 799 1507 856; x_wconf 88' lang='grc' dir='ltr'>με·</span> 
     </span>
     <span class='ocr_line' id='line_1_6' title="bbox 227 878 1507 969; baseline -0.009 -18"><span class='ocrx_word' id='word_1_58' title='bbox 227 886 362 969; x_wconf 86' lang='grc' dir='ltr'>5σὺτητι</span> <span class='ocrx_word' id='word_1_59' title='bbox 384 884 494 948; x_wconf 83' lang='grc' dir='ltr'>αὑτῶν·</span> <span class='ocrx_word' id='word_1_60' title='bbox 517 882 577 946; x_wconf 72' lang='grc' dir='ltr'>ἀλλ’</span> <span class='ocrx_word' id='word_1_61' title='bbox 605 884 672 946; x_wconf 86' lang='grc' dir='ltr'>οὐδὲ</span> <span class='ocrx_word' id='word_1_62' title='bbox 693 885 712 966; x_wconf 72' lang='grc' dir='ltr'>ί,</span> <span class='ocrx_word' id='word_1_63' title='bbox 737 884 818 964; x_wconf 93' lang='grc' dir='ltr'>ὑγεία</span> <span class='ocrx_word' id='word_1_64' title='bbox 838 887 938 945; x_wconf 83' lang='grc' dir='ltr'>τοῦτον</span> <span class='ocrx_word' id='word_1_65' title='bbox 960 882 1065 965; x_wconf 87' lang='grc' dir='ltr'>γίνεται</span> <span class='ocrx_word' id='word_1_66' title='bbox 1086 882 1134 943; x_wconf 85' lang='grc' dir='ltr'>τδν</span> <span class='ocrx_word' id='word_1_67' title='bbox 1157 881 1275 964; x_wconf 82' lang='grc' dir='ltr'>τρόπον·</span> <span class='ocrx_word' id='word_1_68' title='bbox 1307 878 1367 942; x_wconf 80' lang='grc' dir='ltr'>ἀλλ’</span> <span class='ocrx_word' id='word_1_69' title='bbox 1395 879 1507 961; x_wconf 78' lang='grc' dir='ltr'>οὑδέΐη</span> 
     </span>
     <span class='ocr_line' id='line_1_7' title="bbox 259 972 1550 1070; baseline -0.006 -23"><span class='ocrx_word' id='word_1_70' title='bbox 259 989 401 1069; x_wconf 80' lang='grc' dir='ltr'>πλαστικὴ</span> <span class='ocrx_word' id='word_1_71' title='bbox 424 987 473 1056; x_wconf 85' lang='grc' dir='ltr'>τάς</span> <span class='ocrx_word' id='word_1_72' title='bbox 497 972 659 1070; x_wconf 83' lang='grc' dir='ltr'>ὑπερβολὰς</span> <span class='ocrx_word' id='word_1_73' title='bbox 685 987 732 1048; x_wconf 85' lang='grc' dir='ltr'>καὶ</span> <span class='ocrx_word' id='word_1_74' title='bbox 758 987 809 1049; x_wconf 82' lang='grc' dir='ltr'>τὰς</span> <span class='ocrx_word' id='word_1_75' title='bbox 831 984 939 1052; x_wconf 78' lang='grc' dir='ltr'>ἐνδείας</span> <span class='ocrx_word' id='word_1_76' title='bbox 965 985 1138 1068; x_wconf 85' lang='grc' dir='ltr'>συντιθησιν.</span> <span class='ocrx_word' id='word_1_77' title='bbox 1183 983 1250 1045; x_wconf 84' lang='grc' dir='ltr'>οὑδὲ</span> <span class='ocrx_word' id='word_1_78' title='bbox 1276 983 1309 1044; x_wconf 89' lang='grc' dir='ltr'>τδ</span> <span class='ocrx_word' id='word_1_79' title='bbox 1335 982 1452 1067; x_wconf 80' lang='grc' dir='ltr'>κέντρον</span> <span class='ocrx_word' id='word_1_80' title='bbox 1475 983 1508 1045; x_wconf 85' lang='grc' dir='ltr'>δὲ</span> <span class='ocrx_word' id='word_1_81' title='bbox 1522 998 1550 1039; x_wconf 84' lang='grc' dir='ltr'>ιο</span> 
     </span>
     <span class='ocr_line' id='line_1_8' title="bbox 260 1085 1506 1170; baseline 0 -21"><span class='ocrx_word' id='word_1_82' title='bbox 260 1093 310 1150; x_wconf 86' lang='grc' dir='ltr'>τοὺ</span> <span class='ocrx_word' id='word_1_83' title='bbox 334 1090 441 1153; x_wconf 88' lang='grc' dir='ltr'>κὺκλου</span> <span class='ocrx_word' id='word_1_84' title='bbox 464 1089 497 1152; x_wconf 89' lang='grc' dir='ltr'>ἐκ</span> <span class='ocrx_word' id='word_1_85' title='bbox 520 1089 623 1170; x_wconf 75' lang='grc' dir='ltr'>μίξεως</span> <span class='ocrx_word' id='word_1_86' title='bbox 649 1089 758 1151; x_wconf 84' lang='grc' dir='ltr'>τούτων</span> <span class='ocrx_word' id='word_1_87' title='bbox 781 1087 858 1150; x_wconf 86' lang='grc' dir='ltr'>ἐστὶν</span> <span class='ocrx_word' id='word_1_88' title='bbox 881 1088 921 1148; x_wconf 86' lang='grc' dir='ltr'>ῶν</span> <span class='ocrx_word' id='word_1_89' title='bbox 945 1085 1091 1169; x_wconf 84' lang='grc' dir='ltr'>ἀφέστηκε</span> <span class='ocrx_word' id='word_1_90' title='bbox 1114 1089 1256 1160; x_wconf 83' lang='grc' dir='ltr'>πλεῖστον,</span> <span class='ocrx_word' id='word_1_91' title='bbox 1284 1085 1349 1148; x_wconf 80' lang='grc' dir='ltr'>ἀλλ’</span> <span class='ocrx_word' id='word_1_92' title='bbox 1377 1085 1447 1149; x_wconf 84' lang='grc' dir='ltr'>οὑδὲ</span> <span class='ocrx_word' id='word_1_93' title='bbox 1469 1087 1506 1149; x_wconf 83' lang='grc' dir='ltr'>τὰ</span> 
     </span>
     <span class='ocr_line' id='line_1_9' title="bbox 260 1187 1508 1273; baseline -0.002 -20"><span class='ocrx_word' id='word_1_94' title='bbox 260 1191 364 1273; x_wconf 75' lang='grc' dir='ltr'>μεταξὺ</span> <span class='ocrx_word' id='word_1_95' title='bbox 388 1197 446 1254; x_wconf 87' lang='grc' dir='ltr'>τῶν</span> <span class='ocrx_word' id='word_1_96' title='bbox 474 1215 504 1254; x_wconf 83' lang='grc' dir='ltr'>τε</span> <span class='ocrx_word' id='word_1_97' title='bbox 528 1191 647 1273; x_wconf 86' lang='grc' dir='ltr'>ἀγαθῶν</span> <span class='ocrx_word' id='word_1_98' title='bbox 675 1192 723 1253; x_wconf 83' lang='grc' dir='ltr'>καὶ</span> <span class='ocrx_word' id='word_1_99' title='bbox 750 1196 807 1253; x_wconf 91' lang='grc' dir='ltr'>τῶν</span> <span class='ocrx_word' id='word_1_100' title='bbox 833 1193 931 1252; x_wconf 88' lang='grc' dir='ltr'>κακῶν</span> <span class='ocrx_word' id='word_1_101' title='bbox 959 1189 988 1257; x_wconf 79' lang='grc' dir='ltr'>ἐξ</span> <span class='ocrx_word' id='word_1_102' title='bbox 1015 1189 1132 1251; x_wconf 81' lang='grc' dir='ltr'>ἐκείνων</span> <span class='ocrx_word' id='word_1_103' title='bbox 1160 1187 1304 1270; x_wconf 80' lang='grc' dir='ltr'>μέμικται.</span> <span class='ocrx_word' id='word_1_104' title='bbox 1350 1188 1409 1251; x_wconf 83' lang='grc' dir='ltr'>ἀλλ’</span> <span class='ocrx_word' id='word_1_105' title='bbox 1438 1189 1508 1252; x_wconf 85' lang='grc' dir='ltr'>οὐδὲ</span> 
     </span>
     <span class='ocr_line' id='line_1_10' title="bbox 259 1290 1548 1376; baseline -0.001 -22"><span class='ocrx_word' id='word_1_106' title='bbox 259 1294 307 1354; x_wconf 86' lang='grc' dir='ltr'>τδν</span> <span class='ocrx_word' id='word_1_107' title='bbox 331 1293 528 1376; x_wconf 77' lang='grc' dir='ltr'>προκόπτοντα</span> <span class='ocrx_word' id='word_1_108' title='bbox 551 1294 721 1376; x_wconf 87' lang='grc' dir='ltr'>συγκεῖσθαι</span> <span class='ocrx_word' id='word_1_109' title='bbox 744 1293 777 1357; x_wconf 85' lang='grc' dir='ltr'>ἐκ</span> <span class='ocrx_word' id='word_1_110' title='bbox 799 1294 900 1361; x_wconf 81' lang='grc' dir='ltr'>κακίας</span> <span class='ocrx_word' id='word_1_111' title='bbox 921 1315 952 1354; x_wconf 87' lang='grc' dir='ltr'>τε</span> <span class='ocrx_word' id='word_1_112' title='bbox 974 1293 1021 1355; x_wconf 86' lang='grc' dir='ltr'>καὶ</span> <span class='ocrx_word' id='word_1_113' title='bbox 1046 1293 1151 1374; x_wconf 81' lang='grc' dir='ltr'>ἀρετῆς</span> <span class='ocrx_word' id='word_1_114' title='bbox 1173 1293 1265 1375; x_wconf 78' lang='grc' dir='ltr'>φήσαι</span> <span class='ocrx_word' id='word_1_115' title='bbox 1286 1314 1327 1360; x_wconf 90' lang='grc' dir='ltr'>τις</span> <span class='ocrx_word' id='word_1_116' title='bbox 1350 1290 1394 1354; x_wconf 86' lang='grc' dir='ltr'>ἀν.</span> <span class='ocrx_word' id='word_1_117' title='bbox 1523 1306 1548 1347; x_wconf 76' lang='lat'>1⁵</span> 
     </span>
     <span class='ocr_line' id='line_1_11' title="bbox 210 1393 1508 1478; baseline -0.005 -16"><span class='ocrx_word' id='word_1_118' title='bbox 210 1415 241 1462; x_wconf 87' lang='lat'>10</span> <span class='ocrx_word' id='word_1_119' title='bbox 345 1395 422 1461; x_wconf 82' lang='grc' dir='ltr'>Οὑδὲ</span> <span class='ocrx_word' id='word_1_120' title='bbox 445 1397 538 1459; x_wconf 89' lang='grc' dir='ltr'>ἐκεῖνο</span> <span class='ocrx_word' id='word_1_121' title='bbox 561 1397 637 1478; x_wconf 81' lang='grc' dir='ltr'>ὑγιὲς</span> <span class='ocrx_word' id='word_1_122' title='bbox 658 1398 691 1459; x_wconf 91' lang='grc' dir='ltr'>τδ</span> <span class='ocrx_word' id='word_1_123' title='bbox 713 1396 815 1478; x_wconf 85' lang='grc' dir='ltr'>λέγειν,</span> <span class='ocrx_word' id='word_1_124' title='bbox 837 1396 864 1457; x_wconf 82' lang='grc' dir='ltr'>εί</span> <span class='ocrx_word' id='word_1_125' title='bbox 884 1393 1009 1477; x_wconf 86' lang='grc' dir='ltr'>μεσὺτης</span> <span class='ocrx_word' id='word_1_126' title='bbox 1029 1397 1048 1476; x_wconf 74' lang='grc' dir='ltr'>ἡ</span> <span class='ocrx_word' id='word_1_127' title='bbox 1065 1393 1165 1477; x_wconf 85' lang='grc' dir='ltr'>ἀρετί,</span> <span class='ocrx_word' id='word_1_128' title='bbox 1188 1396 1287 1477; x_wconf 80' lang='grc' dir='ltr'>δεήσει</span> <span class='ocrx_word' id='word_1_129' title='bbox 1310 1395 1368 1456; x_wconf 81' lang='grc' dir='ltr'>ἀπὸ</span> <span class='ocrx_word' id='word_1_130' title='bbox 1391 1400 1444 1477; x_wconf 77' lang='grc' dir='ltr'>τῆς</span> <span class='ocrx_word' id='word_1_131' title='bbox 1465 1395 1508 1456; x_wconf 84' lang='grc' dir='ltr'>ἐν·</span> 
     </span>
     <span class='ocr_line' id='line_1_12' title="bbox 258 1496 1507 1583; baseline -0.002 -22"><span class='ocrx_word' id='word_1_132' title='bbox 258 1499 335 1568; x_wconf 87' lang='grc' dir='ltr'>δείας</span> <span class='ocrx_word' id='word_1_133' title='bbox 358 1500 399 1567; x_wconf 81' lang='grc' dir='ltr'>είς</span> <span class='ocrx_word' id='word_1_134' title='bbox 421 1499 472 1582; x_wconf 79' lang='grc' dir='ltr'>τὴν</span> <span class='ocrx_word' id='word_1_135' title='bbox 495 1499 656 1583; x_wconf 80' lang='grc' dir='ltr'>ὑπερβολὴν</span> <span class='ocrx_word' id='word_1_136' title='bbox 680 1497 815 1582; x_wconf 85' lang='grc' dir='ltr'>προϊὺντα</span> <span class='ocrx_word' id='word_1_137' title='bbox 839 1504 952 1582; x_wconf 87' lang='grc' dir='ltr'>πρῶτον</span> <span class='ocrx_word' id='word_1_138' title='bbox 976 1498 1005 1560; x_wconf 82' lang='grc' dir='ltr'>ἐν</span> <span class='ocrx_word' id='word_1_139' title='bbox 1028 1498 1118 1580; x_wconf 73' lang='grc' dir='ltr'>ἀρετῇ</span> <span class='ocrx_word' id='word_1_140' title='bbox 1140 1496 1285 1578; x_wconf 87' lang='grc' dir='ltr'>γενέσθαι.</span> <span class='ocrx_word' id='word_1_141' title='bbox 1328 1497 1354 1559; x_wconf 82' lang='grc' dir='ltr'>εί</span> <span class='ocrx_word' id='word_1_142' title='bbox 1377 1498 1429 1577; x_wconf 84' lang='grc' dir='ltr'>μὲν</span> <span class='ocrx_word' id='word_1_143' title='bbox 1452 1496 1507 1579; x_wconf 78' lang='grc' dir='ltr'>γάρ</span> 
     </span>
     <span class='ocr_line' id='line_1_13' title="bbox 259 1598 1549 1685; baseline -0.003 -24"><span class='ocrx_word' id='word_1_144' title='bbox 259 1600 294 1685; x_wconf 74' lang='grc' dir='ltr'>ἦν</span> <span class='ocrx_word' id='word_1_145' title='bbox 318 1601 352 1664; x_wconf 88' lang='grc' dir='ltr'>τά</span> <span class='ocrx_word' id='word_1_146' title='bbox 376 1601 452 1682; x_wconf 86' lang='grc' dir='ltr'>μέσα</span> <span class='ocrx_word' id='word_1_147' title='bbox 479 1601 560 1683; x_wconf 89' lang='grc' dir='ltr'>πάθη</span> <span class='ocrx_word' id='word_1_148' title='bbox 588 1602 634 1664; x_wconf 83' lang='grc' dir='ltr'>καὶ</span> <span class='ocrx_word' id='word_1_149' title='bbox 661 1603 691 1663; x_wconf 85' lang='grc' dir='ltr'>αἱ</span> <span class='ocrx_word' id='word_1_150' title='bbox 715 1602 800 1685; x_wconf 87' lang='grc' dir='ltr'>μέσαι</span> <span class='ocrx_word' id='word_1_151' title='bbox 827 1601 942 1685; x_wconf 80' lang='grc' dir='ltr'>πράξεις</span> <span class='ocrx_word' id='word_1_152' title='bbox 969 1603 997 1663; x_wconf 82' lang='grc' dir='ltr'>αἱ</span> <span class='ocrx_word' id='word_1_153' title='bbox 1021 1601 1133 1684; x_wconf 84' lang='grc' dir='ltr'>ἀρεταί,</span> <span class='ocrx_word' id='word_1_154' title='bbox 1162 1599 1232 1668; x_wconf 86' lang='grc' dir='ltr'>ίσως</span> <span class='ocrx_word' id='word_1_155' title='bbox 1258 1598 1293 1662; x_wconf 86' lang='grc' dir='ltr'>ἀν</span> <span class='ocrx_word' id='word_1_156' title='bbox 1316 1624 1341 1661; x_wconf 89' lang='grc' dir='ltr'>τι</span> <span class='ocrx_word' id='word_1_157' title='bbox 1368 1599 1549 1684; x_wconf 72' lang='grc' dir='ltr'>ἦνλεγδεο</span> 
     </span>
     <span class='ocr_line' id='line_1_14' title="bbox 259 1702 1508 1789; baseline -0.001 -25"><span class='ocrx_word' id='word_1_158' title='bbox 259 1726 354 1785; x_wconf 90' lang='grc' dir='ltr'>μενον,</span> <span class='ocrx_word' id='word_1_159' title='bbox 377 1706 404 1766; x_wconf 79' lang='grc' dir='ltr'>εἰ</span> <span class='ocrx_word' id='word_1_160' title='bbox 426 1702 452 1766; x_wconf 76' lang='grc' dir='ltr'>δ’</span> <span class='ocrx_word' id='word_1_161' title='bbox 473 1703 549 1766; x_wconf 82' lang='grc' dir='ltr'>ἐστὶν</span> <span class='ocrx_word' id='word_1_162' title='bbox 571 1706 590 1787; x_wconf 77' lang='grc' dir='ltr'>η</span> <span class='ocrx_word' id='word_1_163' title='bbox 614 1705 701 1788; x_wconf 84' lang='grc' dir='ltr'>ἀρετὴ</span> <span class='ocrx_word' id='word_1_164' title='bbox 724 1704 754 1766; x_wconf 90' lang='grc' dir='ltr'>ἐν</span> <span class='ocrx_word' id='word_1_165' title='bbox 777 1710 819 1789; x_wconf 81' lang='grc' dir='ltr'>τῷ</span> <span class='ocrx_word' id='word_1_166' title='bbox 844 1706 967 1788; x_wconf 79' lang='grc' dir='ltr'>ὡρίσθαι</span> <span class='ocrx_word' id='word_1_167' title='bbox 989 1708 1078 1766; x_wconf 78' lang='grc' dir='ltr'>ταῦτα</span> <span class='ocrx_word' id='word_1_168' title='bbox 1100 1709 1141 1787; x_wconf 81' lang='grc' dir='ltr'>τῷ</span> <span class='ocrx_word' id='word_1_169' title='bbox 1166 1704 1248 1788; x_wconf 78' lang='grc' dir='ltr'>ὀρθῷ</span> <span class='ocrx_word' id='word_1_170' title='bbox 1270 1704 1359 1788; x_wconf 77' lang='grc' dir='ltr'>λόγῳ,</span> <span class='ocrx_word' id='word_1_171' title='bbox 1381 1703 1416 1766; x_wconf 88' lang='grc' dir='ltr'>οὑ</span> <span class='ocrx_word' id='word_1_172' title='bbox 1439 1706 1508 1766; x_wconf 91' lang='grc' dir='ltr'>πάν-</span> 
     </span>
     <span class='ocr_line' id='line_1_15' title="bbox 258 1804 1507 1890; baseline 0.002 -24"><span class='ocrx_word' id='word_1_173' title='bbox 258 1827 315 1873; x_wconf 87' lang='grc' dir='ltr'>τως</span> <span class='ocrx_word' id='word_1_174' title='bbox 338 1805 353 1867; x_wconf 89' lang='grc' dir='ltr'>ὁ</span> <span class='ocrx_word' id='word_1_175' title='bbox 380 1807 411 1868; x_wconf 87' lang='grc' dir='ltr'>ἐν</span> <span class='ocrx_word' id='word_1_176' title='bbox 435 1806 517 1890; x_wconf 82' lang='grc' dir='ltr'>μέσῳ</span> <span class='ocrx_word' id='word_1_177' title='bbox 545 1807 634 1870; x_wconf 84' lang='grc' dir='ltr'>πάθει</span> <span class='ocrx_word' id='word_1_178' title='bbox 663 1808 714 1869; x_wconf 84' lang='grc' dir='ltr'>τινὶ</span> <span class='ocrx_word' id='word_1_179' title='bbox 740 1808 892 1890; x_wconf 85' lang='grc' dir='ltr'>γενόμενος</span> <span class='ocrx_word' id='word_1_180' title='bbox 919 1806 975 1890; x_wconf 75' lang='grc' dir='ltr'>ἤδη</span> <span class='ocrx_word' id='word_1_181' title='bbox 1006 1806 1110 1887; x_wconf 83' lang='grc' dir='ltr'>γίνεται</span> <span class='ocrx_word' id='word_1_182' title='bbox 1137 1807 1165 1868; x_wconf 85' lang='grc' dir='ltr'>ἐν</span> <span class='ocrx_word' id='word_1_183' title='bbox 1189 1804 1268 1888; x_wconf 79' lang='grc' dir='ltr'>αὑτῷ</span> <span class='ocrx_word' id='word_1_184' title='bbox 1298 1809 1339 1873; x_wconf 88' lang='grc' dir='ltr'>ῶς</span> <span class='ocrx_word' id='word_1_185' title='bbox 1360 1807 1434 1869; x_wconf 90' lang='grc' dir='ltr'>κατά</span> <span class='ocrx_word' id='word_1_186' title='bbox 1456 1808 1507 1869; x_wconf 75' lang='grc' dir='ltr'>τὸν</span> 
     </span>
     <span class='ocr_line' id='line_1_16' title="bbox 208 1907 1509 1994; baseline -0.003 -20"><span class='ocrx_word' id='word_1_187' title='bbox 208 1928 238 1976; x_wconf 84' lang='grc'>15</span> <span class='ocrx_word' id='word_1_188' title='bbox 258 1909 346 1990; x_wconf 85' lang='grc' dir='ltr'>δρθδν</span> <span class='ocrx_word' id='word_1_189' title='bbox 374 1907 458 1991; x_wconf 74' lang='grc' dir='ltr'>λόγον</span> <span class='ocrx_word' id='word_1_190' title='bbox 485 1909 555 1971; x_wconf 87' lang='grc' dir='ltr'>αὑτδ</span> <span class='ocrx_word' id='word_1_191' title='bbox 586 1911 708 1994; x_wconf 80' lang='grc' dir='ltr'>πάσχειν</span> <span class='ocrx_word' id='word_1_192' title='bbox 737 1910 755 1993; x_wconf 78' lang='grc' dir='ltr'><strong>ἦ</strong></span> <span class='ocrx_word' id='word_1_193' title='bbox 784 1911 835 1993; x_wconf 77' lang='grc' dir='ltr'>τἠν</span> <span class='ocrx_word' id='word_1_194' title='bbox 864 1909 955 1991; x_wconf 89' lang='grc' dir='ltr'>μέσην</span> <span class='ocrx_word' id='word_1_195' title='bbox 985 1909 1083 1991; x_wconf 74' lang='grc' dir='ltr'>πρᾶξιν</span> <span class='ocrx_word' id='word_1_196' title='bbox 1111 1911 1242 1993; x_wconf 86' lang='grc' dir='ltr'>πράττειν</span> <span class='ocrx_word' id='word_1_197' title='bbox 1270 1909 1387 1991; x_wconf 88' lang='grc' dir='ltr'>δμοίως.</span> <span class='ocrx_word' id='word_1_198' title='bbox 1437 1908 1509 1970; x_wconf 86' lang='grc' dir='ltr'>οὑδὲ</span> 
     </span>
     <span class='ocr_line' id='line_1_17' title="bbox 259 2011 1548 2097; baseline -0.005 -23"><span class='ocrx_word' id='word_1_199' title='bbox 259 2011 356 2079; x_wconf 79' lang='grc' dir='ltr'>ἄλλως</span> <span class='ocrx_word' id='word_1_200' title='bbox 378 2013 410 2075; x_wconf 85' lang='grc' dir='ltr'>δέ</span> <span class='ocrx_word' id='word_1_201' title='bbox 432 2017 516 2075; x_wconf 84' lang='grc' dir='ltr'>τοῦτο</span> <span class='ocrx_word' id='word_1_202' title='bbox 539 2017 638 2075; x_wconf 82' lang='grc' dir='ltr'>τοῦτον</span> <span class='ocrx_word' id='word_1_203' title='bbox 661 2013 707 2074; x_wconf 84' lang='grc' dir='ltr'>ἐπὶ</span> <span class='ocrx_word' id='word_1_204' title='bbox 730 2014 844 2075; x_wconf 90' lang='grc' dir='ltr'>πάντων</span> <span class='ocrx_word' id='word_1_205' title='bbox 868 2013 1017 2097; x_wconf 86' lang='grc' dir='ltr'>συμβαίνει</span> <span class='ocrx_word' id='word_1_206' title='bbox 1039 2014 1087 2074; x_wconf 84' lang='grc' dir='ltr'>τὸν</span> <span class='ocrx_word' id='word_1_207' title='bbox 1110 2011 1223 2095; x_wconf 82' lang='grc' dir='ltr'>τρόπον.</span> <span class='ocrx_word' id='word_1_208' title='bbox 1265 2011 1375 2095; x_wconf 84' lang='grc' dir='ltr'>οὐγὰρ</span> <span class='ocrx_word' id='word_1_209' title='bbox 1398 2011 1432 2074; x_wconf 88' lang='grc' dir='ltr'>ἐκ</span> <span class='ocrx_word' id='word_1_210' title='bbox 1455 2015 1507 2074; x_wconf 86' lang='grc' dir='ltr'>τοὺ</span> <span class='ocrx_word' id='word_1_211' title='bbox 1521 2026 1548 2068; x_wconf 73' lang='grc' dir='ltr'>αι</span> 
     </span>
     <span class='ocr_line' id='line_1_18' title="bbox 259 2112 1507 2201; baseline -0.001 -25"><span class='ocrx_word' id='word_1_212' title='bbox 259 2113 296 2176; x_wconf 80' lang='grc' dir='ltr'>δι’</span> <span class='ocrx_word' id='word_1_213' title='bbox 319 2115 479 2200; x_wconf 83' lang='grc' dir='ltr'>ὑπερβολήν</span> <span class='ocrx_word' id='word_1_214' title='bbox 503 2139 577 2183; x_wconf 90' lang='grc' dir='ltr'>τινος</span> <span class='ocrx_word' id='word_1_215' title='bbox 599 2120 655 2177; x_wconf 90' lang='grc' dir='ltr'>τῶν</span> <span class='ocrx_word' id='word_1_216' title='bbox 672 2121 768 2199; x_wconf 83' lang='grc' dir='ltr'>μερῶν</span> <span class='ocrx_word' id='word_1_217' title='bbox 791 2115 911 2201; x_wconf 76' lang='grc' dir='ltr'>αἴσχους</span> <span class='ocrx_word' id='word_1_218' title='bbox 934 2116 975 2183; x_wconf 82' lang='grc' dir='ltr'>εἰς</span> <span class='ocrx_word' id='word_1_219' title='bbox 997 2113 1107 2178; x_wconf 82' lang='grc' dir='ltr'>τὸκατ’</span> <span class='ocrx_word' id='word_1_220' title='bbox 1129 2112 1238 2176; x_wconf 84' lang='grc' dir='ltr'>ἔνδειάν</span> <span class='ocrx_word' id='word_1_221' title='bbox 1261 2137 1292 2176; x_wconf 87' lang='grc' dir='ltr'>τε</span> <span class='ocrx_word' id='word_1_222' title='bbox 1311 2116 1358 2177; x_wconf 91' lang='grc' dir='ltr'>καὶ</span> <span class='ocrx_word' id='word_1_223' title='bbox 1381 2113 1507 2199; x_wconf 76' lang='grc' dir='ltr'>ἔλλειψιν</span> 
     </span>
     <span class='ocr_line' id='line_1_19' title="bbox 265 2219 844 2302; baseline 0.003 -23"><span class='ocrx_word' id='word_1_224' title='bbox 265 2219 443 2301; x_wconf 84' lang='grc' dir='ltr'>μεταβάλλον</span> <span class='ocrx_word' id='word_1_225' title='bbox 467 2224 580 2302; x_wconf 90' lang='grc' dir='ltr'>πρῶτον</span> <span class='ocrx_word' id='word_1_226' title='bbox 602 2219 708 2301; x_wconf 89' lang='grc' dir='ltr'>γίνεται</span> <span class='ocrx_word' id='word_1_227' title='bbox 730 2220 844 2288; x_wconf 91' lang='grc' dir='ltr'>κάλλος.</span> 
     </span>
     <span class='ocr_line' id='line_1_20' title="bbox 339 2319 1560 2407; baseline -0.002 -22"><span class='ocrx_word' id='word_1_228' title='bbox 339 2319 465 2385; x_wconf 77' lang='grc' dir='ltr'>Ἄτοπον</span> <span class='ocrx_word' id='word_1_229' title='bbox 492 2323 524 2385; x_wconf 84' lang='grc' dir='ltr'>δὲ</span> <span class='ocrx_word' id='word_1_230' title='bbox 551 2323 598 2385; x_wconf 86' lang='grc' dir='ltr'>καὶ</span> <span class='ocrx_word' id='word_1_231' title='bbox 625 2323 657 2385; x_wconf 86' lang='grc' dir='ltr'>τὸ</span> <span class='ocrx_word' id='word_1_232' title='bbox 683 2321 790 2404; x_wconf 88' lang='grc' dir='ltr'>λέγειν,</span> <span class='ocrx_word' id='word_1_233' title='bbox 817 2321 886 2386; x_wconf 80' lang='grc' dir='ltr'>καθ’</span> <span class='ocrx_word' id='word_1_234' title='bbox 915 2322 963 2391; x_wconf 83' lang='grc' dir='ltr'>οὓς</span> <span class='ocrx_word' id='word_1_235' title='bbox 992 2322 1147 2406; x_wconf 76' lang='grc' dir='ltr'>μεσότητες</span> <span class='ocrx_word' id='word_1_236' title='bbox 1178 2322 1181 2407; x_wconf 67' lang='grc' dir='ltr'>ί</span> <span class='ocrx_word' id='word_1_237' title='bbox 1209 2325 1239 2386; x_wconf 79' lang='grc' dir='ltr'>αἱ</span> <span class='ocrx_word' id='word_1_238' title='bbox 1266 2324 1380 2407; x_wconf 89' lang='grc' dir='ltr'>ἀρεταί,</span> <span class='ocrx_word' id='word_1_239' title='bbox 1409 2323 1484 2386; x_wconf 78' lang='grc' dir='ltr'>κατὰ</span> <span class='ocrx_word' id='word_1_240' title='bbox 1506 2330 1560 2386; x_wconf 83' lang='grc'>300</span> 
     </span>
     <span class='ocr_line' id='line_1_21' title="bbox 207 2425 1508 2511; baseline -0.001 -22"><span class='ocrx_word' id='word_1_241' title='bbox 207 2443 240 2489; x_wconf 69' lang='lat'>90</span> <span class='ocrx_word' id='word_1_242' title='bbox 258 2425 376 2493; x_wconf 86' lang='grc' dir='ltr'>τοὺτους</span> <span class='ocrx_word' id='word_1_243' title='bbox 390 2425 520 2506; x_wconf 86' lang='grc' dir='ltr'>γίνεσθαι</span> <span class='ocrx_word' id='word_1_244' title='bbox 543 2427 590 2488; x_wconf 86' lang='grc' dir='ltr'>καὶ</span> <span class='ocrx_word' id='word_1_245' title='bbox 606 2426 705 2494; x_wconf 87' lang='grc' dir='ltr'>κακίας</span> <span class='ocrx_word' id='word_1_246' title='bbox 722 2425 808 2509; x_wconf 83' lang='grc' dir='ltr'>μέρος</span> <span class='ocrx_word' id='word_1_247' title='bbox 831 2427 950 2510; x_wconf 79' lang='grc' dir='ltr'>ἀρετήν·</span> <span class='ocrx_word' id='word_1_248' title='bbox 974 2432 1025 2510; x_wconf 77' lang='grc' dir='ltr'>τῆς</span> <span class='ocrx_word' id='word_1_249' title='bbox 1047 2427 1100 2510; x_wconf 80' lang='grc' dir='ltr'>γάρ</span> <span class='ocrx_word' id='word_1_250' title='bbox 1116 2428 1296 2511; x_wconf 72' lang='grc' dir='ltr'>θρασύτητος</span> <span class='ocrx_word' id='word_1_251' title='bbox 1318 2427 1344 2488; x_wconf 87' lang='grc' dir='ltr'>εί</span> <span class='ocrx_word' id='word_1_252' title='bbox 1367 2427 1399 2488; x_wconf 90' lang='grc' dir='ltr'>τδ</span> <span class='ocrx_word' id='word_1_253' title='bbox 1423 2426 1508 2508; x_wconf 87' lang='grc' dir='ltr'>ὑπερ-</span> 
     </span>
     <span class='ocr_line' id='line_1_22' title="bbox 258 2528 1509 2614; baseline 0.001 -24"><span class='ocrx_word' id='word_1_254' title='bbox 258 2528 362 2612; x_wconf 86' lang='grc' dir='ltr'>βαλλον</span> <span class='ocrx_word' id='word_1_255' title='bbox 385 2529 574 2613; x_wconf 71' lang='grc' dir='ltr'>ἀφαιρεθείη,</span> <span class='ocrx_word' id='word_1_256' title='bbox 602 2530 634 2590; x_wconf 86' lang='grc' dir='ltr'>τὸ</span> <span class='ocrx_word' id='word_1_257' title='bbox 658 2528 901 2613; x_wconf 86' lang='grc' dir='ltr'>καταλειπόμενον</span> <span class='ocrx_word' id='word_1_258' title='bbox 923 2529 1013 2613; x_wconf 75' lang='grc' dir='ltr'>αὐτῆς</span> <span class='ocrx_word' id='word_1_259' title='bbox 1037 2531 1121 2614; x_wconf 85' lang='grc' dir='ltr'>μέρος</span> <span class='ocrx_word' id='word_1_260' title='bbox 1144 2531 1259 2613; x_wconf 89' lang='grc' dir='ltr'>ἀνδρεία</span> <span class='ocrx_word' id='word_1_261' title='bbox 1283 2528 1401 2612; x_wconf 86' lang='grc' dir='ltr'>ἀνείη·</span> <span class='ocrx_word' id='word_1_262' title='bbox 1432 2530 1509 2591; x_wconf 83' lang='grc' dir='ltr'>ἀλλὰ</span> 
     </span>
     <span class='ocr_line' id='line_1_23' title="bbox 259 2632 1549 2719; baseline 0.004 -28"><span class='ocrx_word' id='word_1_263' title='bbox 259 2632 379 2714; x_wconf 77' lang='grc' dir='ltr'>καὶτῆς</span> <span class='ocrx_word' id='word_1_264' title='bbox 403 2633 533 2716; x_wconf 89' lang='grc' dir='ltr'>ἀνδρείας</span> <span class='ocrx_word' id='word_1_265' title='bbox 556 2633 582 2694; x_wconf 83' lang='grc' dir='ltr'>εἰ</span> <span class='ocrx_word' id='word_1_266' title='bbox 604 2633 776 2717; x_wconf 81' lang='grc' dir='ltr'>ἀφαιρεθείη</span> <span class='ocrx_word' id='word_1_267' title='bbox 801 2633 887 2718; x_wconf 88' lang='grc' dir='ltr'>μέρος</span> <span class='ocrx_word' id='word_1_268' title='bbox 910 2656 945 2705; x_wconf 89' lang='grc' dir='ltr'>τι,</span> <span class='ocrx_word' id='word_1_269' title='bbox 968 2633 1035 2697; x_wconf 83' lang='grc' dir='ltr'>καθ’</span> <span class='ocrx_word' id='word_1_270' title='bbox 1059 2633 1074 2696; x_wconf 85' lang='grc' dir='ltr'>δ</span> <span class='ocrx_word' id='word_1_271' title='bbox 1098 2639 1149 2717; x_wconf 77' lang='grc' dir='ltr'>τῆς</span> <span class='ocrx_word' id='word_1_272' title='bbox 1171 2635 1276 2702; x_wconf 86' lang='grc' dir='ltr'>δειλίας</span> <span class='ocrx_word' id='word_1_273' title='bbox 1299 2633 1446 2719; x_wconf 85' lang='grc' dir='ltr'>ὑπερέχει,</span> <span class='ocrx_word' id='word_1_274' title='bbox 1471 2634 1509 2715; x_wconf 87' lang='grc' dir='ltr'>γί·</span> <span class='ocrx_word' id='word_1_275' title='bbox 1535 2648 1549 2690; x_wconf 74' lang='grc' dir='ltr'><strong>ὅ</strong></span> 
     </span>
     <span class='ocr_line' id='line_1_24' title="bbox 257 2734 1508 2821; baseline 0.005 -28"><span class='ocrx_word' id='word_1_276' title='bbox 257 2736 358 2797; x_wconf 88' lang='grc' dir='ltr'>νεσθαι</span> <span class='ocrx_word' id='word_1_277' title='bbox 387 2737 420 2797; x_wconf 88' lang='grc' dir='ltr'>τδ</span> <span class='ocrx_word' id='word_1_278' title='bbox 442 2734 685 2818; x_wconf 79' lang='grc' dir='ltr'>καταλειπόμενον</span> <span class='ocrx_word' id='word_1_279' title='bbox 713 2735 802 2819; x_wconf 76' lang='grc' dir='ltr'>αὑτῆς</span> <span class='ocrx_word' id='word_1_280' title='bbox 831 2736 918 2820; x_wconf 87' lang='grc' dir='ltr'>μέρος</span> <span class='ocrx_word' id='word_1_281' title='bbox 940 2735 1054 2800; x_wconf 80' lang='grc' dir='ltr'>δειλίαν.</span> <span class='ocrx_word' id='word_1_282' title='bbox 1101 2739 1206 2805; x_wconf 85' lang='grc' dir='ltr'>ἱκανῶς</span> <span class='ocrx_word' id='word_1_283' title='bbox 1233 2737 1286 2820; x_wconf 84' lang='grc' dir='ltr'>γὰρ</span> <span class='ocrx_word' id='word_1_284' title='bbox 1309 2739 1374 2821; x_wconf 86' lang='grc' dir='ltr'>περὶ</span> <span class='ocrx_word' id='word_1_285' title='bbox 1397 2737 1508 2799; x_wconf 82' lang='grc' dir='ltr'>τούτων</span> 
     </span>
     <span class='ocr_line' id='line_1_25' title="bbox 257 2838 1508 2925; baseline 0.002 -27"><span class='ocrx_word' id='word_1_286' title='bbox 257 2838 305 2899; x_wconf 88' lang='grc' dir='ltr'>καὶ</span> <span class='ocrx_word' id='word_1_287' title='bbox 328 2838 413 2907; x_wconf 82' lang='grc' dir='ltr'>αὑτὸς</span> <span class='ocrx_word' id='word_1_288' title='bbox 429 2839 520 2915; x_wconf 88' lang='grc' dir='ltr'>εἶπεν,</span> <span class='ocrx_word' id='word_1_289' title='bbox 544 2839 653 2907; x_wconf 82' lang='grc' dir='ltr'>δεικνὺς</span> <span class='ocrx_word' id='word_1_290' title='bbox 676 2838 718 2901; x_wconf 84' lang='grc' dir='ltr'>δτι</span> <span class='ocrx_word' id='word_1_291' title='bbox 743 2844 799 2902; x_wconf 80' lang='grc' dir='ltr'>πᾶν</span> <span class='ocrx_word' id='word_1_292' title='bbox 822 2842 854 2903; x_wconf 90' lang='grc' dir='ltr'>τδ</span> <span class='ocrx_word' id='word_1_293' title='bbox 877 2845 930 2924; x_wconf 79' lang='grc' dir='ltr'>τῆς</span> <span class='ocrx_word' id='word_1_294' title='bbox 944 2841 1044 2909; x_wconf 87' lang='grc' dir='ltr'>κακίας</span> <span class='ocrx_word' id='word_1_295' title='bbox 1067 2841 1154 2925; x_wconf 85' lang='grc' dir='ltr'>μέρος</span> <span class='ocrx_word' id='word_1_296' title='bbox 1175 2841 1270 2912; x_wconf 92' lang='grc' dir='ltr'>κακία,</span> <span class='ocrx_word' id='word_1_297' title='bbox 1293 2840 1341 2902; x_wconf 87' lang='grc' dir='ltr'>καὶ</span> <span class='ocrx_word' id='word_1_298' title='bbox 1364 2844 1420 2901; x_wconf 88' lang='grc' dir='ltr'>πάν</span> <span class='ocrx_word' id='word_1_299' title='bbox 1444 2840 1508 2924; x_wconf 87' lang='grc' dir='ltr'>ἀρε·</span> 
     </span>
    </p>
   </div>
   <div class='ocr_carea' id='block_1_3' title="bbox 203 3043 1560 4060">
    <p class='ocr_par' dir='ltr' id='par_1_3' title="bbox 203 3043 1560 4060">
     <span class='ocr_line' id='line_1_26' title="bbox 256 3043 1505 3130; baseline 0.002 -26"><span class='ocrx_word' id='word_1_300' title='bbox 256 3043 294 3104; x_wconf 88' lang='grc' dir='ltr'>οὐ</span> <span class='ocrx_word' id='word_1_301' title='bbox 322 3048 414 3109; x_wconf 81' lang='grc' dir='ltr'>πάσα</span> <span class='ocrx_word' id='word_1_302' title='bbox 441 3047 478 3108; x_wconf 85' lang='grc' dir='ltr'>δὲ</span> <span class='ocrx_word' id='word_1_303' title='bbox 505 3044 711 3130; x_wconf 83' lang='grc' dir='ltr'>ἐπιδέχεται</span> <span class='ocrx_word' id='word_1_304' title='bbox 738 3044 860 3128; x_wconf 80' lang='grc' dir='ltr'>πρᾶξις</span> <span class='ocrx_word' id='word_1_305' title='bbox 886 3046 967 3108; x_wconf 82' lang='grc' dir='ltr'>οὐδὲ</span> <span class='ocrx_word' id='word_1_306' title='bbox 992 3050 1058 3108; x_wconf 83' lang='grc' dir='ltr'>πᾶν</span> <span class='ocrx_word' id='word_1_307' title='bbox 1085 3047 1197 3115; x_wconf 88' lang='grc' dir='ltr'>πάθος</span> <span class='ocrx_word' id='word_1_308' title='bbox 1223 3047 1284 3128; x_wconf 76' lang='grc' dir='ltr'>τἠν</span> <span class='ocrx_word' id='word_1_309' title='bbox 1313 3045 1505 3129; x_wconf 81' lang='grc' dir='ltr'>μεσότητα·</span> 
     </span>
     <span class='ocr_line' id='line_1_27' title="bbox 255 3144 1507 3233; baseline 0.002 -26"><span class='ocrx_word' id='word_1_310' title='bbox 255 3144 329 3209; x_wconf 87' lang='grc' dir='ltr'>ένια</span> <span class='ocrx_word' id='word_1_311' title='bbox 352 3147 412 3230; x_wconf 79' lang='grc' dir='ltr'>γάρ</span> <span class='ocrx_word' id='word_1_312' title='bbox 436 3147 540 3215; x_wconf 82' lang='grc' dir='ltr'>εὐθὺς</span> <span class='ocrx_word' id='word_1_313' title='bbox 562 3147 763 3227; x_wconf 81' lang='grc' dir='ltr'>ὠνόμασται</span> <span class='ocrx_word' id='word_1_314' title='bbox 790 3149 1052 3233; x_wconf 87' lang='grc' dir='ltr'>συνειλημμένα</span> <span class='ocrx_word' id='word_1_315' title='bbox 1079 3151 1165 3232; x_wconf 87' lang='grc' dir='ltr'>μετά</span> <span class='ocrx_word' id='word_1_316' title='bbox 1188 3155 1249 3232; x_wconf 77' lang='grc' dir='ltr'>τῆς</span> <span class='ocrx_word' id='word_1_317' title='bbox 1271 3148 1507 3233; x_wconf 78' lang='grc' dir='ltr'>φαυλότητος,</span> 
     </span>
     <span class='ocr_line' id='line_1_28' title="bbox 257 3248 1549 3336; baseline 0.004 -27"><span class='ocrx_word' id='word_1_318' title='bbox 257 3248 327 3310; x_wconf 83' lang='grc' dir='ltr'>οἶον</span> <span class='ocrx_word' id='word_1_319' title='bbox 355 3250 628 3334; x_wconf 83' lang='grc' dir='ltr'>ἐπιχαιρεκακία</span> <span class='ocrx_word' id='word_1_320' title='bbox 658 3253 888 3336; x_wconf 86' lang='grc' dir='ltr'>ἀναισχυντία</span> <span class='ocrx_word' id='word_1_321' title='bbox 916 3252 1059 3334; x_wconf 74' lang='grc' dir='ltr'>φθόνος,</span> <span class='ocrx_word' id='word_1_322' title='bbox 1091 3254 1146 3314; x_wconf 86' lang='grc' dir='ltr'>καὶ</span> <span class='ocrx_word' id='word_1_323' title='bbox 1176 3252 1233 3314; x_wconf 82' lang='grc' dir='ltr'>ἐπὶ</span> <span class='ocrx_word' id='word_1_324' title='bbox 1260 3258 1325 3314; x_wconf 89' lang='grc' dir='ltr'>τῶν</span> <span class='ocrx_word' id='word_1_325' title='bbox 1347 3251 1508 3335; x_wconf 74' lang='grc' dir='ltr'>πράξεων</span> <span class='ocrx_word' id='word_1_326' title='bbox 1523 3266 1549 3308; x_wconf 74' lang='grc' dir='ltr'><strong>Ιό</strong></span> 
     </span>
     <span class='ocr_line' id='line_1_29' title="bbox 257 3352 1509 3438; baseline 0.003 -26"><span class='ocrx_word' id='word_1_327' title='bbox 257 3352 402 3435; x_wconf 87' lang='grc' dir='ltr'>μοιχεία</span> <span class='ocrx_word' id='word_1_328' title='bbox 430 3354 541 3436; x_wconf 79' lang='grc' dir='ltr'>κλοπὴ</span> <span class='ocrx_word' id='word_1_329' title='bbox 573 3354 795 3438; x_wconf 76' lang='grc' dir='ltr'>ἀνδροφονία.</span> <span class='ocrx_word' id='word_1_330' title='bbox 841 3357 951 3417; x_wconf 90' lang='grc' dir='ltr'>πάντα</span> <span class='ocrx_word' id='word_1_331' title='bbox 979 3355 1042 3437; x_wconf 87' lang='grc' dir='ltr'>γὰρ</span> <span class='ocrx_word' id='word_1_332' title='bbox 1072 3359 1179 3417; x_wconf 76' lang='grc' dir='ltr'>ταῦτα</span> <span class='ocrx_word' id='word_1_333' title='bbox 1210 3357 1266 3418; x_wconf 92' lang='grc' dir='ltr'>καὶ</span> <span class='ocrx_word' id='word_1_334' title='bbox 1294 3356 1334 3418; x_wconf 80' lang='grc' dir='ltr'>τά</span> <span class='ocrx_word' id='word_1_335' title='bbox 1362 3358 1509 3417; x_wconf 83' lang='grc' dir='ltr'>τοιαῦτα</span> 
     </span>
     <span class='ocr_line' id='line_1_30' title="bbox 203 3454 1508 3542; baseline -0.002 -21"><span class='ocrx_word' id='word_1_336' title='bbox 203 3473 236 3521; x_wconf 85' lang='grc'>30</span> <span class='ocrx_word' id='word_1_337' title='bbox 255 3454 398 3538; x_wconf 79' lang='grc' dir='ltr'>ψέγεται</span> <span class='ocrx_word' id='word_1_338' title='bbox 421 3461 467 3540; x_wconf 81' lang='grc' dir='ltr'>τῷ</span> <span class='ocrx_word' id='word_1_339' title='bbox 490 3460 607 3540; x_wconf 81' lang='grc' dir='ltr'>φαῦλα</span> <span class='ocrx_word' id='word_1_340' title='bbox 630 3456 731 3535; x_wconf 76' lang='grc' dir='ltr'>εἶναι,</span> <span class='ocrx_word' id='word_1_341' title='bbox 760 3455 829 3519; x_wconf 85' lang='grc' dir='ltr'>ἀλλ’</span> <span class='ocrx_word' id='word_1_342' title='bbox 857 3457 923 3541; x_wconf 87' lang='grc' dir='ltr'>οὑχ</span> <span class='ocrx_word' id='word_1_343' title='bbox 945 3458 978 3518; x_wconf 82' lang='grc' dir='ltr'>αἱ</span> <span class='ocrx_word' id='word_1_344' title='bbox 1002 3458 1193 3542; x_wconf 87' lang='grc' dir='ltr'>ὑπερβολαὶ</span> <span class='ocrx_word' id='word_1_345' title='bbox 1216 3459 1328 3521; x_wconf 87' lang='grc' dir='ltr'>αὑτῶν</span> <span class='ocrx_word' id='word_1_346' title='bbox 1352 3457 1433 3521; x_wconf 84' lang='grc' dir='ltr'>οὑδὲ</span> <span class='ocrx_word' id='word_1_347' title='bbox 1456 3457 1508 3519; x_wconf 85' lang='grc' dir='ltr'>ἑλ·</span> 
     </span>
     <span class='ocr_line' id='line_1_31' title="bbox 255 3556 1507 3645; baseline 0.002 -26"><span class='ocrx_word' id='word_1_348' title='bbox 255 3558 397 3640; x_wconf 84' lang='grc' dir='ltr'>λείψεις.</span> <span class='ocrx_word' id='word_1_349' title='bbox 436 3559 497 3621; x_wconf 87' lang='grc' dir='ltr'>οδκ</span> <span class='ocrx_word' id='word_1_350' title='bbox 521 3556 612 3622; x_wconf 86' lang='grc' dir='ltr'>ἔστιν</span> <span class='ocrx_word' id='word_1_351' title='bbox 636 3557 694 3620; x_wconf 90' lang='grc' dir='ltr'>οὑν</span> <span class='ocrx_word' id='word_1_352' title='bbox 717 3559 888 3622; x_wconf 84' lang='grc' dir='ltr'>οὐδέποτε</span> <span class='ocrx_word' id='word_1_353' title='bbox 911 3561 991 3644; x_wconf 83' lang='grc' dir='ltr'>περὶ</span> <span class='ocrx_word' id='word_1_354' title='bbox 1015 3561 1101 3623; x_wconf 85' lang='grc' dir='ltr'>αὐτὰ</span> <span class='ocrx_word' id='word_1_355' title='bbox 1124 3563 1334 3645; x_wconf 80' lang='grc' dir='ltr'>κατορθοῦν,</span> <span class='ocrx_word' id='word_1_356' title='bbox 1357 3561 1426 3623; x_wconf 81' lang='grc' dir='ltr'>ἀλλ’</span> <span class='ocrx_word' id='word_1_357' title='bbox 1453 3561 1507 3623; x_wconf 87' lang='grc' dir='ltr'>ἀεὶ</span> 
     </span>
     <span class='ocr_line' id='line_1_32' title="bbox 257 3660 1549 3749; baseline 0.004 -27"><span class='ocrx_word' id='word_1_358' title='bbox 257 3661 484 3744; x_wconf 82' lang='grc' dir='ltr'>ἁμαρτάνειν,</span> <span class='ocrx_word' id='word_1_359' title='bbox 508 3660 590 3723; x_wconf 84' lang='grc' dir='ltr'>οὑδέ</span> <span class='ocrx_word' id='word_1_360' title='bbox 613 3662 688 3725; x_wconf 90' lang='grc' dir='ltr'>ἐστι</span> <span class='ocrx_word' id='word_1_361' title='bbox 710 3663 746 3724; x_wconf 88' lang='grc' dir='ltr'>τδ</span> <span class='ocrx_word' id='word_1_362' title='bbox 770 3661 806 3724; x_wconf 90' lang='grc' dir='ltr'>εὑ</span> <span class='ocrx_word' id='word_1_363' title='bbox 829 3687 847 3745; x_wconf 92' lang='grc' dir='ltr'>η</span> <span class='ocrx_word' id='word_1_364' title='bbox 873 3664 917 3745; x_wconf 84' lang='grc' dir='ltr'>μὴ</span> <span class='ocrx_word' id='word_1_365' title='bbox 941 3661 977 3726; x_wconf 89' lang='grc' dir='ltr'>εὑ</span> <span class='ocrx_word' id='word_1_366' title='bbox 1000 3665 1078 3747; x_wconf 86' lang='grc' dir='ltr'>περὶ</span> <span class='ocrx_word' id='word_1_367' title='bbox 1095 3663 1156 3748; x_wconf 88' lang='grc' dir='ltr'>[τε]</span> <span class='ocrx_word' id='word_1_368' title='bbox 1173 3665 1212 3727; x_wconf 89' lang='grc' dir='ltr'>τά</span> <span class='ocrx_word' id='word_1_369' title='bbox 1234 3670 1379 3728; x_wconf 83' lang='grc' dir='ltr'>τοιαῦτα</span> <span class='ocrx_word' id='word_1_370' title='bbox 1402 3666 1436 3727; x_wconf 84' lang='grc' dir='ltr'>ἐν</span> <span class='ocrx_word' id='word_1_371' title='bbox 1460 3670 1549 3749; x_wconf 68' lang='grc' dir='ltr'>τῶνα</span> 
     </span>
     <span class='ocr_line' id='line_1_33' title="bbox 256 3763 1509 3850; baseline 0.006 -25"><span class='ocrx_word' id='word_1_372' title='bbox 256 3764 295 3847; x_wconf 79' lang='grc' dir='ltr'>ἢν</span> <span class='ocrx_word' id='word_1_373' title='bbox 319 3766 373 3826; x_wconf 86' lang='grc' dir='ltr'>δεῖ</span> <span class='ocrx_word' id='word_1_374' title='bbox 391 3765 447 3827; x_wconf 86' lang='grc' dir='ltr'>καὶ</span> <span class='ocrx_word' id='word_1_375' title='bbox 471 3763 528 3827; x_wconf 80' lang='grc' dir='ltr'>ὅτε</span> <span class='ocrx_word' id='word_1_376' title='bbox 550 3766 605 3826; x_wconf 81' lang='grc' dir='ltr'>καὶ</span> <span class='ocrx_word' id='word_1_377' title='bbox 630 3767 675 3832; x_wconf 89' lang='grc' dir='ltr'>ῶς</span> <span class='ocrx_word' id='word_1_378' title='bbox 698 3766 894 3850; x_wconf 86' lang='grc' dir='ltr'>μοιχεύειν,</span> <span class='ocrx_word' id='word_1_379' title='bbox 918 3763 985 3827; x_wconf 78' lang='grc' dir='ltr'>ἀλλ’</span> <span class='ocrx_word' id='word_1_380' title='bbox 1015 3767 1133 3835; x_wconf 82' lang='grc' dir='ltr'>ἁπλῶς</span> <span class='ocrx_word' id='word_1_381' title='bbox 1155 3774 1270 3831; x_wconf 86' lang='grc' dir='ltr'>ποιεῖν</span> <span class='ocrx_word' id='word_1_382' title='bbox 1294 3771 1410 3832; x_wconf 87' lang='grc' dir='ltr'>ὑτιοὺν</span> <span class='ocrx_word' id='word_1_383' title='bbox 1434 3770 1509 3832; x_wconf 90' lang='grc' dir='ltr'>τοὺ·</span> 
     </span>
     <span class='ocr_line' id='line_1_34' title="bbox 256 3867 1560 3955; baseline 0.008 -28"><span class='ocrx_word' id='word_1_384' title='bbox 256 3889 320 3927; x_wconf 89' lang='grc' dir='ltr'>των</span> <span class='ocrx_word' id='word_1_385' title='bbox 344 3867 555 3949; x_wconf 86' lang='grc' dir='ltr'>ἁμαρτάνειν</span> <span class='ocrx_word' id='word_1_386' title='bbox 579 3867 681 3931; x_wconf 87' lang='grc' dir='ltr'>ἐστίν.</span> <span class='ocrx_word' id='word_1_387' title='bbox 728 3868 848 3952; x_wconf 87' lang='grc' dir='ltr'>ὑμοιον</span> <span class='ocrx_word' id='word_1_388' title='bbox 874 3867 877 3953; x_wconf 69' lang='grc' dir='ltr'>λ</span> <span class='ocrx_word' id='word_1_389' title='bbox 902 3871 957 3933; x_wconf 86' lang='grc' dir='ltr'>καὶ</span> <span class='ocrx_word' id='word_1_390' title='bbox 985 3871 1021 3931; x_wconf 84' lang='grc' dir='ltr'>τὸ</span> <span class='ocrx_word' id='word_1_391' title='bbox 1045 3869 1162 3938; x_wconf 76' lang='grc' dir='ltr'>ἀξιοῦν</span> <span class='ocrx_word' id='word_1_392' title='bbox 1189 3873 1268 3955; x_wconf 80' lang='grc' dir='ltr'>περὶ</span> <span class='ocrx_word' id='word_1_393' title='bbox 1294 3872 1489 3936; x_wconf 83' lang='grc' dir='ltr'>τὸάδικεῖν</span> <span class='ocrx_word' id='word_1_394' title='bbox 1512 3881 1560 3937; x_wconf 82' lang='grc'>301</span> 
     </span>
     <span class='ocr_line' id='line_1_35' title="bbox 203 3970 1508 4060; baseline 0.001 -23"><span class='ocrx_word' id='word_1_395' title='bbox 203 3990 235 4037; x_wconf 81' lang='lat'>35</span> <span class='ocrx_word' id='word_1_396' title='bbox 255 3972 311 4034; x_wconf 81' lang='grc' dir='ltr'>καὶ</span> <span class='ocrx_word' id='word_1_397' title='bbox 335 3970 522 4031; x_wconf 86' lang='grc' dir='ltr'>δειλαίνειν</span> <span class='ocrx_word' id='word_1_398' title='bbox 545 3971 602 4032; x_wconf 82' lang='grc' dir='ltr'>καλ</span> <span class='ocrx_word' id='word_1_399' title='bbox 626 3972 892 4036; x_wconf 87' lang='grc' dir='ltr'>ἀκολασταίνειν</span> <span class='ocrx_word' id='word_1_400' title='bbox 916 3971 1092 4055; x_wconf 83' lang='grc' dir='ltr'>μεσότητα</span> <span class='ocrx_word' id='word_1_401' title='bbox 1114 3973 1205 4036; x_wconf 86' lang='grc' dir='ltr'>εἶναι</span> <span class='ocrx_word' id='word_1_402' title='bbox 1228 3975 1285 4036; x_wconf 80' lang='grc' dir='ltr'>καὶ</span> <span class='ocrx_word' id='word_1_403' title='bbox 1309 3974 1508 4060; x_wconf 80' lang='grc' dir='ltr'>ὑπερβολὴν</span> 
     </span>
    </p>
   </div>
   <div class='ocr_carea' id='block_1_4' title="bbox 201 4208 1561 4987">
    <p class='ocr_par' dir='ltr' id='par_1_4' title="bbox 201 4208 1561 4987">
     <span class='ocr_line' id='line_1_36' title="bbox 202 4208 1527 4282; baseline 0.005 -21"><span class='ocrx_word' id='word_1_404' title='bbox 202 4209 312 4279; x_wconf 75' lang='grc' dir='ltr'>θρησει</span> <span class='ocrx_word' id='word_1_405' title='bbox 325 4210 360 4259; x_wconf 87' lang='lat' dir='ltr'>V¹</span> <span class='ocrx_word' id='word_1_406' title='bbox 375 4210 449 4275; x_wconf 80' lang='lat' dir='ltr'>(corr.</span> <span class='ocrx_word' id='word_1_407' title='bbox 463 4208 508 4272; x_wconf 75' lang='lat' dir='ltr'>V²)</span> <span class='ocrx_word' id='word_1_408' title='bbox 584 4209 614 4260; x_wconf 92' lang='grc'>10</span> <span class='ocrx_word' id='word_1_409' title='bbox 633 4208 728 4272; x_wconf 78' lang='grc' dir='ltr'>δεήσειν</span> <span class='ocrx_word' id='word_1_410' title='bbox 741 4211 869 4262; x_wconf 81' lang='lat' dir='ltr'>Schwartz</span> <span class='ocrx_word' id='word_1_411' title='bbox 943 4211 973 4262; x_wconf 82' lang='grc'>13</span> <span class='ocrx_word' id='word_1_412' title='bbox 992 4212 1158 4280; x_wconf 66' lang='grc' dir='ltr'>λοπιεὸμ.</span> <span class='ocrx_word' id='word_1_413' title='bbox 1231 4210 1347 4282; x_wconf 82' lang='grc' dir='ltr'>ὡρίσθαι]</span> <span class='ocrx_word' id='word_1_414' title='bbox 1367 4231 1392 4266; x_wconf 90' lang='grc' dir='ltr'>αι</span> <span class='ocrx_word' id='word_1_415' title='bbox 1410 4217 1527 4269; x_wconf 80' lang='lat' dir='ltr'>inlit.v</span> 
     </span>
     <span class='ocr_line' id='line_1_37' title="bbox 206 4296 1527 4370; baseline 0.01 -26"><span class='ocrx_word' id='word_1_416' title='bbox 206 4299 235 4348; x_wconf 74' lang='grc'>10</span> <span class='ocrx_word' id='word_1_417' title='bbox 255 4297 467 4364; x_wconf 77' lang='grc' dir='ltr'>γινόμενοςιιὸρ.</span> <span class='ocrx_word' id='word_1_418' title='bbox 544 4296 573 4346; x_wconf 78' lang='grc'>17</span> <span class='ocrx_word' id='word_1_419' title='bbox 593 4297 697 4364; x_wconf 83' lang='grc' dir='ltr'>ἔνδειαν]</span> <span class='ocrx_word' id='word_1_420' title='bbox 718 4317 733 4348; x_wconf 93' lang='grc' dir='ltr'>α</span> <span class='ocrx_word' id='word_1_421' title='bbox 753 4300 780 4349; x_wconf 89' lang='lat' dir='ltr'>in</span> <span class='ocrx_word' id='word_1_422' title='bbox 799 4299 837 4350; x_wconf 82' lang='lat' dir='ltr'>lit.</span> <span class='ocrx_word' id='word_1_423' title='bbox 853 4303 875 4347; x_wconf 84' lang='lat' dir='ltr'>V</span> <span class='ocrx_word' id='word_1_424' title='bbox 952 4300 980 4350; x_wconf 81' lang='grc'>19</span> <span class='ocrx_word' id='word_1_425' title='bbox 1000 4300 1025 4350; x_wconf 86' lang='grc' dir='ltr'>αί</span> <span class='ocrx_word' id='word_1_426' title='bbox 1044 4299 1137 4368; x_wconf 85' lang='grc' dir='ltr'>ἀρεταί]</span> <span class='ocrx_word' id='word_1_427' title='bbox 1158 4301 1281 4370; x_wconf 84' lang='grc' dir='ltr'>αἰρεταίιι</span> <span class='ocrx_word' id='word_1_428' title='bbox 1356 4304 1444 4362; x_wconf 66' lang='lat' dir='ltr'>wel:</span> <span class='ocrx_word' id='word_1_429' title='bbox 1463 4305 1492 4356; x_wconf 87' lang='grc' dir='ltr'>τὸ</span> <span class='ocrx_word' id='word_1_430' title='bbox 1512 4325 1527 4356; x_wconf 82' lang='grc' dir='ltr'>ε</span> 
     </span>
     <span class='ocr_line' id='line_1_38' title="bbox 202 4374 1543 4459; baseline 0.008 -24"><span class='ocrx_word' id='word_1_431' title='bbox 202 4385 232 4435; x_wconf 72' lang='grc'>21</span> <span class='ocrx_word' id='word_1_432' title='bbox 255 4384 412 4454; x_wconf 70' lang='grc' dir='ltr'>ἀφαιρεθείη]</span> <span class='ocrx_word' id='word_1_433' title='bbox 432 4382 454 4434; x_wconf 85' lang='grc' dir='ltr'>τί</span> <span class='ocrx_word' id='word_1_434' title='bbox 473 4385 500 4435; x_wconf 89' lang='lat' dir='ltr'>in</span> <span class='ocrx_word' id='word_1_435' title='bbox 520 4385 559 4435; x_wconf 86' lang='lat' dir='ltr'>lit.</span> <span class='ocrx_word' id='word_1_436' title='bbox 574 4388 596 4433; x_wconf 92' lang='lat' dir='ltr'>V</span> <span class='ocrx_word' id='word_1_437' title='bbox 669 4383 869 4452; x_wconf 83' lang='grc' dir='ltr'>καταλιπόμενον</span> <span class='ocrx_word' id='word_1_438' title='bbox 885 4388 918 4435; x_wconf 78' lang='lat' dir='ltr'>V¹</span> <span class='ocrx_word' id='word_1_439' title='bbox 939 4390 1013 4452; x_wconf 76' lang='lat' dir='ltr'>(corr.</span> <span class='ocrx_word' id='word_1_440' title='bbox 1027 4390 1072 4452; x_wconf 50' lang='grc' dir='ltr'>δῖ’)</span> <span class='ocrx_word' id='word_1_441' title='bbox 1093 4391 1153 4440; x_wconf 77' lang='lat' dir='ltr'>ilem</span> <span class='ocrx_word' id='word_1_442' title='bbox 1174 4405 1198 4438; x_wconf 81' lang='lat' dir='ltr'>v.</span> <span class='ocrx_word' id='word_1_443' title='bbox 1212 4390 1244 4442; x_wconf 75' lang='lat'>23</span> <span class='ocrx_word' id='word_1_444' title='bbox 1317 4390 1349 4442; x_wconf 72' lang='lat'>25</span> <span class='ocrx_word' id='word_1_445' title='bbox 1369 4393 1399 4442; x_wconf 81' lang='grc' dir='ltr'>τά</span> <span class='ocrx_word' id='word_1_446' title='bbox 1419 4393 1468 4444; x_wconf 74' lang='lat' dir='ltr'>del.</span> <span class='ocrx_word' id='word_1_447' title='bbox 1481 4374 1543 4459; x_wconf 29' lang='lat' dir='ltr'><strong>Sp..</strong></span> 
     </span>
     <span class='ocr_line' id='line_1_39' title="bbox 202 4471 1526 4550; baseline 0.007 -28"><span class='ocrx_word' id='word_1_448' title='bbox 202 4471 322 4540; x_wconf 83' lang='grc' dir='ltr'>λυόμενα]</span> <span class='ocrx_word' id='word_1_449' title='bbox 342 4471 464 4539; x_wconf 83' lang='grc' dir='ltr'>λεγόμενα</span> <span class='ocrx_word' id='word_1_450' title='bbox 484 4471 570 4522; x_wconf 52' lang='lat' dir='ltr'>Vim?</span> <span class='ocrx_word' id='word_1_451' title='bbox 590 4475 617 4522; x_wconf 84' lang='lat' dir='ltr'><strong>M</strong></span> <span class='ocrx_word' id='word_1_452' title='bbox 698 4472 800 4537; x_wconf 74' lang='grc' dir='ltr'>λέξεως]</span> <span class='ocrx_word' id='word_1_453' title='bbox 821 4474 1156 4538; x_wconf 66' lang='lat' dir='ltr'>Et.h.Nic.11‚6.110?228</span> <span class='ocrx_word' id='word_1_454' title='bbox 1236 4475 1269 4528; x_wconf 81' lang='lat'>&#39;28</span> <span class='ocrx_word' id='word_1_455' title='bbox 1289 4477 1490 4550; x_wconf 83' lang='grc' dir='ltr'>ἐπιχαιρεκακίαι</span> <span class='ocrx_word' id='word_1_456' title='bbox 1503 4486 1526 4531; x_wconf 85' lang='lat' dir='ltr'>V</span> 
     </span>
     <span class='ocr_line' id='line_1_40' title="bbox 202 4559 1561 4639; baseline 0.008 -29"><span class='ocrx_word' id='word_1_457' title='bbox 202 4559 234 4610; x_wconf 76' lang='lat'>29</span> <span class='ocrx_word' id='word_1_458' title='bbox 253 4561 335 4611; x_wconf 87' lang='grc' dir='ltr'>πάντα</span> <span class='ocrx_word' id='word_1_459' title='bbox 354 4562 380 4625; x_wconf 80' lang='grc' dir='ltr'>(οἱ</span> <span class='ocrx_word' id='word_1_460' title='bbox 399 4561 426 4610; x_wconf 83' lang='lat' dir='ltr'>in</span> <span class='ocrx_word' id='word_1_461' title='bbox 446 4559 495 4623; x_wconf 83' lang='lat' dir='ltr'>lit.)</span> <span class='ocrx_word' id='word_1_462' title='bbox 511 4564 532 4608; x_wconf 86' lang='lat' dir='ltr'>V</span> <span class='ocrx_word' id='word_1_463' title='bbox 619 4560 653 4609; x_wconf 70' lang='lat'>:30</span> <span class='ocrx_word' id='word_1_464' title='bbox 672 4560 773 4628; x_wconf 83' lang='grc' dir='ltr'>ψέγεται</span> <span class='ocrx_word' id='word_1_465' title='bbox 791 4563 883 4628; x_wconf 70' lang='lat' dir='ltr'>scripsi</span> <span class='ocrx_word' id='word_1_466' title='bbox 904 4579 960 4613; x_wconf 86' lang='lat' dir='ltr'>cum</span> <span class='ocrx_word' id='word_1_467' title='bbox 975 4564 1052 4614; x_wconf 73' lang='lat' dir='ltr'>Arist.</span> <span class='ocrx_word' id='word_1_468' title='bbox 1073 4564 1155 4629; x_wconf 53' lang='lat' dir='ltr'>vulga</span> <span class='ocrx_word' id='word_1_469' title='bbox 1175 4563 1274 4632; x_wconf 86' lang='grc' dir='ltr'>λέγεται</span> <span class='ocrx_word' id='word_1_470' title='bbox 1293 4566 1350 4619; x_wconf 85' lang='lat' dir='ltr'>libri</span> <span class='ocrx_word' id='word_1_471' title='bbox 1435 4573 1472 4639; x_wconf 75' lang='grc' dir='ltr'>τῷ</span> <span class='ocrx_word' id='word_1_472' title='bbox 1497 4570 1561 4621; x_wconf 79' lang='grc' dir='ltr'>αὑτὰ</span> 
     </span>
     <span class='ocr_line' id='line_1_41' title="bbox 202 4647 1527 4720; baseline 0.007 -21"><span class='ocrx_word' id='word_1_473' title='bbox 202 4648 284 4716; x_wconf 71' lang='grc' dir='ltr'>φαῦλα</span> <span class='ocrx_word' id='word_1_474' title='bbox 299 4648 365 4699; x_wconf 75' lang='lat' dir='ltr'>vict.</span> <span class='ocrx_word' id='word_1_475' title='bbox 385 4664 417 4698; x_wconf 82' lang='lat' dir='ltr'>ex</span> <span class='ocrx_word' id='word_1_476' title='bbox 428 4649 509 4698; x_wconf 74' lang='lat' dir='ltr'><strong>Arist.</strong></span> <span class='ocrx_word' id='word_1_477' title='bbox 525 4647 593 4713; x_wconf 67' lang='lat' dir='ltr'>vulg.</span> <span class='ocrx_word' id='word_1_478' title='bbox 667 4648 713 4720; x_wconf 83' lang='grc' dir='ltr'>οὑχ</span> <span class='ocrx_word' id='word_1_479' title='bbox 733 4650 757 4699; x_wconf 79' lang='grc' dir='ltr'>αἱ</span> <span class='ocrx_word' id='word_1_480' title='bbox 774 4650 858 4701; x_wconf 63' lang='grc' dir='ltr'>θῆταί</span> <span class='ocrx_word' id='word_1_481' title='bbox 879 4668 910 4702; x_wconf 77' lang='lat' dir='ltr'>ex</span> <span class='ocrx_word' id='word_1_482' title='bbox 926 4652 1018 4702; x_wconf 55' lang='lat' dir='ltr'>Arist:</span> <span class='ocrx_word' id='word_1_483' title='bbox 1037 4651 1067 4701; x_wconf 81' lang='grc' dir='ltr'>ου</span> <span class='ocrx_word' id='word_1_484' title='bbox 1086 4653 1128 4702; x_wconf 86' lang='grc' dir='ltr'>καὶ</span> <span class='ocrx_word' id='word_1_485' title='bbox 1147 4652 1218 4704; x_wconf 81' lang='lat' dir='ltr'><strong>libri:</strong></span> <span class='ocrx_word' id='word_1_486' title='bbox 1239 4652 1268 4704; x_wconf 84' lang='grc' dir='ltr'>οὑ</span> <span class='ocrx_word' id='word_1_487' title='bbox 1282 4656 1323 4705; x_wconf 82' lang='grc' dir='ltr'>καλ</span> <span class='ocrx_word' id='word_1_488' title='bbox 1336 4655 1384 4717; x_wconf 77' lang='grc' dir='ltr'>(αθ</span> <span class='ocrx_word' id='word_1_489' title='bbox 1396 4655 1527 4708; x_wconf 75' lang='lat' dir='ltr'>Schwartz</span> 
     </span>
     <span class='ocr_line' id='line_1_42' title="bbox 202 4733 1561 4810; baseline 0.007 -24"><span class='ocrx_word' id='word_1_490' title='bbox 202 4733 880 4788; x_wconf 66' lang='grc' dir='ltr'>οὑδὲλ”λί;οἱλλόὑδὲλιὸιιιοὑδὲαίλ’ἱι·ῐ.οκλιίεῐ.</span> <span class='ocrx_word' id='word_1_491' title='bbox 947 4737 1155 4808; x_wconf 72' lang='grc' dir='ltr'>θ’.)ἀμαρτάιειε</span> <span class='ocrx_word' id='word_1_492' title='bbox 1221 4739 1354 4810; x_wconf 67' lang='grc' dir='ltr'>ημὴλ’“·’Β</span> <span class='ocrx_word' id='word_1_493' title='bbox 1368 4743 1561 4810; x_wconf 70' lang='grc' dir='ltr'>λ”ίτλίὸμιεί</span> 
     </span>
     <span class='ocr_line' id='line_1_43' title="bbox 201 4822 1561 4897; baseline 0.007 -26"><span class='ocrx_word' id='word_1_494' title='bbox 201 4822 304 4890; x_wconf 62' lang='grc' dir='ltr'>μηδ’ἐιιε</span> <span class='ocrx_word' id='word_1_495' title='bbox 326 4822 482 4891; x_wconf 61' lang='grc' dir='ltr'>μηδ’ὃθῶί</span> <span class='ocrx_word' id='word_1_496' title='bbox 556 4840 582 4873; x_wconf 85' lang='grc' dir='ltr'>τε</span> <span class='ocrx_word' id='word_1_497' title='bbox 595 4822 645 4873; x_wconf 78' lang='lat' dir='ltr'>del.</span> <span class='ocrx_word' id='word_1_498' title='bbox 659 4824 705 4872; x_wconf 87' lang='lat' dir='ltr'>V&#39;·&#39;:</span> <span class='ocrx_word' id='word_1_499' title='bbox 720 4826 896 4876; x_wconf 68' lang='lat' dir='ltr'><strong>0111.BArist.</strong></span> <span class='ocrx_word' id='word_1_500' title='bbox 969 4826 1002 4876; x_wconf 78' lang='lat'>33</span> <span class='ocrx_word' id='word_1_501' title='bbox 1021 4825 1097 4894; x_wconf 58' lang='grc' dir='ltr'>ἠνΒέ</span> <span class='ocrx_word' id='word_1_502' title='bbox 1110 4828 1136 4877; x_wconf 87' lang='lat' dir='ltr'>in</span> <span class='ocrx_word' id='word_1_503' title='bbox 1150 4827 1328 4897; x_wconf 65' lang='lat' dir='ltr'>lit.Vict.?2¹,·v</span> <span class='ocrx_word' id='word_1_504' title='bbox 1341 4829 1401 4882; x_wconf 84' lang='lat' dir='ltr'>libri</span> <span class='ocrx_word' id='word_1_505' title='bbox 1475 4829 1561 4887; x_wconf 75' lang='grc' dir='ltr'>ἁπλῶς</span> 
     </span>
     <span class='ocr_line' id='line_1_44' title="bbox 202 4908 1560 4987; baseline 0.008 -27"><span class='ocrx_word' id='word_1_506' title='bbox 202 4910 230 4965; x_wconf 84' lang='grc' dir='ltr'>τὸ</span> <span class='ocrx_word' id='word_1_507' title='bbox 244 4915 321 4961; x_wconf 85' lang='grc' dir='ltr'>ποιεῖν</span> <span class='ocrx_word' id='word_1_508' title='bbox 335 4910 401 4962; x_wconf 82' lang='lat' dir='ltr'>vict.</span> <span class='ocrx_word' id='word_1_509' title='bbox 413 4926 444 4963; x_wconf 73' lang='lat' dir='ltr'>ex</span> <span class='ocrx_word' id='word_1_510' title='bbox 456 4912 533 4962; x_wconf 84' lang='lat' dir='ltr'><strong>Arist.</strong></span> <span class='ocrx_word' id='word_1_511' title='bbox 583 4911 616 4962; x_wconf 79' lang='lat'>34</span> <span class='ocrx_word' id='word_1_512' title='bbox 630 4908 717 4981; x_wconf 79' lang='grc' dir='ltr'>ὅμοιον</span> <span class='ocrx_word' id='word_1_513' title='bbox 728 4910 772 4963; x_wconf 81' lang='grc' dir='ltr'>οὑν</span> <span class='ocrx_word' id='word_1_514' title='bbox 788 4913 852 4964; x_wconf 77' lang='grc' dir='ltr'>λ’ίοῑ.</span> <span class='ocrx_word' id='word_1_515' title='bbox 863 4916 907 4980; x_wconf 82' lang='lat' dir='ltr'>Sp.</span> <span class='ocrx_word' id='word_1_516' title='bbox 919 4930 950 4965; x_wconf 81' lang='lat' dir='ltr'>ex</span> <span class='ocrx_word' id='word_1_517' title='bbox 962 4915 1042 4966; x_wconf 72' lang='lat' dir='ltr'><strong>Arist.</strong></span> <span class='ocrx_word' id='word_1_518' title='bbox 1092 4917 1134 4966; x_wconf 76' lang='grc' dir='ltr'>καί</span> <span class='ocrx_word' id='word_1_519' title='bbox 1147 4917 1202 4987; x_wconf 86' lang='grc' dir='ltr'>περὶ</span> <span class='ocrx_word' id='word_1_520' title='bbox 1214 4917 1294 4968; x_wconf 76' lang='lat' dir='ltr'><strong>Arist.</strong></span> <span class='ocrx_word' id='word_1_521' title='bbox 1339 4918 1560 4985; x_wconf 48' lang='lat' dir='ltr'>&amp;mmmm</span> 
     </span>
    </p>
   </div>
   <div class='ocr_carea' id='block_1_5' title="bbox 0 0 1774 5610">
    <p class='ocr_par' dir='ltr' id='par_1_5' title="bbox 0 0 1774 5610">
     <span class='ocr_line' id='line_1_45' title="bbox 0 0 1774 5610; baseline 0 3"><span class='ocrx_word' id='word_1_522' title='bbox 0 0 1774 5610; x_wconf 95' lang='lat' dir='ltr'> </span> 
     </span>
    </p>
   </div>
  </div>
 </body>
</html>
