3540 5610
656 307 736 367 ΠΕΡΙ
754 307 991 367 ΕΙΜΑΡΜΕΝΗΣ
1011 312 1111 365 19-22
1498 313 1557 377 191

257 484 387 543 ποιοῦσιν
410 482 461 565 τὴν
478 480 607 550 ἐξουσίαν
622 480 863 546 πεπιστευκότων.
901 484 975 545 ἀλλά
996 485 1052 566 μὴν
1073 482 1128 552 ἔξω
1144 483 1252 546 τούτων
1273 483 1396 567 ἀβίωτος
1416 485 1504 546 ότῶν
1531 500 1546 541 σ

259 581 423 665 ἀνθρώπων
446 581 534 668 (βίος)
556 584 603 647 καί
626 583 695 647 οὐδὲ
717 585 769 668 τὴν
792 585 886 670 ἀρχὴν
909 586 1073 669 ἀνθρώπων
1097 583 1147 648 ἔτι.
1186 586 1261 670 μηδὲ
1276 586 1368 649 ἐκεῖνο
1383 587 1415 649 δὲ
1429 588 1499 670 ἡμῖν
1517 595 1583 648 XXI

259 683 444 753 ἀνεξέταστον
466 686 701 770 παρολελείφθω,
722 685 814 756 εἴτις
836 687 984 762 ύποθοῖτο,
1009 689 1098 772 μηδὲν
1123 692 1231 768 μάλλον
1254 689 1353 772 ἀληθῇ
1377 688 1448 752 εἶναι
1471 690 1503 752 τδ

257 785 333 850 εἶναί
351 811 377 850 τι
399 787 492 856 οὑτως
514 787 561 873 ἐφ’
586 790 666 871 ἡμῖν,
689 793 730 859 ὡς
744 792 830 874 ἡμεῖς
852 813 882 852 τε
905 789 1040 872 ἀξιοῦμεν
1062 792 1111 853 καί
1134 793 1153 874 ἡ
1176 796 1233 855 τῶν
1256 793 1432 875 πραγμάτων
1448 792 1502 875 φύ-
1517 811 1544 852 ιο

223 910 301 958 5σις
324 888 403 974 ἔχειν
425 895 570 975 μαρτυρεῖ,
597 896 648 954 τοὺ
671 893 763 956 πάντα
796 892 825 961 ἐξ
848 893 975 976 ἀνάγκης
997 917 1028 956 τε
1051 893 1180 976 γίνεσθαι
1202 896 1249 956 καὶ
1272 893 1341 957 καθ’
1368 894 1505 978 εἱμαρμέ-

256 1018 319 1078 νην,
342 991 401 1056 ἀλλ’
429 992 501 1057 εἶναι
523 990 569 1056 ἐπ’
599 991 663 1076 ἴσης
685 995 820 1080 ἑκάτερον
850 995 991 1079 ἠπιστδν
1014 995 1033 1078 ἦ
1057 994 1165 1078 ἄδηλον
1187 996 1269 1070 αὐτό,
1300 996 1407 1080 ποτέρᾳ
1434 995 1504 1078 δόξη

257 1096 411 1159 πείθεσθαι
432 1099 492 1164 τοῖς
514 1095 680 1179 ἀνθρώποις
702 1096 918 1183 ἀσφαλέστερόν
951 1121 983 1160 τε
1011 1099 1059 1160 καί
1082 1098 1309 1182 ἀκινδυνότερον,
1343 1099 1390 1162 καλ
1423 1103 1506 1160 ποῖον

257 1201 364 1283 ψεῦδος
396 1200 595 1283 αἱρετώτερον,
629 1198 749 1282 πότερον
782 1201 815 1263 τδ
838 1202 953 1264 πάντων
983 1201 1140 1284 γινομένων
1163 1200 1229 1265 καθ’
1257 1201 1434 1286 εἱμαρμένην
1458 1200 1505 1285 [η]
1521 1217 1547 1260 ιι

261 1303 301 1384 μὴ
325 1301 418 1369 οὕτως
440 1297 518 1386 ἔχειν
542 1301 766 1385 ὑπολαμβάνειν,
800 1303 860 1365 ἀλλ’
898 1303 972 1366 εἶναι
999 1303 1047 1365 καί
1074 1305 1152 1386 ἡμᾶς
1174 1308 1224 1367 τοῦ
1247 1327 1272 1366 τι
1294 1303 1399 1389 πρᾶξαι
1421 1305 1440 1387 ἢ
1464 1305 1505 1386 μὴ

206 1427 238 1472 10
259 1403 362 1488 πρᾶξαι
384 1405 508 1488 κυρίους,
543 1405 563 1487 ἦ
587 1403 668 1472 ὄντος
690 1405 764 1473 τινὸς
786 1406 838 1487 καί,
857 1404 904 1489 ἐφ’
931 1408 1001 1489 ἡμῖν
1023 1407 1126 1482 οὑτως,
1150 1410 1190 1475 ὡς
1212 1409 1436 1492 προειρήκαμεν,
1459 1431 1506 1470 πε-

259 1633 330 1693 μενα
353 1609 427 1673 κατά
447 1610 500 1694 τὴν
523 1609 665 1694 ἡμετέραν
688 1610 818 1680 ἐξουσίαν
840 1612 969 1694 γίνεσθαι
993 1613 1281 1696 κατηναγκασμένως.
1319 1637 1339 1696 η
1361 1615 1504 1696 γνώριμον
1518 1629 1546 1671 νυ

258 1713 301 1775 ότι
326 1715 353 1776 οί
377 1715 428 1796 μὲν
451 1714 585 1775 ἁπάντων
607 1711 762 1795 γινομένων
786 1712 854 1776 καθ’
882 1714 1058 1799 εἱμαρμένην
1074 1716 1177 1783 αὑτοὺς
1201 1715 1348 1783 πείθοντες
1370 1718 1410 1783 ὡς
1429 1715 1503 1784 έξυυ·

258 1816 321 1878 σίαν
343 1813 465 1900 ἔχοντάς
487 1837 570 1878 τινων
592 1818 643 1876 τού
666 1839 697 1877 τε
719 1818 853 1897 πράττειν
888 1816 960 1879 αὐτὰ
986 1818 1034 1879 καί
1063 1819 1103 1900 μὴ
1134 1816 1216 1879 οὐδὲν
1240 1816 1273 1879 ἀν
1308 1818 1386 1900 παρά
1419 1817 1505 1899 τήνδε

204 1939 236 1986 15
256 1919 308 2001 τἠν
331 1919 423 1981 πίστιν
444 1918 475 1981 ἐν
498 1923 557 1987 τοῖς
579 1917 784 2002 πραττομένοις
807 1920 970 2003 ἁμάρτοιεν,
994 1926 1036 2004 τῷ
1062 1921 1136 2003 μηδὲ
1158 1922 1210 2004 τὴν
1234 1921 1329 2004 ἀρχὴν
1354 1924 1411 1983 τῶν
1434 1945 1505 2003 γινο-
1518 1939 1545 1980 ευ

259 2021 352 2104 μένων
374 2022 449 2089 τινδς
471 2019 519 2103 ὑφ’
547 2021 643 2084 αὑτῶν
666 2019 738 2084 εἶναι
760 2022 862 2106 κύριοι,
886 2022 961 2087 ὥσθ’
990 2025 1006 2086 ό
1028 2025 1155 2091 κίνδυνος
1176 2029 1228 2107 τῆς
1251 2024 1324 2088 κατὰ
1347 2028 1430 2088 τοῦτο
1446 2027 1504 2088 δια-

260 2124 379 2208 μαρτίας
401 2123 528 2208 πρόεισιν
552 2123 638 2208 μέχρι
662 2125 810 2207 ῥημάτων.
855 2126 881 2188 εί
903 2126 936 2189 δέ
958 2149 1000 2207 γε,
1024 2124 1106 2194 όντυς
1127 2127 1203 2195 τινὸς
1225 2129 1273 2189 καὶ
1296 2120 1344 2208 ἐφ’
1372 2129 1441 2210 ἡμῖν
1456 2129 1503 2191 καί

259 2228 300 2311 μὴ
323 2229 439 2290 πάντων
461 2227 616 2308 γινομένων
639 2226 669 2295 ἐξ
691 2228 828 2311 ἀνάγκης,
862 2229 1017 2293 πείθεσθαι
1040 2230 1092 2310 μέν
1115 2231 1238 2313 μηδενὸς
1259 2231 1339 2312 ἡμᾶς
1360 2229 1432 2292 εἶναι
1456 2255 1504 2294 κυ-

258 2331 344 2413 ρίους,
380 2329 473 2393 πολλὰ
499 2329 715 2413 παραλείψομεν
738 2333 797 2392 τῶν
820 2331 945 2398 δεόντως
972 2330 1006 2393 ἀν
1034 2332 1225 2416 πραχθέντων
1257 2330 1309 2416 ὑφ’
1345 2335 1430 2416 ἡμῶν
1457 2334 1504 2396 καί
1517 2350 1547 2392 νυ

203 2454 239 2500 νο
258 2433 306 2495 διά
338 2435 371 2496 τὸ
406 2432 618 2516 βουλεύσασθαι
640 2435 704 2516 περὶ
738 2433 832 2496 αὑτῶν
864 2434 912 2495 καί
935 2434 1036 2496 διὰτὸ
1059 2436 1124 2503 τοὺς
1147 2435 1277 2504 ἑπὶτοῖς
1300 2435 1505 2519 πραττομένοις

256 2537 405 2619 καμάτους
432 2535 591 2618 προθύμως
618 2536 803 2618 ὑφίστασθαι,
837 2533 986 2619 ἀργότεροι
1013 2537 1160 2621 γενόμενοι
1183 2538 1254 2621 πρδς
1281 2539 1314 2600 τδ
1342 2536 1378 2602 δι’
1407 2538 1504 2601 αὑτῶν

256 2662 282 2701 τι
308 2638 311 2720 ί
336 2640 427 2700 ποιεῖν
461 2637 508 2698 διὰ
529 2637 582 2720 τἠν
616 2638 708 2700 πίστιν
732 2643 792 2713 τοὺ,
827 2641 873 2702 καὶ
902 2640 992 2723 μηδὲν
1018 2641 1103 2722 ἡμῶν
1131 2641 1410 2723 πραγματευομένων
1438 2644 1503 2725 περὶ
1523 2648 1557 2703 70

254 2744 313 2804 τῶν
328 2740 487 2823 πρακτέων,
504 2740 536 2801 τδ
552 2740 669 2825 ὀφεῖλον
684 2739 744 2824 (ἀν)
760 2740 901 2821 γενέσθαι.
938 2741 1030 2810 οὑτως
1046 2743 1077 2805 δέ
1092 2743 1201 2806 τούτων
1217 2742 1345 2827 ἐχόντων
1361 2742 1504 2828 πρόδηλον

256 2846 298 2912 ὡς
320 2845 508 2926 αἱρετώτερον
536 2847 596 2911 τοῖς
622 2845 838 2927 φιλοσοφοῦσιν,
871 2845 924 2927 τὴν
951 2845 1170 2930 ἀκινδυνοτέραν
1194 2846 1260 2909 όδδν
1284 2846 1388 2914 αὐτούς
1411 2871 1441 2910 τε
1463 2850 1504 2910 αί-
1531 2865 1545 2906 ε

204 2946 373 3029 νεμεῖσθαι
395 2947 442 3009 καὶ
465 2947 532 3013 τοὺς
553 2944 661 3014 ἀλλους
682 2944 770 3028 ἄγειν.

342 3044 387 3113 Οὑ
409 3052 507 3132 χεῖρον
531 3047 573 3122 δέ,
606 3049 714 3111 τούτων
747 3049 1033 3133 προτεθεωρημένων
1067 3051 1114 3112 καί
1141 3049 1216 3114 αὐτὰ
1242 3051 1277 3114 τά
1300 3053 1365 3136 περί
1388 3057 1440 3137 τῆς
1462 3055 1499 3115 εί·
1518 3061 1596 3114 XXII

259 3150 407 3236 μαρμένης
434 3149 484 3212 ὑπ’
512 3149 608 3213 αὐτῶν
630 3151 773 3235 λεγόμενα
795 3150 1014 3235 παραθεμένους
1037 3153 1117 3224 ἰδεῖν,
1151 3151 1182 3214 εί
1200 3176 1260 3215 τινα
1283 3153 1417 3238 τοιαύτην
1440 3153 1503 3240 ἔχει

257 3255 332 3339 βίαν,
356 3257 395 3321 ὡς
418 3251 536 3335 εὔλογον
559 3253 630 3316 είναι
653 3253 699 3316 διὰ
723 3255 775 3336 τὴν
797 3255 868 3337 πρὸς
895 3255 928 3316 τδ
951 3253 1060 3337 ἀληθὲς
1082 3256 1245 3339 οἰκειότητα
1273 3258 1318 3319 καὶ
1342 3262 1399 3319 τῶν
1422 3258 1501 3343 έναρ-
1518 3278 1544 3319 ιο

256 3360 316 3439 γῶν
339 3355 431 3424 οὑτως
453 3357 605 3438 ὑπερορᾶν.
650 3353 730 3419 ἔσται
753 3357 785 3419 δὲ
807 3359 876 3440 ἡμῖν
900 3358 947 3419 καί
970 3358 985 3418 ό
1008 3359 1072 3440 περὶ
1097 3358 1206 3420 τούτων
1228 3359 1312 3441 λόγος
1334 3360 1382 3421 ἐπὶ
1404 3366 1501 3423 τοσοῦ-

203 3480 239 3528 30
256 3483 316 3535 τον,
349 3458 395 3543 ἐφ’
424 3458 490 3522 ὅσον
514 3458 575 3521 ἐστὶ
597 3460 742 3543 χρήσιμος
763 3460 835 3543 πρδς
856 3459 893 3521 τὰ
915 3460 1098 3543 προκείμενα.
1143 3463 1230 3545 φασίν
1257 3463 1293 3544 δὴ
1324 3465 1372 3524 τὸν
1395 3464 1503 3546 κόσμον

261 3563 355 3638 τόνδε,
378 3563 428 3625 ἕνα
450 3561 518 3624 ὄντα
541 3562 589 3622 καὶ
611 3563 703 3625 πάντα
726 3562 761 3624 τά
784 3560 852 3625 ὄντα
874 3562 905 3624 έν
927 3562 1007 3645 αὑτῷ
1032 3563 1215 3647 περιέχοντα,
1238 3565 1286 3626 καί
1310 3565 1366 3626 ὑπὸ
1388 3566 1504 3649 φύσεως

257 3666 450 3749 διοικούμενον
485 3668 609 3747 ζωτικῆς
641 3688 673 3726 τε
705 3666 753 3727 καὶ
775 3667 894 3748 λογικῆς
922 3667 969 3728 καὶ
997 3669 1107 3749 νοερᾶς,
1142 3664 1221 3750 ἔχειν
1248 3668 1300 3749 τὴν
1327 3672 1384 3729 τῶν
1414 3667 1503 3732 ὄντων
1519 3687 1545 3728 ιο

206 3941 218 3992 l
238 3940 348 3994 fortasse
366 3944 476 3992 ποιοῦσιν
494 3940 521 4007 (ἢ
540 3939 575 4009 μὴ
593 3945 672 3991 ποιεῖν
691 3937 767 4009 ἔχειν)
892 3940 908 3991 θ
927 3937 1071 4009 ἀνθρώπων
1091 3941 1142 4009 βίος
1161 3941 1196 3992 εὑ
1220 3938 1363 4013 ἀνθρώπων
1382 3948 1432 3996 Va¹

203 4044 221 4098 3
239 4042 360 4098 ὑποθοῖτο
376 4049 407 4096 V:
427 4043 544 4097 ὑπόθοιτο
563 4043 614 4096 ⁸¹²:
634 4041 776 4096 ὑποτίθυιτο
795 4044 889 4096 Lond.:
912 4042 1030 4096 ὑποθεῖτο
1050 4048 1072 4095 Κ
1179 4035 1263 4116 ἀληθῆ
1282 4050 1320 4099 sic
1335 4053 1366 4098 V:
1386 4047 1475 4118 ἀληθεῖ
1494 4054 1517 4102 Κ

203 4135 265 4185 »ίπι
284 4148 334 4185 om.
349 4135 373 4185 εί
448 4133 602 4202 ὑμαρτυριῖ
612 4132 662 4184 ³¹²:
685 4137 816 4204 μαμωρεῖν
829 4136 876 4184 VH
951 4132 1093 4184 6fortasse
1111 4132 1212 4184 αὐτῶν
1283 4138 1418 4193 θπάντως
1430 4138 1557 4206 γινόμενον

202 4221 314 4291 Ηγρ.θ
396 4219 730 4288 ἢάοί.Βἰτάὑουά.0
814 4219 918 4272 θτουτί
940 4220 979 4272 vel
1002 4225 1047 4272 τοῦ
1065 4222 1089 4272 τί
1105 4224 1134 4271 V:
1154 4227 1198 4273 τοῦ
1216 4226 1279 4273 τεΕ
1363 4223 1557 4279 11τδυιυ.οι

202 4308 312 4360 fortasse
328 4311 372 4377 τῷ
446 4309 485 4359 11.
501 4307 532 4358 Ιθ
550 4306 720 4377 πραττόμενα]
739 4314 876 4375 exspectas
894 4306 1047 4378 πράττεσθαι
1065 4306 1188 4359 δοκοῦντα
1202 4310 1244 4360 καὶ
1320 4310 1349 4362 1‘2
1373 4311 1482 4379 γίνεσθαι
1500 4313 1557 4367 Cas.

202 4395 329 4449 Lond.0:
349 4395 441 4465 γίνεται
453 4395 512 4448 libri
583 4395 686 4463 η]οὑΟ
761 4394 791 4447 16
811 4394 896 4464 κύριος
909 4397 934 4446 12¹
1007 4392 1176 4465 ὥσθ’-ημᾶς
1195 4396 1322 4462 εἶναι(18)
1340 4412 1389 4449 om.
1403 4403 1428 4451 α’
1501 4402 1558 4453 τού·

201 4486 290 4536 πωνΟ
365 4485 397 4536 18
416 4483 536 4535 ἁπάντων
554 4486 640 4536 τῶνΟ
712 4480 841 4534 πείθεσθαι
859 4484 916 4551 μὲν]
939 4481 1098 4553 πεισθείημεν
1117 4483 1162 4535 3²:
1187 4482 1226 4534 διὰ
1247 4483 1276 4535 τὸ
1295 4482 1424 4538 πείθεσθαι
1442 4494 1488 4540 aut
1506 4507 1557 4541 πει-

201 4569 306 4637 θόμενοι
319 4573 421 4626 conio
504 4572 569 4641 ἡμᾶς
583 4571 644 4623 ιίναι
654 4573 718 4622 Va¹z
737 4571 798 4622 τίναι
817 4572 883 4641 ἡμᾶς
894 4575 930 4622 H:
950 4570 1022 4628 ὄντας
1035 4574 1063 4623 a²
1146 4572 1175 4622 19
1195 4571 1378 4642 παραλείψομεν
1388 4576 1433 4625 82:
1453 4576 1556 4645 παραλί-

202 4676 284 4726 πομτν
297 4662 330 4710 V:
349 4657 533 4730 παραλείπομεν
551 4658 602 4710 8¹²2
621 4655 815 4728 παραλείποιμεν
829 4658 911 4709 Lond.
1002 4660 1035 4710 20
1053 4660 1097 4710 alt.
1111 4658 1139 4710 τὸ
1159 4659 1216 4711 Cas,
1237 4658 1318 4710 Lond.
1329 4662 1359 4712 O:
1383 4667 1427 4712 τοῦ
1445 4663 1503 4715 libri

202 4745 235 4798 21
256 4744 394 4814 γευόμενοι,
413 4748 459 4799 sed
479 4766 493 4798 u
512 4751 537 4798 et
555 4766 574 4814 μ
592 4746 670 4797 litura
681 4747 805 4798 obscurae
817 4750 847 4797 V:
867 4746 1026 4816 γινόμενοιΕ
1108 4747 1226 4798 αὑτῶνθ
1311 4746 1344 4798 23
1363 4746 1462 4815 ὄφειλον
1481 4754 1503 4803 Ο

202 4833 233 4885 ἀν
252 4833 311 4887 add.
330 4833 460 4887 Schwartz
550 4833 583 4886 24
609 4834 742 4885 αυτοὺσθ
832 4834 873 4885 24.
894 4833 927 4887 25
955 4853 982 4886 τε
1002 4834 1121 4905 αἱρεῖσθαι
1140 4836 1179 4887 2⁴²:
1208 4832 1349 4902 ἐπαίρεσθαι
1368 4839 1432 4888 Va¹÷
1461 4858 1487 4891 τε
1505 4839 1556 4891 ίλέ-

202 4920 262 4975 σθαι
278 4920 314 4975 B’
404 4920 437 4973 27
456 4918 626 4992 προθεμένους
645 4921 684 4973 ³¹²
772 4922 806 4974 30
825 4920 914 4992 ἐφόσον
933 4926 957 4974 V
1046 4922 1075 4975 31
1098 4924 1168 4994 αὑπῷ
1186 4928 1208 4975 V
