3540 5610
219 253 437 314 VERBORUH

222 427 297 497 ίχίω
316 429 378 495 223
403 432 479 496 1233

224 514 285 583 ὄψις
303 517 361 588 οὐχ
372 518 409 577 ὡς
427 519 475 589 ὕλη
493 522 592 594 δέχεται
609 527 641 577 τὰ
659 525 728 596 πάθη
748 527 808 593 623
842 528 872 582 οὺ

267 606 360 673 γίνεται
379 607 483 674 μίλαινα
507 611 543 662 ib.
569 610 736 682 διαστήματος
753 614 871 683 ἀντιλαμ-

268 691 371 759 βάνεται
396 695 480 760 5034
517 697 634 770 διαφορὰς
651 698 742 753 λευκοῦ
767 703 810 754 ml
828 704 884 772 μί*

267 777 342 837 λανοε
354 783 467 853 γνωρίζει
485 784 562 848 6137
590 789 680 858 πάσχει
692 787 870 858 ἀλλοιουμένου

267 883 321 924 πως
339 873 385 920 τοῦ
402 869 495 937 μεταξὺ
513 871 646 943 διαφανοῦς
667 876 759 940 14133
786 875 871 947 ὅψεως

267 952 315 1006 ἴδια
342 954 453 1028 αἰσθητά
482 959 548 1024 423
589 961 683 1035 ἅχροον
709 966 738 1017 τὸ
765 964 870 1037 ὄργανον

267 1038 318 1109 ἔχει
344 1043 452 1108 10631
486 1047 657 1114 μοωπισθεῑσα
684 1051 763 1117 1363
800 1052 870 1123 ὄψεις

266 1127 327 1181 λεῖαι
344 1133 389 1184 καὶ
408 1131 535 1203 θιαρανείς
552 1137 610 1200 443
648 1135 793 1210 θεωρητικὴ
813 1141 869 1211 ὄψις

266 1220 309 1274 τοῦ
328 1216 442 1276 ααθόλαε
460 1221 539 1286 8532

224 1583 304 1648 πάχος
325 1579 421 1643 13235
442 1580 517 1643 1333

223 1667 394 1739 παθητικάς.
419 1667 484 1720 ἄλλα
497 1669 542 1721 ἀπ’
558 1669 643 1723 ἄλλων
656 1691 682 1724 τ.
699 1673 791 1737 14438
819 1692 865 1725 πα-

261 1756 370 1827 θητικοῦ
388 1756 465 1828 ἀρετ-ί]
478 1756 564 1828 πρᾶξίς
582 1765 635 1810 τῶν
647 1758 751 1828 ἀγαθῶν
774 1759 865 1823 15533

221 1842 306 1902 πάθος
332 1843 430 1913 ἀνίησιν
452 1842 482 1895 τὸ
505 1850 579 1911 σῶμα
607 1848 650 1899 καί
677 1844 779 1919 αὔξησιν
802 1855 867 1900 ποιεῖ

261 1932 319 1994 773
358 1930 503 2005 ααταψίιχει
521 1932 564 1984 οιαὶ
583 1933 709 1988 οωστέλλει
727 1935 787 2001 773
816 1937 864 2005 τὴν

261 2020 345 2093 ἀρχὴν
364 2018 414 2071 ἀπὸ
433 2022 480 2088 τῆς
491 2017 633 2090 αἰσθήσεως
645 2021 698 2096 ίχει
717 2023 777 2085 973
813 2022 865 2076 ὑλι-

260 2108 305 2161 τόν
328 2105 426 2173 16836
462 2111 507 2159 τοῦ
526 2106 691 2177 ὑποκειμένου
713 2111 809 2176 16837
846 2111 862 2182 ἡ

259 2192 371 2252 διάθεσις
393 2194 485 2260 10435
513 2195 542 2247 οὺ
556 2195 623 2248 κατὰ
635 2196 721 2270 ψυχὴν
735 2199 863 2268 γινόμενον

258 2284 318 2345 843
353 2277 402 2353 ὕλη
421 2290 459 2352 τῷ
479 2280 554 2335 πάθει
571 2282 681 2352 γίνεσθαι
699 2284 760 2352 843
790 2285 862 2359 ὑπερ-

258 2370 362 2441 βάλλειν
386 2377 437 2429 τοῖς
459 2369 563 2424 πάθεσιν
594 2372 656 2438 133
697 2369 788 2425 παθῶν
812 2372 863 2426 δια-

257 2461 332 2532 μάχη
357 2457 419 2529 πρὸς
444 2459 489 2511 τὸν
520 2458 593 2528 λόχον
624 2459 707 2523 118,8
746 2460 863 2514 ἀπὸτοῦ

257 2544 356 2605 πάθους
375 2545 564 2617 προσαχορείιειν
585 2546 678 2613 15737

206 2633 332 2686 παιδίον
354 2633 430 2698 1533

206 2729 275 2780 ταῖς
297 2720 394 2786 17532

206 2810 385 2880 παλαιστής
403 2809 480 2872 2338

204 2897 399 2967 παλαιστική
419 2895 496 2960 2339

204 2984 333 3038 παλαίω
351 2982 430 3050 2338
450 2984 544 3048 10436

204 3073 298 3125 mm
317 3073 363 3138 4,ss
384 3071 464 3136 17‚‘20
482 3072 524 3135 ⁴20,
534 3061 613 3124 1'0.12
632 3071 760 3136 21‚12.16
780 3072 862 3138 28‚·23

256 3159 337 3224 2937
357 3159 435 3224 8539
455 3158 532 3221 9932
554 3160 645 3225 11437
668 3160 742 3224 1423
761 3165 810 3213 etc.

202 3244 436 3316 παλινθρορέω.
488 3245 573 3318 ὥσπερ
610 3245 781 3318 ἀναλυομένης
815 3253 862 3318 τῆς

254 3333 360 3404 φ”εσεως
384 3335 427 3386 ιιαί
451 3333 667 3406 παλινδρομοὺσης
689 3334 730 3387 ἐπὶ
752 3336 799 3405 τὴν
818 3336 860 3405 άρ-

254 3421 308 3494 χὴν
327 3421 378 3474 άπὸ
396 3427 448 3474 τῶν
468 3422 583 3495 ἐσχάτων
603 3423 676 3488 9531

201 3507 355 3578 πάμπολυ
372 3507 433 3574 834

201 3602 260 3649 πᾶν
278 3596 426 3649 τούναντίον
448 3597 523 3662 185,5

202 3687 402 3737 παντάπασιν
423 3684 481 3750 133
501 3684 578 3750 9333
599 3684 692 3750 13836

201 3776 368 3846 πανταχοῦ
390 3772 486 3837 11232
520 3775 563 3825 ιιαί
581 3771 741 3846 πανταχόθεν
757 3774 858 3839 13437

201 3859 360 3928 παντελής
380 3859 473 3925 13236

201 3951 302 4018 πάντῃ
321 3946 401 4012 7032
422 3946 515 4012 18237

201 4033 359 4088 πάντοθεν
379 4034 457 4098 5035

202 4126 330 4181 πάντως
352 4122 434 4188 6735
452 4122 534 4188 7236
554 4123 632 4188 7531
659 4124 741 4189 8037
763 4124 858 4190 10436

257 4209 469 4276 1053017135

201 4303 281 4352 πάνυ
303 4297 512 4364 1253014530
533 4297 625 4362 18033
648 4298 737 4361 18231
763 4298 837 4363 1833

201 4390 283 4456 παρά
307 4403 330 4439 c.
349 4401 409 4454 gen.
429 4383 559 4449 263325
577 4385 673 4449 29,6.7
692 4386 756 4450 433
776 4384 857 4449 8537

254 4475 321 4539 893
340 4473 406 4538 983
427 4472 522 4537 10837
545 4472 755 4537 1253312631
779 4473 858 4536 1733

259 4562 353 4624 18031
399 4576 420 4612 ε.
444 4560 497 4612 dat.
523 4559 618 4625 12031
648 4560 743 4623 15036
769 4561 857 4626 1583.

258 4647 338 4702 1138
364 4648 445 4712 1593
481 4664 503 4700 ο.
522 4663 575 4700 acc.
595 4648 664 4716 παρὰ
682 4647 754 4717 φΰσιν
777 4649 856 4712 2134

252 4747 353 4803 praeter
378 4735 420 4799 8,5
442 4734 516 4800 1333
538 4734 596 4799 193
618 4735 678 4801 543
701 4735 760 4801 583
780 4736 857 4800 6038

255 4824 317 4890 663
335 4822 408 4888 8031
429 4822 521 4886 10739
544 4822 635 4886 10934
657 4823 854 4890 1193212431

1516 277 1578 343 215

980 443 1076 509 12538
1098 444 1360 510 133391663433
1381 447 1474 514 16731
1500 451 1577 516 1733

981 530 1079 596 17436
1108 532 1191 596 175,8
1220 532 1276 595 176,
1288 533 1321 584 29
1345 534 1465 600 18034
1493 537 1577 604 186,5

975 620 1102 670 secundum
1125 618 1171 684 83
1216 618 1322 692 διαφορά
1345 621 1433 688 (αίτία)
1462 627 1528 696 παρά
1553 626 1578 678 τί

975 705 1026 758 ίστι
1054 706 1134 771 2739
1157 707 1242 770 4530
1265 708 1345 775 7031
1373 711 1531 774 17037.18.
1545 714 1576 765 19

978 793 1073 856 17137
1100 793 1196 859 18532
1233 796 1301 865 παρὰ
1322 797 1368 865 τὴν
1393 799 1466 851 ποιὰν
1489 806 1576 871 αροῑοιν

974 885 1019 933 τοῦ
1029 880 1311 953 σώματοςάλλοιοτέραν
1322 884 1424 958 ίοχοντα
1434 886 1482 957 τὴν
1490 887 1575 962 ψυχήν

978 970 1069 1032 10434
1089 971 1146 1021 sim.
1166 969 1575 1038 1163912534353614532

978 1057 1054 1120 1463
1079 1057 1156 1121 1713
1179 1058 1275 1122 17933
1296 1058 1376 1124 1853
1412 1063 1480 1134 παρὰ
1500 1063 1575 1135 μίρος

977 1143 1070 1206 14732

920 1229 1101 1299 παραβαίνω
1125 1232 1217 1297 15834
1253 1232 1445 1306 παραβασθῆναι
1466 1237 1537 1303 1853

918 1317 1095 1388 παράβασις
1116 1319 1208 1384 15837
1231 1321 1303 1387 1593

918 1406 1129 1476 παραγίνομαι
1150 1407 1242 1473 10436
1264 1409 1339 1472 1193
1361 1411 1453 1478 12335

919 1491 1138 1566 παραθέχομαι
1157 1495 1234 1560 2530
1256 1496 1347 1562 13032

920 1579 1117 1651 παραδίδωμι
1136 1583 1177 1647 2,5

919 1666 1101 1738 παράδοξος.
1129 1672 1161 1722 τά
1172 1670 1231 1740 ἔργα
1244 1676 1290 1741 τῆς
1302 1671 1401 1742 φίαοεως
1413 1691 1439 1724 π.
1459 1673 1528 1737 234.
1538 1672 1571 1723 23

971 1754 1118 1825 παραδόξως
1136 1761 1180 1811 ααί
1198 1766 1320 1831 περιττῶς
1339 1761 1570 1827 ιιατεσιιευασμίνον

971 1848 1045 1910 σῶμα
1064 1843 1123 1909 234
1146 1847 1202 1911 113
1222 1859 1270 1900 etc.

916 1927 1088 1998 παράθεσις
1108 1933 1166 1998 123
1188 1936 1244 1997 133
1267 1934 1360 2000 11533
1381 1936 1456 2000 1403

916 2016 1106 2085 παραααλέω
1128 2019 1220 2085 18238
1242 2022 1318 2085 1833

916 2106 1107 2174 παράκειμαι
1134 2107 1220 2173 2537
1251 2109 1354 2174 125,30
1383 2108 1486 2174 13630
1512 2110 1569 2173 145,

970 2191 1169 2257 273915030

916 2280 1165 2351 παρααολονθίω
1186 2283 1246 2348 230

915 2369 1122 2439 παρακομίζω
1144 2369 1237 2435 12332

916 2457 1084 2527 παρακοπή
1106 2458 1198 2523 16137

915 2543 1107 2614 παρααόπτω
1127 2545 1204 2609 7038
1225 2546 1317 2609 16139

914 2629 1152 2701 παραλαμβάνω
1170 2632 1250 2699 3230
1270 2632 1361 2698 15731
1385 2630 1478 2698 16334

1312 275 1430 359 πάρειμι

914 2716 1097 2789 παραλλαγή
1117 2719 1225 2785 83436
1248 2719 1323 2784 1032

913 2803 1122 2877 παραλλάττω
1145 2825 1193 2859 τινι
1221 2807 1307 2873 7532
1347 2813 1400 2859 τιῐιν
1424 2804 1568 2878 παρηλλαγ·

966 2893 1049 2962 μένων
1078 2895 1118 2946 ἐπὶ
1142 2893 1171 2946 τὸ
1201 2893 1296 2964 μᾶλλον
1325 2894 1340 2966 ἡ
1373 2895 1450 2964 ἧττον
1483 2893 1567 2959 1073

964 2979 1036 3033 θοιιεῖ
1056 2979 1148 3034 θᾶττον
1171 2984 1203 3035 τὰ
1226 2983 1251 3035 ἐν
1274 2989 1410 3041 στενωποῖς
1432 2981 1567 3050 ιιινοὺρενα

970 3069 1062 3132 14733

914 3155 1089 3227 παράλογος
1111 3157 1201 3223 13237
1225 3157 1317 3222 14033

913 3241 1069 3312 παραλΰω.
1118 3242 1175 3297 ὅσον
1206 3244 1358 3316 παραλίοεται
1391 3249 1437 3316 τῆς
1467 3245 1566 3317 ριἐσεως

968 3331 1061 3396 17135

912 3407 1105 3490 παραμυθία.
1143 3425 1188 3472 τοῦ
1211 3419 1298 3479 καλῶς
1320 3421 1426 3474 ἕκαστον
1453 3421 1566 3494 εἰρῆσθαι

964 3508 1009 3565 τάς
1026 3507 1118 3565 οἰκείας
1137 3506 1297 3579 παραμυθίας
1314 3506 1468 3584 παρέχεσθαι
1487 3509 1529 3575 23

911 3592 1129 3665 παραπλήσιος
1150 3595 1242 3661 14437
1265 3595 1357 3660 17232

912 3683 1103 3752 παραπορπή
1123 3683 1183 3748 953

911 3771 1136 3841 παρασαεοάζω
1154 3771 1200 3841 τὴν
1220 3770 1278 3840 όψιν
1300 3771 1393 3837 13630

840 3929 844 3935 ,
911 3858 1091 3928 παρασκευή
1109 3859 1202 3928 ροσοιό
1222 3856 1315 3924 18133
1342 3860 1372 3911 ἐπ
1387 3847 1563 3929 ρΰσιωςίχιιν

962 3947 1010 4015 τὴν
1028 3964 1054 3999 π.
1072 3951 1119 4017 τῆς
1137 3947 1171 4005 είς
1188 3945 1217 3999 τὸ
1235 3946 1405 4016 ἀντικείμενον
1423 3946 1564 4016 μεταβολῆς

967 4034 1060 4100 18432

911 4121 1113 4193 παρασπείρω
1131 4122 1209 4186 3732
1231 4122 1323 4184 17032
1345 4122 1419 4187 171,7

912 4208 1081 4281 παρασὺρω
1102 4207 1195 4274 13533
1216 4209 1291 4272 1363

911 4299 1078 4368 παραφέρω
1100 4295 1211 4363 129337
1234 4298 1325 4363 13837

910 4383 1132 4456 παραφροσὺνη
1154 4385 1229 4451 1003

910 4476 1045 4544 πάρειμι.
1073 4473 1104 4526 τά
1115 4471 1255 4544 τελειότερα
1273 4479 1326 4525 τῶν
1338 4471 1413 4544 ζῴων
1433 4473 1462 4526 οὔ
1475 4474 1561 4541 μόνων

963 4558 1105 4613 αἰσθάνεται
1127 4566 1179 4612 τῶν
1207 4561 1339 4633 παρόντων
1361 4580 1388 4614 τε
1415 4564 1459 4614 καί
1486 4563 1561 4614 άπτο-

963 4649 1045 4716 ρένων
1063 4647 1160 4713 αὐτῶν,
1187 4648 1251 4701 ἀλλὰ
1269 4650 1312 4701 οιαὶ
1335 4657 1388 4702 τῶν
1407 4650 1561 4719 ἀφεστώτων

962 4736 1039 4798 5833
1068 4735 1195 4788 οὐδὲντοῦ
1209 4736 1329 4807 παρόντος
1341 4735 1452 4806 όρέχεται
1468 4739 1560 4801 15135

963 4824 1002 4876 ἐπὶ
1020 4829 1064 4875 τοῦ
1083 4824 1204 4895 παρόντος
1224 4825 1299 4890 1703
