3540 5610
592 350 595 357 ·
667 317 724 388 [DE
742 317 854 373 ANfflA
871 318 974 375 LIBER
992 318 1118 389 ALTER]
1200 389 1201 392 γ
1332 330 1337 338 ’
1508 322 1569 387 133

267 487 361 570 λέγειν
383 491 584 575 συγκρίνεσθαι
611 494 783 575 παράλογον.
828 478 956 576 ὁρῶμεν
970 493 1002 555 ὁέ
1028 493 1075 556 καὶ
1098 493 1149 576 τὴν
1176 492 1271 577 φλόγα
1293 495 1466 578 πάσχουσάν
1490 516 1515 555 τι

268 592 326 654 ὑπὸ
352 598 411 675 τῶν
438 595 548 677 πάγων.
596 594 644 657 καὶ
671 595 742 678 πρὸς
768 595 836 663 τοὺς
861 592 994 676 λέγοντας
1021 595 1053 657 ὁέ
1068 595 1110 656 ,ἐν
1137 599 1176 678 τῇ
1203 594 1279 680 χιόνι
1305 596 1460 679 φωτοειδές
1486 618 1512 656 τι

268 697 383 778 πνεῦμα
404 695 585 779 ἀπειλῆφθαι
608 697 655 760 καὶ
677 701 761 760 τοῦτο
784 701 836 780 τῆς
857 697 1031 781 λευκότητος
1052 695 1141 760 αίτιον
1163 696 1235 760 εἶναι
1256 697 1371 782 ’ρητέον·
1395 704 1459 768 πῶς
1481 698 1515 762 οῦ
1529 714 1557 757 ευ

268 797 446 880 συγκρίνεται
467 802 551 861 τοῦτο
574 798 630 862 ὑπὸ
653 803 705 882 τῆς
720 798 915 884 ψυχρότητος
939 797 980 861 ἔτι
1002 803 1065 867 πῶς
1084 799 1156 881 μετὰ
1178 800 1230 883 τὴν
1253 801 1353 862 κλάσιν
1376 799 1440 884 ἤτοι
1461 802 1513 884 τὴν

238 898 327 961 σάπὸ
349 904 400 963 τοῦ
423 899 587 984 κατόπτρου
614 900 632 983 ἢ
655 901 707 984 τὴν
730 902 787 964 ἀπὸ
814 906 872 965 τῶν
894 905 1040 986 ὁιαφανιῖνν
1067 899 1108 963 ἔτι
1131 902 1163 964 τό
1189 907 1242 986 τῆς
1264 902 1435 985 ἐπερείσεως
1457 906 1513 966 σώ-

268 1003 360 1080 ζεταις
390 1001 533 1087 οὐδὲγὰρ
555 1003 603 1065 ἐπὶ
626 1003 781 1088 βακτηρίας
803 1008 886 1066 τοῦτο
909 1002 1040 1066 δυνατόν·
1075 1006 1167 1067 πάντα
1188 1004 1243 1087 γὰρ
1264 1003 1301 1067 τό
1322 1004 1513 1086 κεκλασμένα,

267 1103 366 1186 ὥσπερ
388 1104 425 1167 τὰ
447 1105 526 1188 πηρά
548 1107 671 1187 σώματα
695 1107 768 1188 πρὸς
790 1107 840 1176 τάς
861 1106 1016 1190 ἐνεργείας,
1045 1106 1163 1169 κάκεῖνα
1189 1107 1260 1191 πρὸς
1285 1107 1336 1176 τὰς
1358 1108 1514 1189 ἐπερείσας

269 1204 410 1269 ἐκλύεται.
456 1205 498 1270 ἔτι
520 1207 561 1276 εἰς
586 1207 677 1292 φρέαρ
705 1208 781 1293 βαθὸ
808 1209 856 1272 καὶ
883 1209 1004 1293 ζοφερὸν
1031 1208 1244 1292 ἀποβλέψαντες
1269 1209 1297 1270 τί
1322 1210 1358 1293 δή
1385 1232 1455 1273 ποτε
1481 1210 1514 1272 τὸ

268 1307 322 1390 μὲν
344 1308 424 1392 ὕδωρ
446 1308 504 1394 οὐχ
526 1311 650 1395 ὁρῶμεν,
673 1312 725 1394 τὴν
748 1308 772 1374 δ’
794 1311 904 1374 ἑαυτῶν
926 1309 1050 1396 ἔμφασιν
1074 1311 1201 1394 ὁρῶμεν;
1224 1314 1334 1393 γελοῖον
1357 1311 1410 1396 γὰρ
1436 1309 1439 1397 γ
1463 1312 1496 1373 τὸ
1518 1329 1568 1373 ιουι

224 1423 253 1468 1⁰
266 1410 359 1492 λέγειν
382 1414 427 1496 τῷ
450 1413 501 1492 μὲν
524 1413 604 1477 όὸατι
629 1415 669 1498 μὴ
691 1414 820 1497 γίνεσθαι
843 1413 998 1499 ἐπέρεισιν,
1020 1412 1195 1482 κλασθέντος
1216 1414 1249 1476 δέ
1270 1419 1320 1478 τοῦ
1344 1415 1384 1497 μὴ
1407 1417 1514 1500 ἐπερεί-

267 1535 371 1583 σαντος
393 1519 437 1599 τῷ
462 1515 543 1579 ῦὸατι
564 1516 706 1601 ἐπέρεισίν
727 1540 790 1581 τινα
809 1515 882 1600 μετὰ
902 1517 954 1599 τὴν
977 1518 1077 1580 κλάσιν
1099 1516 1228 1597 γίνεσθαι
1248 1520 1292 1600 τῷ
1313 1518 1512 1603 κεκλασμένῳ.

266 1614 370 1698 όμοιον,
390 1620 444 1701 γὰρ
466 1623 510 1704 τῷ
534 1620 622 1703 φάναι
635 1619 809 1702 κλασθείσηε
833 1620 941 1704 ῥ’βδου
961 1620 1009 1704 καὶ
1032 1618 1228 1700 διαλυθείσης
1249 1619 1281 1680 τὸ
1298 1619 1349 1701 μὲν
1372 1620 1446 1682 κατὰ
1461 1621 1513 1705 τὴν

264 1719 367 1781 κλάσιν
389 1718 545 1804 ἀντέρεισιν
567 1723 637 1804 ἡμῖν
653 1721 795 1804 αἰσθητὴν
820 1722 859 1805 μὴ
880 1720 1029 1805 παρέχειν,
1051 1720 1099 1784 ὁιολ
1121 1721 1153 1783 δὲ
1167 1705 1219 1804 τῆς
1241 1722 1372 1791 κλάσεως
1395 1722 1511 1807 θατέρῳ

266 1825 326 1885 τῶν
348 1824 481 1904 περάτων
509 1823 679 1908 ἀντερείδειν
707 1824 855 1888 δύνασθαι
900 1821 942 1886 ἔτι
964 1824 1044 1908 εἴπερ
1070 1823 1117 1887 διὰ
1143 1825 1257 1886 πάντων
1283 1827 1452 1909 κεχώρηκεν
1480 1827 1513 1888 τό

221 1936 251 1981 15
265 1926 392 2006 πνεῦμα.
415 1925 502 2007 δῆλον
525 1924 569 1988 ότι
590 1927 639 1989 καὶ
661 1925 708 1989 διὰ
730 1931 787 1988 τῶν
811 1926 926 2010 τοίχων,
950 1928 1047 2012 ὥσπερ
1071 1928 1118 1990 καὶ
1141 1926 1189 1989 ὁιά
1211 1931 1268 1988 τῶν
1290 1930 1446 2012 διαφανῶν.
1486 1930 1515 1991 τί
1539 1945 1553 1987 τ

264 2027 305 2109 δή
327 2023 390 2089 ποτ’
412 2026 461 2091 οόν
484 2029 532 2091 τὸν
555 2028 607 2112 μὲν
630 2029 660 2090 ἐν
683 2033 742 2096 τοῖς
757 2027 921 2112 ὁιαφανέσιν
944 2029 1017 2114 ἀέρα
1036 2027 1247 2112 συνεντείνομεν
1270 2030 1318 2093 καί
1334 2031 1448 2114 ὁρῶμεν
1471 2030 1507 2094 δι’
1608 2098 1631 2112 γ,

263 2128 373 2208 αὐτῶν,
395 2112 444 2192 τόν
467 2130 499 2193 δὲ
521 2129 550 2193 ἐν
572 2135 632 2201 τοῖς
655 2132 695 2214 μὴ
724 2130 889 2212 ὁιαφανέσιν
918 2129 984 2194 οὔτε
1007 2132 1220 2214 συνεντείνομεν
1248 2130 1314 2195 οὔτε
1337 2133 1451 2217 ὁρῶμεν
1474 2133 1510 2197 δι’

263 2230 376 2312 αῦτῶν;
411 2233 491 2297 εἰδὲ
512 2233 622 2317 λέγοιεν
645 2234 677 2295 τό
700 2234 816 2317 στερεὸν
838 2234 1036 2317 ἐπιπροσθεῖν,
1063 2234 1166 2316 στερεά
1188 2235 1236 2297 καὶ
1258 2236 1277 2318 ἡ
1302 2235 1387 2304 ὕαλος
1409 2218 1457 2298 καὶ
1480 2237 1512 2299 τὸ

265 2332 353 2417 κέρας
374 2335 423 2398 καὶ
445 2336 473 2397 οἱ
495 2336 641 2418 διαφανεῖς
663 2335 750 2399 λίθοι.
795 2336 821 2399 εἰ
841 2335 896 2421 γὰρ
919 2340 1008 2399 ταῦτα
1030 2336 1137 2418 λέγοιεν
1165 2337 1205 2420 μὴ
1229 2338 1347 2420 στερεά,
1374 2336 1445 2400 διότι
1467 2337 1512 2401 εῦ-

221 2426 408 2520 ευθραυστα,
430 2438 479 2500 καλ
498 2437 546 2500 διὰ
567 2441 651 2501 τοῦτο
674 2435 710 2500 δι’
731 2437 826 2501 αὐτῶν
842 2439 912 2521 ὁρᾶν
934 2440 1023 2522 ημᾶς,
1045 2436 1224 2522 εῦθραυστος
1239 2438 1322 2502 οὐδὲν
1345 2439 1429 2523 ἦττον
1452 2440 1513 2503 τοό-

264 2563 323 2603 των
345 2541 395 2603 καὶ
417 2540 575 2623 ὁκέραμός
596 2541 682 2615 ἐστιν,
705 2543 782 2604 ὥστε
801 2541 893 2625 ἐχρῆν
914 2542 994 2624 ἡμᾶς
1016 2542 1085 2624 ὁρᾶν
1108 2541 1156 2604 καὶ
1178 2540 1225 2604 ὁιολ
1248 2541 1359 2604 τούτου.
1392 2543 1421 2605 τί
1441 2541 1506 2605 ποτ’

263 2640 315 2706 οῦν
338 2643 371 2705 τὸ
394 2642 588 2726 ἐπιπροσθοῦν
615 2647 675 2713 τοῖς
696 2643 834 2712 τοιούτοις
860 2644 907 2706 καὶ
930 2642 977 2707 ὁιόι
1004 2645 1031 2706 τί
1053 2643 1069 2706 ὁ
1093 2645 1144 2726 μὲν
1174 2644 1231 2728 ἀὴρ
1254 2646 1347 2728 διήκει
1372 2645 1420 2707 διὰ
1443 2647 1509 2708 πάν·
1524 2662 1552 2704 ιο

263 2769 333 2822 των,
354 2746 389 2808 τὸ
411 2746 444 2808 ὁέ
465 2751 529 2829 φῶς
544 2745 713 2830 λεπτότερον
735 2745 823 2809 αὐτοῦ
847 2745 879 2809 όν
895 2745 928 2808 οὐ
945 2747 1051 2830 ὁιήκει;
1075 2737 1165 2831 ἐχρῆν
1180 2747 1245 2830 γάρ,
1267 2744 1338 2829 ὅπερ
1360 2747 1386 2809 εἰ
1402 2748 1509 2830 ἐγίνετο

263 2848 431 2934 συνέβαινεν
452 2847 501 2927 ἀν,
534 2850 669 2933 μηδαμοῦ
695 2851 826 2932 γίνεσθαι
849 2848 929 2913 σκιὰν
952 2849 999 2912 ὁιόι
1021 2850 1126 2916 παντὸς
1154 2848 1245 2917 ἰόντος
1271 2852 1321 2911 τοῦ
1343 2850 1440 2933 φωτός
1462 2874 1510 2913 κα·
1554 2882 1560 2893 ·

219 2966 248 3010 τε
263 2951 357 3034 θάπερ
385 2952 433 3014 καὶ
459 2955 510 3014 τοῦ
533 2951 626 3034 ἀέρος.
671 2956 735 3019 πῶς
757 2951 789 3015 δέ
810 2974 881 3036 φασι
909 2942 982 3015 κατὰ
1008 2951 1041 3014 τὸ
1063 2951 1152 3035 πέρας
1174 2951 1335 3014 τυποῦσθαι
1361 2952 1409 3014 τόν
1438 2952 1510 3037 ἀέρα

263 3055 479 3138 προσπίπτοντα
500 3060 560 3124 τοῖς
582 3055 752 3138 ὁρωμένοις;
778 3053 814 3116 τό
836 3053 888 3137 γὰρ
913 3055 1037 3136 μάλιστα
1058 3055 1148 3117 λεπτὰ
1170 3054 1218 3116 καλ
1240 3053 1311 3138 ὁγρά
1333 3059 1391 3116 τῶν
1413 3057 1511 3138 σωμά-

263 3181 321 3221 των
343 3156 378 3221 οῦ
394 3159 501 3220 δυνατά
522 3157 583 3221 ἐστι
603 3159 637 3220 τὸ
656 3155 898 3242 ἐνσημαινόμενον
914 3155 1064 3241 δέχεσθαι,
1087 3157 1186 3239 ὥσπερ
1208 3154 1245 3220 δι’
1266 3154 1409 3240 ὑγρότητα
1431 3158 1510 3240 ὕδωρ

261 3263 311 3323 καὶ
332 3261 427 3344 πηλός
450 3258 483 3343 [ἢ
506 3260 577 3345 ἀὴρ]
600 3260 694 3344 ὑγρός.
738 3257 790 3335 ἔτι,
814 3260 840 3321 εί
861 3261 908 3322 καὶ
927 3246 1031 3343 ’δοθείη
1058 3261 1220 3323 τυποῦσθαι
1242 3261 1289 3323 καὶ
1313 3259 1452 3344 δέχεσθαι
1475 3262 1508 3322 τὸ

261 3361 516 3447 ἀποματτόμενοι,
545 3368 607 3432 πῶς
634 3361 706 3426 ἀλλο
734 3386 760 3425 τι
783 3362 861 3446 παρὰ
887 3363 919 3425 τὸ
941 3367 1045 3446 σχῆμα
1071 3361 1186 3425 ὁόναται
1214 3361 1365 3441 ὁέέασθαι;
1400 3367 1508 3446 χρῶμα
1523 3379 1549 3422 ιε

218 3467 316 3550 αογιλρ
342 3465 460 3534 οῦδενὸς
487 3463 554 3529 οὔτε
581 3464 805 3548 ἐνσημαίνεσθαι
833 3464 958 3549 πέφυκεν
981 3461 1048 3526 οὔτε
1075 3464 1105 3526 ἐν
1132 3469 1204 3533 τοῖς·
1217 3463 1440 3548 ἐκτυπουμένοις
1463 3465 1506 3548 ἐγ·

259 3569 401 3652 γίνεσθαι,
425 3566 496 3630 ὥστ’
516 3566 574 3631 ἔδει
594 3566 685 3652 χρόας
708 3569 787 3652 ἡμᾶς
810 3568 849 3651 μὴ
872 3569 952 3651 ὁρᾶν,
975 3572 1077 3651 σχῆμα
1101 3567 1133 3630 δέ
1155 3567 1251 3649 μόνον.
1285 3556 1362 3650 τάχα
1385 3567 1417 3629 δὲ
1440 3567 1507 3631 οῦὸἐ

261 3676 376 3756 σχῆμα.
421 3676 470 3734 νῦν
494 3672 545 3753 μὲν
566 3671 621 3755 γὰρ
644 3670 691 3733 διὰ
714 3671 869 3755 βακτηρίας
891 3669 953 3732 τινὰ
975 3674 1032 3731 τῶν
1055 3672 1216 3755 σχημάτων
1238 3670 1422 3754 γνωρίζομεν,
1446 3670 1506 3733 οἷον

259 3775 296 3837 τὰ
319 3774 372 3858 μὲν
395 3775 500 3857 κυρτά,
527 3772 571 3836 ὁτι
594 3773 806 3857 περιολισθάνει
828 3773 893 3858 περὶ
915 3772 989 3836 αῦτά
1010 3797 1029 3855 η
1054 3773 1207 3857 βακτηρία,
1231 3774 1266 3835 τὰ
1287 3772 1319 3834 δὲ
1341 3775 1439 3848 κοῖλα,
1463 3771 1506 3835 ὁτι
1536 3842 1542 3855 ,

259 3878 432 3960 προσπίπτει
455 3882 517 3945 ταῖς
539 3875 721 3960 ἑκατέρωθεν
744 3874 861 3960 ἐξοχαῖς
884 3875 995 3951 αὐτῶν,
1021 3875 1056 3938 τὰ
1079 3877 1111 3938 δὲ
1132 3875 1240 3951 εόθέα,
1263 3874 1306 3937 ότι
1329 3874 1437 3937 τούτων
1461 3873 1506 3936 οὸ-

217 3995 247 4040 35
260 3980 388 4063 ὁέτερον,
411 3979 430 4042 ἃ
452 3978 505 4042 οὸκ
527 3977 561 4041 ἀν
585 3979 782 4060 ἐγινώσκομεν
801 3977 848 4041 διὰ
871 3979 1036 4063 βακτηρίας,
1060 3977 1267 4063 εἰσανέβαινεν
1288 3978 1321 4039 τὸ
1343 3976 1432 4060 πέρας
1454 3983 1506 4060 τῆς

261 4082 419 4168 βακτηρίας
434 4080 741 4167 μετασχηματίζεσθαι
756 4084 848 4164 ψαῦον
864 4081 982 4143 ὁτουοῦν
1006 4084 1141 4164 σώματος
1155 4080 1216 4144 οἷον
1232 4078 1504 4164 περιπλαττὸμενον,
1519 4096 1548 4137 ευ
1620 4145 1623 4151 ,

259 4187 328 4270 περὶ
349 4186 383 4248 δέ
404 4186 453 4248 τὸν
474 4182 547 4268 ἀέρα
568 4186 653 4246 τοῦτο
668 4183 825 4268 συμβαίνει,
848 4183 924 4270 ίόστε
946 4182 1014 4247 οὐδὲ
1036 4188 1094 4246 τῶν
1117 4184 1278 4268 σχημάτων
1300 4180 1334 4244 ἀν
1357 4183 1506 4267 ἀντιληφις

257 4287 338 4352 οίίτω
359 4287 463 4370 γίνοιτο
491 4283 528 4350 δι’
556 4284 655 4348 αὐτοῦ.
699 4283 742 4348 ἔτι
763 4287 780 4350 ὁ
802 4283 890 4355 τόπος
915 4285 987 4369 πρὸς
1012 4289 1055 4371 τῷ
1085 4284 1185 4370 πέρατι
1211 4285 1325 4368 γίνεται.
1369 4289 1433 4354 πῶς
1454 4284 1505 4349 οόν

206 4563 238 4616 ιι
255 4563 286 4617 τε
299 4564 345 4631 μιν
357 4561 483 4632 ταυτην
495 4559 594 4629 ιιωιν]
613 4560 670 4614 που.
683 4561 768 4631 περιέ,
786 4561 854 4630 quod
873 4563 925 4614 nisi
944 4562 1043 4615 excidit
1061 4566 1128 4615 certe
1147 4561 1320 4630 supp10ndum
1340 4564 1379 4614 est
1398 4561 1441 4629 (cf.
1460 4562 1558 4629 (κατι),
1604 4539 1610 4553 ’

203 4652 222 4703 ί.
234 4667 257 4704 ε.
276 4648 358 4701 baculi
375 4650 399 4699 ιἰι
410 4651 531 4714 fractura
548 4649 669 4699 ιετοιίοατ.
701 4649 750 4700 hoc
768 4649 836 4700 enim
856 4649 932 4704 dicit:
953 4648 1082 4699 absurdum
1102 4666 1153 4699 esse
1167 4648 1247 4699 dicere
1266 4666 1310 4698 που
1329 4649 1353 4698 in
1366 4650 1447 4701 baculi
1458 4653 1557 4700 termino

201 4740 399 4805 perstat-turam
417 4747 468 4788 ατισ
487 4737 534 4788 ιιιίί
551 4754 596 4785 που
611 4752 695 4801 poue,
711 4753 785 4801 ροεεε
805 4735 917 4787 institero
936 4738 987 4787 eius
1005 4736 1112 4798 termino,
1131 4737 1147 4787 ι’.
1160 4754 1181 4788 e.
1200 4737 1225 4786 ιἰι
1239 4754 1274 4800 ευ,
1293 4738 1337 4802 qui
1354 4748 1410 4786 σινιε
1417 4738 1557 4803 srcmuram
1626 4744 1629 4748 ’

202 4825 322 4892 proprius
340 4834 394 4875 erat
412 4823 493 4874 ὁαοιιίί
508 4823 625 4875 terminus
642 4819 773 4890 (ὁὸνασθαι
790 4821 823 4875 τί.
841 4822 909 4889 Ind.)
1017 4822 1048 4875 19
1067 4820 1224 4894 τόθρασταο
1329 4822 1362 4875 22
1380 4821 1409 4875 τὸ
1427 4824 1455 4875 in
1473 4823 1549 4875 lit.v

206 4909 239 4963 28
256 4910 274 4980 ἡ
293 4911 342 4984 ἀὴρ
359 4911 502 4964 insiticium
522 4910 623 4968 videtur
719 4911 754 4965 33
772 4906 994 4971 περιυλισθαίνειε
1090 4909 1230 4987 βατηρίαιι
1322 4909 1355 4962 34
1373 4909 1558 4989 παραπίπτειο
