3540 5610
643 305 699 380 [DE
723 310 830 365 Αυιιω
857 310 957 365 mnas<
982 307 1108 381 ALTER]
1494 310 1553 377 113

254 482 389 568 λυομένῳ
412 487 526 566 σώματι
549 485 742 571 φθειρομένου
765 491 816 549 τοῦ
839 487 1004 570 ὀργανικοῦ,
1034 490 1073 555 ώς
1096 490 1111 550 δ
1134 487 1266 572 τεχνίτης
1288 487 1443 571 ἀποβαλὼν
1466 484 1502 546 τά

253 584 362 670 ὄργανα
376 587 487 672 ἐνεργεῖ
508 589 559 672 μὲν
581 590 630 652 καὶ
645 588 719 663 τότε,
743 588 777 652 οό
794 590 850 672 μὴν
867 589 967 673 ύλικὴν
990 591 1037 652 καλ
1054 591 1205 674 ὀργανικὴν
1221 588 1371 672 ἐνέργειαν.
1405 585 1501 669 ἔλεγεν

253 690 291 772 δὴ
315 688 359 752 ότι
386 690 413 752 εἰ
434 689 512 760 ὅλως
538 691 750 777 ὑπολαμβάνειν
778 692 836 778 χρὴ
864 693 938 755 κατὰ
956 691 1143 777 Ἀριστοτέλη
1172 693 1250 756 θεῖον
1277 693 1326 755 καλ
1352 682 1515 776 ἄφθαρτον

252 791 327 855 εἶναι
349 794 398 855 τόν
421 798 498 868 νοῦν,
520 795 612 862 οὕτως
634 795 769 879 ἡγεῖσθαι
792 796 861 871 δεῖν,
885 794 938 858 οὐκ
960 794 1064 864 ἄλλως.
1103 797 1151 859 καί
1172 796 1224 879 τὴν
1247 794 1320 864 λέξιν
1343 791 1449 876 δὲ’τὴν
1472 791 1502 853 ἐν

224 900 297 979 stus)
320 896 407 980 τρίτῳ
432 895 503 981 Περὶ
523 903 628 982 ψυχῆς,
642 898 752 967 τούτοις
767 902 965 981 προσοικειοῦν
988 895 1085 980 ἔλεγεν
1110 901 1167 961 δεῖν
1190 900 1238 961 καὶ
1254 899 1305 982 τὴν
1329 897 1385 967 ἕξιν
1408 896 1456 957 καὶ
1470 894 1503 956 τδ

252 1003 318 1081 φώς
340 999 388 1060 ἐπὶ
410 1003 510 1062 τοῦτον
541 1001 639 1084 φέρειν
661 1001 709 1063 τόν
733 1005 883 1085 πανταχοῦ
911 999 988 1064 όντα.
1033 1000 1116 1070 οῦτος
1139 1002 1172 1064 δὲ
1198 1003 1213 1064 δ
1236 1005 1301 1070 νοῦς
1329 1001 1393 1085 ἤτοι
1417 996 1503 1082 μόνος

252 1100 341 1169 αὐτὸς
367 1101 403 1164 τὰ
430 1102 536 1166 ἐνθάδε
563 1105 665 1166 διοικεῖ
688 1105 760 1187 πρὸς
785 1104 838 1187 τὴν
864 1109 922 1166 τών
949 1104 1036 1167 θείων
1064 1103 1210 1189 ἀναφορὰν
1239 1105 1285 1167 καὶ
1309 1104 1450 1187 συγκρίνει
1472 1124 1503 1163 τε
1518 1117 1545 1158 1ο

253 1205 303 1266 καὶ
317 1205 463 1288 διακρίνει,
486 1206 562 1270 ὥστε
577 1205 664 1275 αὐτὸς
685 1208 733 1270 καὶ
756 1211 806 1270 τοῦ
821 1209 941 1291 δυνάμει
964 1212 1013 1270 νοῦ
1035 1206 1218 1290 δημιουργός,
1241 1205 1349 1290 ἢμετδι
1372 1210 1424 1289 τῆς
1445 1209 1503 1267 τών

252 1305 396 1389 οὐρανίων
418 1307 559 1371 εὐτάκτου
581 1312 732 1394 κινήσεως.
776 1311 833 1373 ύπὸ
855 1310 909 1394 γάρ
931 1311 1037 1392 ταύτης
1064 1310 1170 1392 γίνεται
1192 1309 1227 1372 τά
1250 1309 1355 1372 ἐνθάδε
1377 1313 1414 1390 τῇ
1438 1331 1503 1390 προ-

211 1424 239 1467 10
252 1407 334 1492 σύδῳ
357 1411 407 1472 καὶ
429 1409 532 1495 ἀφόδῳ
555 1415 605 1474 τοῦ
620 1413 705 1496 ἡλίου
729 1413 853 1495 μάλιστα
875 1413 895 1496 ἢ
919 1410 966 1475 ὑπ’
988 1413 1076 1476 αὐτοῦ
1098 1411 1233 1495 γινόμενα
1255 1412 1302 1475 καὶ
1325 1415 1376 1473 τοῦ
1398 1401 1506 1474 ἐνθάδε

253 1517 305 1576 νοῦ
327 1513 346 1596 ῗη
371 1513 427 1575 ῦπό
450 1514 558 1577 τούτων
582 1516 634 1598 μὲν
656 1516 704 1591 καὶ
727 1521 779 1599 τῆς
794 1515 903 1578 τούτων
925 1517 1067 1599 κινήσεως
1088 1517 1108 1599 ἡ
1132 1515 1215 1600 φύσις
1236 1515 1351 1596 γίνεται,
1374 1514 1447 1595 αὐτὴ
1471 1515 1504 1576 δέ

253 1616 291 1678 τὰ
311 1616 480 1679 καθέκαστα
503 1617 575 1700 μετὰ
597 1621 648 1680 τοῦ
671 1621 720 1679 νοῦ
743 1619 853 1682 διοικεῖ.
903 1620 1077 1681 ἀντιπίπτειν
1100 1616 1195 1681 ἐδόκει
1219 1641 1266 1701 μοι
1288 1615 1398 1684 τούτοις
1420 1615 1452 1678 τύ
1474 1638 1505 1678 τε

253 1719 303 1780 τόν
325 1721 393 1781 νοῦν
415 1720 463 1782 καὶ
485 1719 514 1780 ἐν
537 1723 597 1789 τοῖς
612 1722 802 1804 φαυλοτάτοις
824 1720 897 1784 εἶναι
912 1722 992 1785 θεῖον
1016 1719 1094 1794 ὄντα,
1117 1724 1158 1789 ώς
1177 1725 1236 1789 τοῖς
1258 1720 1316 1782 ἀπὸ
1339 1725 1391 1802 τῆς
1413 1719 1506 1786 Στοᾶς

254 1819 362 1892 ἔδοξεν,
385 1823 434 1884 καὶ
455 1822 488 1884 τδ
504 1821 580 1891 ὀλως
602 1822 674 1886 εἶναι
697 1825 744 1886 καὶ
767 1824 797 1886 ἐν
813 1829 872 1894 τοῖς
894 1822 1021 1889 ἐνταῦθα
1043 1828 1109 1886 νοῦν
1131 1824 1179 1887 καὶ
1201 1821 1420 1906 προηγουμένην
1443 1821 1505 1884 τινά
1521 1839 1545 1877 1ο

212 1939 239 1982 15
253 1923 390 2007 πρόνοιαν
418 1926 481 2006 (καὶ
504 1927 561 2008 μὴν
587 1927 662 1989 κατά
683 1927 735 2010 τὴν
758 1927 805 1989 ἐπὶ
835 1927 871 1989 τὰ
893 1926 960 1989 θεῖα
987 1926 1134 2010 ἀναφορὰν
1160 1926 1213 2009 τὴν
1239 1930 1297 1986 τών
1320 1925 1447 1988 ἐνταῦθα
1468 1926 1505 2007 γί-

253 2027 356 2090 νεσθαι
385 2026 549 2111 πρόνοιαν),
582 2029 631 2090 καὶ
658 2030 691 2091 τὸ
718 2030 759 2113 μη
778 2028 832 2114 ἐφ’
860 2031 930 2113 ημῖν
957 2028 1029 2092 εἶναι
1063 2030 1096 2092 τὸ
1123 2034 1198 2092 νοεῖν
1226 2027 1293 2113 μηδ’
1321 2027 1393 2091 εἶναι
1421 2032 1505 2091 τοῦτο

254 2128 397 2213 ἡμέτερον
412 2129 505 2215 ἔργον,
527 2129 587 2194 ἀλλ’
608 2131 680 2195 εὐθύ
696 2132 853 2215 γινομένοις
874 2134 944 2215 ημῖν
960 2132 1131 2216 ἐνυπάρχειν
1151 2132 1236 2216 φύσει
1250 2134 1302 2215 τήν
1324 2155 1356 2194 τε
1371 2130 1505 2194 σύστασιν

252 2237 307 2296 τοῦ
328 2234 448 2315 δυνάμει
469 2235 516 2296 καὶ
540 2235 691 2317 ὀργανικοῦ
714 2237 762 2297 καὶ
783 2237 836 2317 τἠν
859 2234 905 2297 διὰ
927 2239 977 2297 τοῦ
1001 2234 1129 2319 θύραθεν
1152 2234 1303 2319 ἐνέργειαν.
1341 2233 1360 2316 ἢ
1384 2232 1436 2296 οῦκ
1459 2234 1506 2295 ἀλ-

254 2337 357 2398 λάσσει
379 2335 466 2399 τόπον
489 2336 522 2398 τὸ
544 2343 586 2421 τῷ
610 2338 740 2401 νοεῖσθαι
768 2335 799 2400 ἔν
821 2362 873 2400 τινι
894 2337 1051 2420 γινόμενον.
1097 2337 1239 2420 οὐδὲγὰρ
1266 2336 1302 2399 τὰ
1325 2342 1382 2398 τῶν
1405 2336 1506 2419 αἰσθη-

209 2456 239 2499 υο
253 2444 312 2503 τῶν
328 2437 404 2523 είδη,
427 2439 543 2503 ἐπειδὰν
565 2439 662 2502 αὐτῶν
678 2440 864 2523 αἰσθώμεθα,
888 2440 918 2502 ἐν
938 2446 997 2509 τοῖς
1016 2440 1216 2524 αἰσθητηρίοις
1238 2442 1278 2509 ώς
1293 2438 1391 2507 τύποις
1410 2436 1506 2500 αὐτῶν

252 2542 369 2628 γίνεται.
415 2544 560 2627 χωριστός
587 2543 619 2605 δὲ
645 2543 756 2625 λέγεται
783 2543 799 2605 ό
823 2543 949 2627 θύραθεν
978 2547 1043 2612 νοῦς
1068 2544 1116 2606 καὶ
1145 2543 1299 2628 χωρίζεται
1322 2543 1422 2625 ἡμῶν,
1451 2538 1548 2625 οῦχευ

164 2686 168 2692 -
255 2651 296 2716 ώς
320 2649 426 2730 μετιών
449 2669 504 2708 που
527 2647 574 2709 καὶ
598 2646 726 2731 ἀμείβων
746 2645 844 2719 τύπον,
871 2647 946 2709 ἀλλὰ
968 2647 1111 2732 χωριστὸς
1135 2647 1185 2725 μὲν
1209 2649 1249 2713 ώς
1271 2645 1338 2707 καθ’
1366 2643 1453 2706 αὑτόν
1475 2668 1506 2706 τε

254 2752 296 2813 ὢν
319 2751 368 2812 καὶ
391 2750 432 2832 μὴ
456 2749 507 2812 σὐν
532 2749 598 2831 ὕλη,
621 2747 819 2833 χωριζόμενος
841 2750 874 2812 δὲ
896 2751 981 2833 ἡμῶν
1004 2755 1045 2834 τῳ
1070 2750 1110 2832 μὴ
1131 2750 1272 2823 νοεῖσθαι,
1293 2746 1327 2809 ού
1343 2750 1386 2830 τιγῖ
1410 2747 1507 2830 μετέρ-

253 2853 372 2939 χεσθαι.
418 2852 510 2920 οῦτως
531 2851 586 2936 γάρ
609 2852 717 2934 ἐγίνετο
739 2853 788 2914 καὶ
810 2852 840 2914 ἐν
863 2852 943 2935 ἡμῖν.

648 3088 720 3159 Ὅτι
748 3095 936 3177 ἀσώματος
961 3095 981 3177 ἡ
1010 3095 1114 3177 ψυχὴ.

333 3263 395 3332 Ὅτι
411 3266 463 3349 μὲν
486 3265 606 3350 ἡψυχὴ
629 3266 795 3349 ἀσώματος,
818 3264 915 3332 ἱκανὸς
938 3265 989 3344 μὲν
1011 3269 1194 3348 παραστῆσαι
1216 3264 1264 3328 καὶ
1288 3263 1412 3348 ὁλόγος,
1435 3263 1502 3328 καθ’

254 3369 287 3433 δν
318 3369 395 3460 εἶδος
429 3367 502 3433 οὖσα
529 3370 673 3431 δείκνυται
706 3367 783 3451 παρά
812 3365 1031 3451 Ἀριστοτέλους
1061 3392 1080 3450 η
1108 3369 1190 3452 ψυχή
1209 3367 1322 3450 ,(οδδέν
1351 3367 1406 3450 γάρ
1432 3367 1508 3434 εἶδος
1521 3383 1548 3424 ιτ

254 3472 368 3555 σῶμα),
391 3471 425 3534 οῦ
448 3472 505 3554 μὴν
529 3470 602 3532 ἀλλὰ
624 3471 672 3533 καὶ
694 3469 728 3532 ἐκ
749 3471 841 3533 τῶνδε
862 3475 920 3532 τῶν
934 3469 1027 3551 λόγων
1049 3468 1181 3555 δειχθείη
1204 3469 1237 3532 ἀν
1254 3468 1327 3532 οῦτα
1343 3471 1506 3554 ἀσώματος.

255 3575 283 3638 εί
305 3575 412 3642 παντὸς
435 3576 570 3655 σώματος
591 3573 622 3634 αἱ
642 3570 792 3657 ποιότητες
813 3572 961 3656 αἰσθηταί,
983 3577 1036 3656 τῆς
1057 3577 1155 3657 φυχῆς
1177 3573 1209 3635 δὲ
1230 3574 1260 3634 αἱ
1283 3574 1433 3656 ποιότητες
1455 3572 1508 3636 οὐκ

208 3694 241 3739 ου
253 3678 396 3761 αἰσθηταί
416 3676 461 3759 (αἱ
476 3675 530 3758 γὰρ
553 3675 652 3758 ἀρεταὶ
674 3676 722 3737 καὶ
737 3677 767 3737 αἱ
783 3675 879 3738 κακίαι
902 3673 935 3736 ού
952 3676 1104 3759 τοιαῦται),
1127 3675 1180 3737 οῦκ
1196 3674 1253 3758 ἀρα
1275 3680 1361 3758 σῶμα
1378 3701 1396 3759 η
1413 3678 1505 3760 ψυχή.

254 3779 324 3863 (ἔτι)
346 3780 373 3842 εἰ
395 3778 514 3863 ἡψυχὴ
539 3782 635 3860 σῶμα,
658 3781 714 3840 πᾶν
731 3779 763 3841 δὲ
779 3783 865 3859 σῶμα
889 3782 941 3861 μιᾷ
963 3776 996 3860 γε’
1018 3801 1069 3839 τινι
1084 3772 1220 3861 αἰσθῆσει
1243 3779 1383 3863 αἰσθητὸν
1405 3782 1443 3860 τῇ
1459 3780 1507 3840 αό-

253 3887 307 3946 τοῦ
330 3883 415 3966 φύσει
436 3880 528 3963 (λέγω
550 3881 582 3943 δὲ
604 3879 749 3963 περὶτῶν
772 3880 899 3964 ἐνεργείᾳ
921 3878 1011 3942 ὄντων
1034 3881 1178 3970 σωμάτων
1201 3880 1263 3955 καί,
1290 3882 1331 3948 ώς
1353 3903 1438 3965 φασιν
1460 3881 1508 3943 αύ·

253 3987 315 4060 τοί,
346 3982 584 4067 πεποιωμένων),
611 3981 657 4065 εἴη
686 3980 721 4044 ἀν
747 3984 794 4046 καὶ
825 4006 843 4064 η
871 3983 953 4067 ψυχὴ
981 3982 1108 4066 αἰσθητή
1135 3982 1184 4065 (οῦ
1210 3982 1263 4065 γὰρ
1292 3984 1329 4066 δὴ
1352 3981 1453 4045 ἀποιύν
1475 3999 1549 4065 γευυ

255 4086 457 4171 σώμααῦτὴν
480 4086 607 4167 ἐροῦσιν,
634 4083 714 4148 ἔσται
734 4085 788 4168 γάρ
812 4085 895 4169 ῦλη)·
926 4084 979 4148 οόκ
1001 4083 1078 4148 ἔστιν
1101 4085 1147 4148 δέ·
1178 4083 1231 4147 οῦκ
1252 4085 1309 4170 ἀρα
1332 4092 1427 4168 σῶμα.
1473 4087 1507 4149 οῦ

211 4191 310 4274 υογὰρ
332 4191 369 4273 δὴ
386 4189 463 4252 οὕτω
486 4189 563 4251 ἐστὶν
584 4186 638 4250 οῦκ
653 4187 780 4270 αἰσθητὴ
804 4190 844 4256 ώς
864 4188 900 4250 τὰ
922 4187 969 4251 διὰ
989 4185 1167 4273 σμικρότητα
1189 4187 1350 4271 ἀναίσθητα
1373 4191 1505 4272 σώματα.

203 4483 348 4535 lfomsse
365 4486 411 4533 τοῦ
430 4478 535 4549 ὀργάνου
642 4480 736 4549 θροεῖ
754 4479 785 4548 δὴ
805 4480 899 4534 lacuna
917 4483 994 4534 trium
1013 4482 1187 4535 literarumM
1293 4480 1453 4550 ἀριστοτέλην.
1471 4483 1537 4533 λίίία
1596 4488 1601 4498 ’

199 4571 272 4623 4-5
286 4571 337 4639 τὴν
355 4568 420 4628 λίξιν
439 4568 530 4637 δὲτὴν
549 4568 574 4620 ἐν
592 4572 630 4638 τῳ
648 4570 723 4638 τρίτῳ
742 4570 797 4639 περὶ
818 4567 919 4642 Ψυχῆς]
939 4571 984 4623 Ar.
1003 4569 1034 4621 de
1053 4586 1096 4621 an.
1116 4568 1167 4634 3,5.
1185 4568 1340 4636 43οο113ιγ.
1427 4569 1443 4621 5
1462 4585 1560 4636 προσοι-

201 4662 286 4710 ιειούν
305 4657 366 4711 VK:
385 4660 531 4727 προστικοῦν
550 4658 586 4709 M:
606 4662 789 4729 προσυιτιοῦνυ
889 4655 1031 4713 ’ίόαότδς
1049 4657 1072 4707 λλ
1175 4656 1240 4708 §Ma
1259 4671 1308 4708 om.
1327 4657 1352 4707 M
1455 4657 1485 4707 12
1504 4656 1561 4708 τότε

200 4745 299 4804 τούτοις
317 4745 385 4797 HK&
480 4745 510 4797 15
529 4745 572 4797 καὶ
591 4746 642 4812 μὴν
660 4746 702 4797 καὶ
722 4746 788 4796 λίΚο
880 4745 909 4797 17
930 4744 955 4795 ἐν
974 4742 1123 4814 ῦπάρχειλλ
1215 4741 1561 4812 Ιθὴοκλ·’ἰαί.;ἢλ’ίία;

201 4832 351 4904 ἦτιςλίτί.
370 4831 483 4901 p.82‚1·2
593 4833 623 4884 19
641 4831 671 4884 τὸ
689 4847 739 4884 οω.
759 4834 783 4883 M
890 4831 923 4882 ‘22
943 4829 1077 4900 ὀμίβωνα
1186 4829 1215 4881 31
1238 4829 1438 4898 {adscripsit
1458 4830 1479 4881 εί
1499 4830 1561 4881 λ’Κυ

201 4920 282 4974 αὑτοῦ
302 4921 341 4973 Ka
446 4920 480 4971 :32
499 4919 606 4988 ἐνεργείᾳ
625 4919 646 4969 V
665 4935 706 4972 ex.
727 4919 808 4971 vict.:
827 4918 948 4988 ἐνέργειαν
967 4905 1046 4970 λίπ’
1520 4919 1522 4922 ’

257 5027 365 5079 suppum.
379 5028 445 5067 κιαι
459 5026 487 5066 11.
508 5026 613 5066 Alex-ud.
628 5027 648 5066 ιι
663 5026 746 5066 Anima
1315 5037 1317 5041 ν
1340 5005 1360 5072 8
