3540 5610
205 284 248 351 90
692 282 846 341 ΑΙΙΟΡΙΩΝ
866 282 927 341 ΚΑΙ
946 283 1078 340 ΛΥΣΕΩΝ

259 456 384 535 πάθος,
407 459 590 544 δμηδενός
606 459 680 523 ἐστι
699 462 765 522 τῶν
788 457 940 522 ἐνταῦθα
956 460 1145 541 σωμάτων,
1169 456 1317 540 οἰιδεμία
1340 455 1380 519 ἀν
1402 455 1515 519 ἐκλεί-

257 581 316 620 ποι
338 559 550 644 αἰσθησις”.

344 661 433 726 Δοκεῖ
454 685 503 745 μοι
525 663 541 725 ό
563 666 630 730 νοῦς
657 666 708 725 τοῦ
737 662 894 745 λεγομένου
922 662 1104 726 συστέλλοντι
1131 661 1173 731 εἰς
1199 659 1250 729 τάς
1277 659 1379 743 κυρίας
1408 660 1513 740 πρυτά-

261 781 321 830 σεις
352 768 411 826 τῶν
449 761 543 844 λόγων
577 767 707 832 τοιοῦτος
739 764 822 827 εἰναι.
878 764 919 825 ὧν
953 761 1061 847 ἔχομεν
1094 762 1131 826 τόι
1166 761 1359 845 αἰσθητήρια,
1400 761 1511 824 τούτων
1526 775 1556 818 ιο

225 865 375 930 οπάντων
409 866 456 927 καί
490 863 627 947 αἴσθησιν
660 863 779 949 ἔχομεν.
835 864 866 928 εἰ
891 887 975 926 τινων
1007 865 1048 947 μὴ
1081 862 1190 949 ἔχομεν
1222 863 1369 946 αἴσθησιν,
1403 862 1512 927 τοότων

260 970 303 1049 τιγῖ
329 968 369 1050 μὴ
394 964 473 1050 ἔχειν
496 966 532 1028 τά
554 967 731 1050 αἰσθητήρια
752 966 848 1030 αὐτῶν
871 965 925 1030 οἰικ
946 966 1160 1049 αἰσθανόμεθα.
1194 964 1274 1029 εἶπεν
1296 967 1330 1030 δὲ
1349 965 1384 1028 τδ
1408 965 1461 1046 μὲν
1484 962 1515 1031 ἐξ

258 1068 299 1128 ὧν
323 1065 430 1152 ἔχομεν
454 1070 569 1131 πάντων
592 1071 640 1131 διά
662 1072 713 1131 τοῦ
742 1069 771 1131 εἰ
796 1069 860 1152 γὰρ
887 1069 1015 1136 παντδς
1041 1066 1080 1130 οὗ
1108 1067 1203 1130 ἐστιν
1229 1066 1400 1150 αἴσθησις
1426 1067 1558 1149 ἀφή,1δ

258 1170 316 1231 καὶ
347 1173 404 1232 νῦν
435 1168 604 1252 αἴσθησιν
636 1168 779 1255 ἔχομεν·
816 1172 927 1233 πάντα
956 1170 1019 1254 γὰρ
1049 1169 1090 1232 τόι
1120 1172 1181 1232 τοῦ
1211 1169 1323 1232 ἀπτοῦ
1352 1165 1374 1252 ή
1404 1168 1514 1231 ἀπτδν

259 1272 355 1354 πάθη
382 1276 424 1354 τῇ
453 1273 525 1355 ἁφή
552 1273 636 1354 ἡμῖν
659 1272 812 1356 αἰσθητά
834 1272 939 1335 ἐστιν.
983 1271 1072 1335 εἰπὼν
1095 1270 1149 1354 γάρ
1171 1272 1236 1354 περὶ
1257 1275 1311 1355 τῆς
1332 1271 1411 1355 ἁφῆς
1432 1269 1514 1332 κατέ·

207 1392 239 1439 10
258 1376 338 1435 λιπεν
366 1374 398 1435 τδ
421 1371 485 1437 (καὶ
507 1373 554 1436 ἐπὶ
579 1377 636 1435 τῶν
660 1372 757 1436 ἀλλων
779 1373 978 1457 αἰσθητηρίων
1001 1396 1033 1436 τε
1055 1373 1103 1436 καί
1125 1370 1304 1454 αἰσθήσεων’
1332 1371 1514 1456 προσθεῖναι,

260 1476 301 1538 ὧν
324 1476 439 1538 πάντων
462 1475 634 1559 ληφθέντων
656 1475 761 1556 γίνεται
784 1474 913 1539 καθόλου
928 1476 961 1538 τδ
979 1475 1021 1538 ιεἰ
1043 1475 1084 1537 ὧν
1109 1472 1113 1559 i
1137 1473 1245 1558 ἔχομεν
1268 1473 1304 1536 τὰ
1325 1472 1514 1557 αἰσθητήρια,
1529 1486 1559 1528 ¹⁸

260 1577 369 1639 τούτων
392 1578 507 1639 πάντων
530 1578 578 1639 καὶ
601 1576 737 1660 αἴσθησιν
761 1575 894 1660 ἔχομεν’.
938 1578 971 1639 τὸ
989 1574 1036 1639 (εἴ
1053 1600 1136 1640 τινων
1160 1576 1200 1660 μὴ
1224 1573 1360 1659 αἴσθησιν
1382 1573 1503 1660 ἔχομεν,
1527 1580 1569 1637 111

258 1678 367 1742 τούτων
390 1683 433 1762 τῷ
450 1679 491 1761 μή
516 1677 595 1763 ἔχειν
617 1679 653 1741 τά
675 1678 851 1761 αἰσθητήρια
866 1677 962 1741 αὐτῶν
985 1677 1039 1742 οἰικ
1054 1675 1267 1762 αἰσθανόμεθσί
1287 1675 1368 1741 εἶπεν
1389 1675 1516 1759 ήπάλιν

260 1780 308 1843 διὰ
324 1785 373 1843 τοῦ
389 1780 479 1843 αὐτοῦ
501 1780 635 1865 ἀνάγκη
658 1805 709 1855 τε,
731 1779 830 1863 εἴπερ
853 1780 1010 1844 ἐκλείπει
1032 1804 1084 1850 τις
1103 1779 1288 1864 αἴσθησις,
1311 1781 1368 1844 καὶ
1389 1777 1516 1862 αἰσθη·
1543 1794 1558 1837 υ

206 1903 237 1950 15
258 1882 379 1966 τήριόν
409 1907 439 1945 τι
467 1884 552 1965 ήμῖν
583 1883 777 1957 ἐκλείπειν,
809 1880 853 1945 ότι
880 1883 1062 1964 συνημμένον
1092 1883 1211 1965 δυνάμει
1237 1880 1456 1967 προσλαμβάνει
1481 1882 1516 1945 τὸ

258 1985 452 2067 ἀντικείμενον
481 1988 530 2048 τοῦ
558 1984 749 2066 ὑποκειμένου
776 1989 819 2069 τῷ
844 1982 979 2067 ἑπομένῳ
1007 1985 1039 2047 τδ
1062 1982 1153 2047 ιἀλλά
1179 1983 1237 2067 μὴν
1262 1984 1346 2048 οἰιδδν
1374 1985 1445 2067 ἡμῖν
1473 1983 1518 2046 αἰ·

258 2089 415 2171 σθητήριον
438 2085 590 2161 ἐλλείπεί,
613 2084 647 2149 οὖ
670 2085 840 2171 δειχθέντος
862 2085 962 2148 ἕπεται
983 2086 1016 2148 τδ
1040 2082 1108 2169 μηδ’
1132 2083 1269 2169 αἴσθησίν
1291 2108 1354 2149 τινα
1375 2086 1515 2149 ἐκλιπεῖν.
1531 2098 1559 2143 ισ

256 2191 376 2271 δυνάμει
397 2188 422 2251 δ’
443 2187 534 2263 εἶπον,
558 2187 600 2250 ότι
618 2188 659 2270 μὴ
675 2186 806 2272 ἀντικρυς
821 2191 905 2250 τοῦτο
922 2187 1147 2270 προσλαμβάνει,
1167 2187 1243 2251 ἀλλά
1257 2189 1355 2273 λαβὼν
1371 2189 1432 2252 τίνα
1447 2185 1516 2271 ἔχιν

258 2315 309 2372 μεν
332 2290 585 2374 αἰσθητήρια,καί
606 2289 709 2364 δείξας,
729 2289 773 2352 ότι
793 2291 883 2353 πλείω
900 2290 1009 2353 τοότων
1027 2288 1085 2374 οὐχ
1101 2289 1162 2352 οἷόν
1177 2289 1209 2353 τέ
1232 2290 1308 2353 ἐστιν
1326 2289 1517 2374 αἰσθητήρια,

205 2413 239 2460 20
258 2395 408 2466 δείκνυσιν,
418 2391 461 2454 ότι
478 2393 567 2474 μηδὲν
579 2393 649 2474 ἡμῖν
662 2392 852 2476 αἰσθητήριον
868 2393 969 2456 λείπει.
992 2392 1134 2477 λαμβάνει
1149 2392 1182 2454 δὲ
1198 2392 1274 2460 τίνας
1288 2389 1397 2477 ἔχομεν
1408 2391 1515 2475 αἰσθή-
1529 2405 1556 2449 ιε

257 2516 316 2562 σεις
332 2493 379 2556 διὰ
393 2495 499 2556 τῶνδε·
516 2493 572 2555 καὶ
588 2491 679 2556 όσων
696 2493 756 2574 μὲν
772 2493 871 2557 αὐτοὶ
887 2492 1079 2574 ἁπτόμενοι
1102 2493 1365 2576 αἰσθανόμεθα,
1380 2497 1423 2576 τή
1439 2494 1516 2575 ἁφή

258 2594 415 2678 αἰσθητὰ
430 2594 535 2668 εἰναι,
558 2595 599 2676 ἣν
615 2596 836 2678 τυγχάνομεν
852 2592 1010 2680 ἔχοντες,
1026 2594 1091 2659 ὅσα
1106 2597 1142 2659 δὲ
1157 2596 1215 2660 διά
1230 2601 1296 2659 τῶν
1313 2597 1442 2679 μεταξὺ
1457 2597 1518 2659 καί

260 2700 304 2781 μὴ
320 2698 433 2761 αὐτῶν
450 2695 654 2778 ἁπτόμενοι,
678 2701 752 2766 τοῖς
766 2699 904 2772 ἁπλοῖς,
920 2697 1010 2779 λέγω
1025 2696 1052 2760 δ’
1074 2699 1148 2761 οῖον
1164 2698 1241 2784 ἀέρι
1257 2700 1312 2762 καὶ
1330 2699 1438 2763 ὕδατι.
1465 2697 1517 2762 διὰ
1530 2714 1561 2757 κε

256 2801 309 2883 γάρ
325 2798 445 2873 τούτων,
469 2797 512 2861 ότι
528 2797 561 2860 τδ
577 2799 697 2861 ἁπτικδν
713 2798 903 2883 αἰσθητήριον
919 2797 1038 2884 ἔχομεν,
1053 2782 1167 2886 ἔλαβεν,
1191 2803 1239 2865 καὶ
1254 2802 1326 2886 πρδς
1340 2803 1447 2887 τοότιρ,
1471 2800 1518 2864 ότι

206 2923 238 2971 25
258 2905 299 2965 ὧν
323 2899 525 2983 αἰσθανόμεθα
548 2901 596 2962 διά
617 2923 692 2969 τινος
707 2900 823 2982 μεταξύ,
846 2906 906 2969 τοῖς
929 2903 1031 2970 ἁπλοῖς
1053 2905 1186 2985 σώμασιν
1209 2903 1319 2967 τοότων
1341 2903 1519 2988 ήαίσθησις

257 3006 373 3087 γίνεται,
396 3003 426 3071 ἐξ
449 3004 490 3064 ὦν
514 2999 623 3087 ἔχομεν
639 3002 826 3087 αἰσθητήρια,
849 3002 879 3072 ie
902 3002 1005 3071 ὕδατός
1026 3027 1058 3066 τε
1082 3006 1129 3068 καὶ
1153 3004 1248 3089 ἀέρος.
1283 3007 1326 3076 οῖς
1349 3005 1518 3070 ἀκόλουθον
1532 3021 1562 3064 κε

260 3107 291 3170 δν
314 3106 346 3167 τὸ
370 3104 473 3180 δεῖξαι,
502 3103 625 3166 ὅτιτῶν
649 3105 751 3167 ἁπλῶν
775 3107 920 3188 σωμάτων
947 3105 1062 3169 ἐκτῶν
1085 3107 1136 3170 δόο
1159 3108 1269 3172 τούτων
1292 3109 1388 3192 μόνων
1411 3108 1518 3192 αἰσθη

233 3226 236 3232 ·
258 3210 343 3290 τήρια
361 3207 477 3271 δύναται
500 3206 583 3282 εἰναι,
605 3206 639 3268 ἐκ
662 3208 695 3270 δέ
709 3208 801 3291 πυρὸς
823 3208 871 3271 καί
887 3212 941 3297 γῆς
963 3205 1021 3293 οἰιχ
1044 3208 1048 3294 1
1072 3208 1134 3273 οῖόν
1157 3233 1189 3274 τε
1210 3209 1284 3274 εἰναι
1298 3212 1501 3297 αἰσθητήριον.
1526 3218 1575 3274 112

257 3312 362 3374 τούτου
385 3309 440 3393 γάρ
462 3309 631 3394 δειχθέντος
654 3309 834 3392 δεδαημένον
861 3311 967 3392 γίνεται
990 3313 1038 3375 καὶ
1060 3313 1093 3376 τὸ
1117 3313 1208 3395 μηδὲν
1230 3316 1302 3397 ήμῖν
1323 3314 1519 3398 αἰσθητήριον

204 3433 238 3482 30
258 3414 373 3477 λείπειν.
419 3413 435 3474 ό
463 3412 496 3475 δὲ
523 3415 607 3474 τοῦτο
636 3411 688 3492 μὲν
716 3411 834 3496 ὕστερον
863 3414 1002 3494 δείκνυσι,
1032 3418 1146 3499 πρῶτον
1175 3416 1208 3479 δὲ
1230 3415 1421 3503 ἐπιλαμβάνει
1451 3415 1519 3500 τρία

258 3516 331 3579 εἶναι
353 3515 389 3577 τά
411 3513 598 3597 αἰσθητήρια,
621 3514 673 3596 τήν
697 3514 775 3597 ἁφὴν
798 3515 844 3578 καὶ
868 3514 903 3576 τὰ
921 3516 1028 3578 ἐκτῶν
1051 3518 1166 3594 ἁπλῶν,
1188 3517 1220 3580 τό
1236 3539 1267 3580 τε
1289 3517 1323 3581 έκ
1337 3522 1388 3581 τοῦ
1412 3519 1519 3590 ὕδατος
1546 3535 1560 3577 ι

258 3619 306 3682 καί
328 3618 360 3680 τδ
384 3617 418 3681 ἐκ
439 3620 489 3679 τοῦ
513 3616 608 3699 ἀέρος,
632 3616 723 3678 πλείω
746 3616 778 3679 δέ
801 3616 862 3679 ἐστι
885 3618 921 3680 τά
943 3616 1007 3701 εἴδη
1031 3623 1089 3681 τῶν
1111 3618 1276 3701 αἰσθητῶν,
1299 3619 1331 3683 εἰ
1347 3643 1381 3704 γε
1402 3619 1439 3684 τά
1464 3622 1518 3702 μέν

256 3722 333 3784 ἐστιν
357 3721 462 3802 όρατά,
484 3720 520 3781 τά
542 3717 572 3781 δ’
597 3719 798 3793 ἀκουστά,τά
821 3716 847 3782 δ’
876 3719 1023 3802 δσφρητά,
1050 3720 1086 3783 τὰ
1108 3722 1141 3783 δὲ
1162 3724 1284 3803 γευστά,
1312 3722 1348 3784 τὰ
1369 3721 1398 3786 δ’
1426 3724 1516 3788 ἁπτά.

258 3822 301 3884 ότι
325 3822 401 3904 μηδὲ
424 3821 565 3904 ἰσάριθμα
594 3820 630 3882 τά
654 3821 831 3904 αἰσθητήρια
853 3819 925 3884 εἰναι
947 3826 1007 3890 τοῖς
1034 3822 1185 3906 αἰσθητοῖς
1212 3825 1354 3888 δείκνυσιν
1377 3824 1426 3888 διά
1448 3831 1516 3891 τοῦ·
1533 3843 1561 3885 10

203 3945 235 3993 35
256 3923 334 4009 ἔχει
356 3921 383 3986 δ’
411 3922 535 3997 οὕτως,
563 3918 642 3985 ὥστ’
671 3922 700 3985 εἰ
727 3923 786 4005 μὲν
815 3921 856 3987 δι’
885 3924 962 3992 ένδς
985 3925 1096 3987 πλείω
1122 3925 1277 4010 αἰσθητὰ
1304 3927 1409 4012 ἕτερα
1431 3926 1518 3991 ὄντα

256 4026 417 4106 ἀλλήλων
446 4028 493 4108 τῷ
520 4024 625 4105 γένει,
656 4025 788 4108 ἀνάγκη
811 4027 870 4088 τὸν
894 4024 1023 4110 ἔχοντα
1051 4027 1088 4089 τδ
1116 4031 1255 4090 τοιοῦτο
1278 4028 1517 4115 αἰσθητήριον

257 4129 386 4213 ἀμφοῖν
416 4127 627 4209 αἰσθητικόν
654 4125 754 4189 εἰναι.
805 4125 865 4190 ἔστι
892 4129 947 4212 γὰρ
969 4128 1016 4190 διὰ
1044 4132 1129 4191 τοῦτο
1155 4130 1312 4214 λαμβάνειν
1341 4131 1375 4194 τθ
1403 4131 1464 4206 ότι,
1491 4133 1559 4196 είιε

256 4253 288 4312 γε
303 4229 349 4313 εἰη
373 4229 435 4291 τινὰ
458 4227 504 4311 [ἀ]
522 4226 695 4311 διαφέροντα
711 4228 847 4311 ἀλλήλων
864 4234 906 4313 τῷ
923 4229 998 4311 γένει
1021 4230 1151 4314 αἰσθητὰ
1173 4228 1210 4294 δι’
1231 4229 1295 4300 ἑνός
1316 4254 1391 4301 τινος
1412 4234 1518 4319 αἰσθη-

259 4332 358 4415 τηρίου
381 4330 509 4412 αἰσθητὰ
525 4329 669 4411 γινόμενα,
693 4331 725 4392 τὸ
742 4328 812 4414 ἔχον
836 4332 867 4393 τὸ
891 4331 921 4393 ἓν
945 4337 1029 4395 τοῦτο
1045 4333 1236 4417 αἰσθητήριον
1258 4333 1434 4419 ἀμφοτέρων
1457 4341 1517 4399 τῶν

209 4456 320 4464 ——-—
328 4454 487 4461 --.-.-.—
511 4453 610 4458 --Ε

205 4513 214 4563 1
231 4510 326 4563 ἐκλίποι
341 4511 420 4562 Arist.
435 4509 503 4577 vulg.
560 4509 575 4560 3
590 4507 748 4560 συστέλλοντι
763 4509 844 4560 Diels:
864 4507 1022 4562 συντελοῦντι
1035 4509 1095 4562 libri
1149 4509 1165 4562 5
1184 4507 1361 4582 ο11.ἰχ.αἰσθ.
1376 4526 1443 4565 corr.
1457 4529 1490 4566 ex
1503 4511 1572 4568 αἰσθ.

202 4598 240 4669 ῖχ.
254 4602 277 4648 V
343 4597 367 4647 6.
380 4597 394 4647 7
416 4596 528 4649 fortasse
542 4593 567 4654 ἐξ
582 4595 630 4646 ‘tim
645 4591 747 4667 ἔχομεν’
761 4596 831 4659 (ἕως)
848 4592 960 4647 (πάντων
973 4598 1028 4658 <κα1
1041 4596 1141 4667 ἔχομεν,
1155 4593 1292 4667 αἰσθησιν>’
1359 4598 1375 4650 9
1394 4600 1451 4668 περὶ
1463 4601 1571 4669 scripsi:

202 4684 242 4736 ἰπ1
262 4684 321 4736 libri
379 4681 410 4734 12
430 4683 458 4735 τὸ
472 4682 498 4735 δὲ
513 4683 579 4735 vict..
593 4683 637 4749 Sp.
692 4682 783 4754 ἔχομεν
803 4683 860 4734 coll.
874 4691 935 4734 ante
948 4682 1148 4753 αἰσθησιναθρ.
1206 4684 1237 4736 13
1250 4683 1284 4737 οἰ.
1296 4683 1424 4739 λόιίειιόι
1483 4688 1571 4743 151κ·

201 4771 309 4824 λείπειε
374 4770 404 4823 17
425 4771 453 4823 τὸ
465 4772 532 4823 Vici.
547 4771 604 4838 Spa
623 4775 668 4823 τοῦ
681 4772 740 4823 111)ιί
799 4772 960 4840 18ἀντικρὺς
972 4771 1015 4838 Sp.
1074 4775 1166 4824 τοῦτου
1179 4773 1251 4824 sicV
1315 4771 1349 4824 θθ
1367 4771 1399 4841 ἣν
1410 4778 1571 4848 τυγχάνομεν

200 4858 356 4927 B²s²aSp.:
370 4856 539 4933 ἐτυγχάνομεν
555 4858 644 4912 VB¹S¹
699 4857 731 4910 24
751 4857 835 4928 τυότφ
849 4858 905 4924 Sp.:
919 4859 1068 4913 τοῦτυΙίθιί
1122 4858 1155 4911 34
1169 4854 1337 4925 inhibui.
1389 4858 1553 4917 θὸἀόεΙειί
