3540 5610
200 309 261 373 104
518 268 721 361 Ατοκκιιυοι
744 308 789 361 ου
813 308 920 361 Anum
944 308 1037 362 πιυιυ
1058 308 1231 362 υκντιεεκ

252 482 350 564 σθήκη
377 505 409 545 τε
430 482 478 544 καὶ
505 479 622 565 αὔξησις
649 481 763 544 δέονταί
787 505 870 543 τινων
898 482 1026 564 δργάνιυν
1053 480 1177 564 (τὰμὲν
1204 481 1258 564 γὰρ
1285 480 1426 564 σώματος
1449 484 1497 544 καὶ

249 585 394 667 φάρυγγος
419 585 468 647 καὶ
493 585 602 653 κοιλίας
628 585 676 647 καὶ
704 584 825 666 ἐντέρων
853 584 953 668 χρείαν
981 581 1043 670 ἔχει
1072 584 1142 666 πρὸς
1164 589 1269 658 ταῦτα,
1299 584 1335 647 τὰ
1358 586 1389 649 δὲ
1412 587 1498 669 ῥιζῶν

251 686 299 748 καὶ
324 687 494 771 ἐντεριώνητ
515 687 563 749 καὶ
585 689 702 770 φλοιοῦ·
738 685 793 749 ὅσα
816 687 848 749 δέ
869 691 926 749 τῶν
956 683 1040 770 ζώων
1062 687 1239 771 τελειότερα,
1266 686 1406 750 πλειόνων
1428 684 1493 750 m?

252 789 403 872 ἀναλογίαν
424 792 527 874 χρῄζει
550 791 674 852 καὶτῶν
695 789 833 872 ὀργάνων,
858 790 904 850 καὶ
924 793 981 850 τῶν
1005 793 1138 873 ψυχικῶν
1159 792 1308 873 δυνάμεων
1330 796 1431 854 πασῶν
1451 791 1500 853 διά

225 905 336 952 στινων
358 892 471 954 οἰκείων
495 883 673 975 ἐνεργύυσῶν
697 891 839 974 ὀργάνων,
869 894 908 958 ῶς
930 890 1052 974 φανερόν
1080 892 1127 954 ἐπὶ
1150 898 1207 955 τῶν
1229 892 1425 976 αἰσθήσεων),
1452 892 1498 976 εἴη

253 991 286 1069 ἂν
308 995 327 1077 ἡ
351 997 432 1079 ψυχὴ
462 994 627 1079 ἐντελέχεια
652 997 671 1078 ἡ
695 996 796 1078 πρώτη
823 997 958 1074 σώματος
985 999 1109 1077 φυσικοῦ
1133 995 1294 1078 ὀργανικοῦ.
1338 994 1421 1058 οὐδὲν
1443 994 1498 1077 γὰρ
1513 1010 1541 1052 τυ

252 1101 339 1179 σῶμα
361 1097 421 1160 οἶύν
444 1120 476 1159 τε
502 1101 554 1181 ζῆν
583 1098 601 1180 ἢ
625 1098 721 1181 ψυχὴν
748 1096 826 1181 ἔχειν
855 1098 895 1180 μὴ
919 1095 950 1159 δν
973 1097 1123 1180 δργανικδν
1148 1096 1151 1181 l
1177 1097 1250 1180 μηδὲ
1273 1095 1342 1181 ἔχον
1364 1097 1399 1160 τδι
1421 1100 1478 1160 δια·
1499 1115 1549 1158 τινι

252 1198 432 1283 κονησύμενα
454 1206 516 1267 ταῖς
538 1203 676 1284 ψυχικαῖς
698 1201 862 1282 δυνάμεσιν.
896 1201 944 1262 καὶ
966 1198 1050 1267 οὗτος
1072 1198 1124 1279 μὲν
1148 1197 1182 1261 δν
1205 1198 1271 1283 ὅρος
1292 1222 1323 1261 τε
1344 1202 1392 1263 καὶ
1414 1201 1499 1284 λόγος

253 1301 416 1370 κοινότατος
438 1307 535 1386 ψυχῆς
550 1300 606 1386 εἴη.
644 1303 880 1385 ἐμπεριείληπται
894 1303 948 1384 γάρ
964 1303 993 1364 ἐν
1009 1301 1089 1385 αὐτῷ
1113 1302 1160 1363 καὶ
1183 1303 1201 1384 ἡ
1218 1307 1275 1363 τῶν
1291 1307 1391 1386 φυτῶν
1407 1307 1499 1389 ψυχή.

211 1419 238 1464 10
251 1405 355 1484 γίνεται
377 1406 409 1468 δὲ
432 1407 447 1468 ὁ
464 1406 549 1487 λόγος
571 1408 639 1488 ἡμῖν
655 1406 720 1488 περὶ
735 1410 834 1488 ψυχῆς
856 1411 908 1486 τῆς
931 1405 961 1467 ἐν
977 1410 1035 1472 τοῖς
1059 1404 1175 1488 θνητοῖς
1189 1405 1339 1488 γινομένης
1355 1409 1499 1490 σώμασιν.

255 1507 323 1570 ὅταν
346 1509 378 1571 δέ
393 1507 522 1590 λέγωμεν
545 1509 597 1589 τὴν
617 1509 714 1592 ψυχὴν
737 1506 810 1569 εἶναι
826 1510 959 1590 σώματος
982 1511 1103 1591 φυσικοῦ
1127 1508 1247 1588 δυνάμει
1269 1509 1347 1591 ζωὴν
1370 1506 1498 1594 ἔχοντος,

251 1610 308 1695 οὐχ
329 1611 421 1680 οὕτως
449 1612 481 1674 τδ
504 1612 621 1693 δυνάμει
644 1614 858 1693 κατηγοροῦμεν
885 1613 934 1672 τοῦ
958 1612 1094 1692 σώματος
1116 1609 1193 1687 τότε,
1223 1613 1263 1678 ὡς
1285 1610 1433 1693 εἰώθαμεν
1455 1613 1497 1675 λε’·

250 1737 309 1795 γειν
336 1713 384 1776 ἐπὶ
410 1718 468 1776 τῶν
496 1712 618 1796 μηδέπω
641 1712 693 1793 μὲν
722 1711 850 1797 ἐχόντων
872 1735 912 1786 τι,
940 1712 1109 1794 ἐπιτηδείων
1138 1712 1170 1774 δὲ
1195 1713 1266 1793 πρὸς
1294 1714 1326 1775 τ“ο
1349 1714 1496 1801 δέξασθαι..
1523 1731 1538 1773 π

252 1817 285 1878 οῦ
301 1817 354 1899 γάρ
370 1816 429 1878 ἐστι
450 1816 483 1878 τὸ
499 1822 586 1898 σῶμα
606 1818 689 1876 τοῦτο
711 1816 803 1898 χωρὶς
818 1820 918 1898 ψυχῆς
939 1813 1087 1898 πρότερον,
1110 1813 1171 1876 εἶτα
1188 1813 1304 1898 δέχεται
1320 1817 1371 1899 τὴν
1387 1822 1498 1902 ψυχήν,

212 1935 237 1978 15
251 1916 311 1982 ἀλλ’
339 1917 414 1982 ἔστιν
438 1919 470 1980 τὸ
487 1920 606 2000 δυνάμει
629 1917 707 1999 ζωὴν
731 1915 800 2002 ἕχον
823 1918 855 1979 τδ
872 1918 1027 2000 δυνάμενον
1051 1921 1113 1999 ζῆν,
1136 1916 1281 1978 τουτέστιν
1304 1918 1337 1980 τδ
1360 1916 1429 2004 ἔχον
1453 1945 1497 2006 ορ-

251 2047 322 2104 ·,ἀνα
349 2023 421 2105 πρὸς
447 2021 497 2089 τὰς
523 2020 596 2082 κατὰ
623 2020 656 2081 τδ
685 2023 736 2102 ζῆν
766 2020 907 2103 ἐνεργείας
935 2021 981 2081 καὶ
1011 2016 1085 2082 ἔστιν
1114 2018 1174 2081 ίσον
1204 2020 1235 2081 τὸ
1260 2016 1394 2102 “δυνάμει
1418 2025 1497 2105 ζωὴν

251 2122 336 2209 ἔχειν’
363 2129 405 2209 τῷ
428 2119 624 2206 “δργανικύν’.
669 2123 694 2184 εἰ
717 2121 749 2184 δέ
776 2122 851 2183 ἐστιν
878 2122 897 2204 ἡ
925 2123 1005 2205 ψυχὴ
1033 2124 1168 2204 σώματος
1197 2119 1274 2190 εἶδύς
1302 2145 1332 2185 τε
1355 2125 1401 2186 καὶ
1425 2124 1498 2186 ἐντε-

251 2228 362 2313 λέχεια,
385 2229 471 2310 δῆλον
496 2229 536 2294 ῶς
559 2226 714 2307 ἀσώματος
736 2222 824 2287 ἔσται.
866 2228 923 2285 πᾶν
945 2223 997 2307 γὰρ
1021 2223 1097 2292 εἶδος
1119 2225 1283 2308 ἀσώματον.
1329 2226 1354 2287 εί
1376 2226 1429 2310 γὰρ
1452 2226 1498 2311 εἴη

252 2331 300 2393 καὶ
322 2331 360 2393 τὸ·
377 2329 452 2398 εἶδος
478 2329 549 2391 αὐτὸ
573 2335 675 2411 σῶμα,
702 2327 766 2410 ἤτοι
789 2326 916 2389 ἀνείδεάν
943 2351 974 2389 τε
1003 2328 1049 2389 καὶ
1072 2326 1173 2390 άποιον
1196 2325 1276 2389 ἔσται
1302 2327 1444 2409 (τοιοῦτον
1467 2330 1500 2391 δε

210 2434 270 2515 οοὴ
293 2432 377 2515 ὕλη),
407 2431 426 2514 τ]
449 2433 475 2494 εἰ
497 2430 572 2499 εἶδος
594 2431 664 2504 ἕξει,
688 2432 789 2493 καὶτὸ
812 2429 902 2506 εἶδος,
926 2429 957 2492 δν
981 2436 1083 2513 σῶμα,
1107 2428 1178 2492 ἄλλο
1200 2429 1289 2505 εἶδος,
1313 2430 1354 2498 είς
1374 2430 1492 2516 ἄπειρον
1509 2448 1536 2490 ιο

251 2535 464 2620 προελεύσεται.
509 2531 569 2597 ἔστι
600 2534 632 2596 δὲ
658 2558 677 2616 η
706 2533 788 2618 ψυχὴ
816 2532 981 2618 ἐντελέχεια
1008 2533 1081 2596 οὖσα
1110 2529 1144 2595 δι’
1176 2531 1247 2595 ὅλου
1276 2537 1325 2595 τοῦ
1354 2536 1498 2616 σώματος.

253 2643 310 2701 πᾶν
333 2638 386 2720 γὰρ
410 2635 542 2721 ἔμψυχον
569 2637 601 2699 τδ
626 2636 759 2720 ἐμψύχου
783 2635 878 2721 μέρος.
923 2637 970 2699 καὶ
993 2634 1070 2699 ἔστιν
1092 2635 1256 2720 ἐντελέχεια
1283 2637 1409 2721 ηψυχὴ
1432 2636 1500 2700 οὔτε

254 2746 294 2811 ῶς
317 2742 349 2804 τδ
373 2746 476 2826 σχῆμα
502 2745 559 2801 τῶν
582 2739 857 2823 ἐσχηματισμένων,
884 2737 950 2800 οὔτε
974 2741 1014 2807 ώς
1039 2763 1058 2821 η
1083 2738 1163 2806 θέσις
1189 2739 1237 2801 καὶ
1260 2739 1335 2807 τάξις
1357 2745 1414 2800 τῶν
1438 2761 1502 2823 συγ-

253 2844 401 2925 κειμένων,
425 2840 491 2905 οὐθ’
513 2846 553 2910 ῶς
576 2843 704 2910 διάθεσίς
727 2865 767 2909 τις
790 2843 836 2904 καὶ
861 2842 964 2914 πάθος,
988 2839 1052 2903 οὔθ’
1075 2845 1114 2909 ώς
1137 2841 1210 2924 μῖξις
1232 2865 1251 2924 η
1272 2846 1371 2924 κρᾶσις
1392 2841 1426 2925 (η
1450 2843 1502 2924 μὲν

211 2948 306 3031 νογὰρ
328 2946 419 3029 ἡδονὴ
443 2947 490 3008 καὶ
513 2946 683 3027 ἡάλγηδών
705 2946 800 3012 πάθος
822 2967 841 3026 η
863 2946 1000 3019 διάθεσις,
1024 2943 1083 3007 ἀλλ’
1112 2943 1198 3007 ούθέν
1221 2946 1240 3028 η
1261 2944 1343 3029 ψυχὴ
1366 2944 1501 3026 τούτων),

254 3052 329 3114 ἀλλὰ
358 3051 472 3117 πάντως
500 3049 550 3130 μέν
578 3048 608 3109 ἐν
636 3053 677 3130 τῷ
706 3049 819 3127 σώματι
846 3046 1029 3128 παραγίνεται
1055 3051 1144 3109 ταῦτα
1170 3047 1232 3129 (διὰ
1254 3046 1308 3129 γὰρ
1336 3047 1443 3109 τούτων
1466 3048 1502 3110 τὰ

254 3151 360 3238 ὄργανα
381 3153 424 3220 οἷς
447 3176 465 3234 η
489 3151 572 3235 ψυχὴ
595 3149 729 3234 χρῆται).
756 3150 828 3231 αὕτη
852 3149 884 3212 δέ
907 3149 966 3211 ἑστι
989 3149 1106 3232 δύναμίς
1127 3174 1168 3218 τις
1191 3150 1237 3212 καὶ
1261 3149 1344 3213 οὐσία
1366 3149 1414 3211 ἐπὶ
1437 3152 1498 3213 τού·
1513 3168 1541 3210 1ο

254 3279 313 3324 τοις
331 3254 475 3338 γινομένη.
510 3255 558 3316 καὶ
580 3249 641 3315 ἔστι
663 3253 696 3314 τὸ
720 3258 806 3335 σῶμα
829 3254 876 3315 καὶ
899 3275 917 3335 η
938 3252 1040 3314 τούτου
1063 3256 1163 3336 κρᾶσις
1185 3252 1260 3314 αἰτία
1283 3256 1321 3334 τη
1342 3257 1427 3336 ψυχῇ
1452 3259 1504 3337 τῆς

253 3359 283 3427 ἐξ
305 3360 401 3443 ἀρχῆς
421 3356 570 3438 γενέσεως.
615 3359 699 3417 τοῦτο
723 3356 755 3417 δὲ
776 3356 863 3439 δῆλον
887 3354 920 3416 ἐκ
945 3361 997 3437 τῆς
1019 3360 1076 3416 τῶν
1099 3351 1185 3438 ζώων
1209 3357 1349 3438 διαφορᾶς
1370 3357 1444 3418 κατὰ
1466 3358 1502 3419 τὰ

214 3460 350 3545 κυμύρια.
385 3460 418 3522 οδ
441 3458 494 3542 γὰρ
517 3459 610 3543 ψυχαὶ
633 3459 840 3520 διαπλάσσουσι
862 3457 912 3524 τὰς
935 3460 1058 3541 μορφάς,
1083 3457 1142 3519 ἀλλ’
1170 3458 1218 3519 ἐπὶ
1239 3481 1276 3540 τη
1302 3456 1410 3520 τούτων
1434 3465 1503 3543 ποιᾷ

257 3565 392 3627 συστάσει
409 3561 650 3645 ἐπηκολούθησαν
673 3561 702 3623 αἱ
723 3561 853 3643 διάφοροι
869 3561 972 3644 ψυχαί,
995 3552 1280 3645 συμμεταβάλλουσα
1304 3562 1336 3622 δέ
1351 3561 1503 3644 ἀλλήλοις·

255 3664 391 3748 ἔστιγὰρ
415 3665 550 3748 αλλήλων
572 3664 592 3746 ἥ
616 3687 647 3725 τε
669 3662 833 3747 ἐντελέχεια
854 3664 902 3725 καὶ
925 3663 957 3724 τὸ
985 3661 1018 3724 ού
1041 3661 1215 3746 ἐντελέχεια.
1253 3661 1296 3724 δτι
1317 3664 1349 3725 δὲ
1371 3670 1408 3746 τγ]
1432 3670 1501 3749 ποιᾷ

254 3769 353 3851 κράσει
375 3772 426 3830 τοῦ
449 3769 583 3849 σώματος
606 3767 652 3829 καὶ
675 3790 693 3848 η
716 3771 767 3848 τῆς
790 3770 887 3849 ψυχῆς
910 3765 1008 3827 ἕπεται
1027 3767 1160 3848 διαφορά,
1184 3766 1267 3849 δηλοῖ
1289 3767 1336 3828 καὶ
1358 3766 1394 3828 τὰ
1417 3767 1505 3850 θηρία

255 3871 333 3953 παρὰ
355 3872 406 3953 τἠν
429 3870 512 3932 ποιδιν
534 3873 634 3953 κρᾶσιν
661 3873 711 3932 τοῦ
734 3872 868 3950 σώματος
891 3867 1076 3950 ἀλλοιοτέραν
1098 3867 1218 3952 ἴσχοντα
1240 3869 1291 3951 τὴν
1314 3870 1424 3953 ψυχήν.
1470 3871 1505 3940 ἃς
1519 3888 1548 3930 ευ

213 3989 240 4032 κο
254 3972 286 4037 δέ
307 3996 401 4058 φαμεν
426 3977 476 4055 τῆς
499 3977 597 4056 ψυχῆς
619 3972 760 4054 ἐνεργείας
783 3971 864 4041 εἶναι,
888 3969 942 4033 οὐκ
963 3971 1034 4033 εἰσὶν
1057 3975 1108 4054 τῆς
1130 3976 1231 4055 ψυχῆς
1252 3971 1343 4053 αὐτῆς
1364 3971 1435 4034 καθ’
1456 3974 1505 4037 αύ-

254 4078 317 4161 τήν,
341 4075 416 4139 ἀλλὰ
438 4079 488 4137 τοῦ
511 4073 630 4158 ἔχοντος
651 4074 752 4158 αὐτήν.
790 4077 830 4142 ῶς
851 4073 905 4156 γάρ
928 4072 961 4135 οὐ
986 4073 1095 4157 βαδίζει
1116 4074 1136 4156 ἡ
1159 4074 1242 4158 ψυχὴ
1266 4074 1339 4156 αὐτὴ
1364 4075 1432 4138 οὐδὲ
1453 4102 1506 4140 πα-

253 4180 340 4253 λαίει,
374 4175 432 4242 ἀλλ’
462 4175 578 4261 δέχων
600 4177 690 4261 αὐτὴν
713 4176 881 4260 ἅνθρωπος,
911 4176 987 4239 υύτω
1010 4177 1058 4238 καὶ
1080 4178 1211 4239 λυπεῖται
1234 4177 1280 4239 καὶ
1304 4177 1434 4261 ὀρέγεται
1456 4182 1505 4242 καὶ

204 4350 363 4418 1στόματοτ
381 4350 416 4401 V:
437 4349 543 4417 σώματα
560 4350 602 4402 Ka
707 4347 785 4418 δείη
804 4347 833 4399 ἂν
852 4349 868 4419 η
886 4348 956 4421 ψυχὴ
976 4346 1044 4415 κτλ]
1064 4347 1096 4399 τι.
1115 4365 1140 4415 p.
1154 4349 1211 4412 1652
1318 4349 1468 4403 8fortasse
1487 4350 1559 4404 δυνά-

201 4454 270 4506 μεσιν
288 4436 402 4507 (ὄργανα)
489 4456 516 4488 τε
535 4438 668 4497 οιπ.Κ,
718 4437 749 4489 10
767 4436 859 4506 γίνεται
877 4435 902 4488 δὲ
922 4435 990 4503 κτλ]
1009 4436 1039 4487 cf.
1059 4435 1172 4501 p.28‚25
1267 4438 1291 4487 11
1316 4436 1429 4506 ἔχοντος]
1449 4440 1558 4493 alterum

201 4527 260 4578 oin
278 4526 349 4577 htv
468 4525 498 4576 12
526 4531 717 4594 κατηγοῦμενυ
836 4525 936 4577 15-17
964 4526 993 4576 τδ
1012 4523 1263 4593 δυνάμενον-ζωὴν
1281 4524 1339 4596 ἔχον
1359 4526 1452 4576 υιιτ.Κ

204 4613 234 4664 17
253 4610 396 4684 δργανικύν]
415 4611 447 4663 cf.
466 4629 491 4680 γ).
504 4613 624 4680 16,11sq.
733 4613 764 4664 18
782 4610 857 4680 δῆλον
876 4610 911 4669 ώς
929 4611 1063 4680 ἀσώματος
1082 4611 1150 4680 κτλ]
1170 4612 1202 4664 cf.
1221 4611 1383 4679 p.17,10sq.
1490 4614 1559 4686 ’2οῆ

201 4700 222 4752 εἰ
240 4699 305 4758 εἶδος
322 4700 369 4765 ιιιδ,
386 4700 402 4769 ἦ
422 4699 484 4757 εἶδος
502 4701 538 4751 111¹
551 4702 584 4751 V:
603 4699 619 4770 η
638 4698 702 4758 εἶδος
720 4700 761 4751 Ka
867 4698 900 4749 δῦ
924 4698 1040 4769 ἀλγηδών
1060 4700 1098 4751 Ka
1204 4700 1237 4750 ‘2ss
1257 4698 1332 4767 ἀλλὰ]
1352 4715 1430 4765 ευριπ
1450 4702 1559 4767 primam

200 4788 240 4839 lit.
259 4787 394 4855 paululum
414 4803 513 4840 erasum
534 4789 555 4839 V
649 4786 931 4854 τοῦτοπρῶτον
1024 4789 1057 4838 34
1077 4788 1106 4844 ἃς
1124 4787 1149 4838 δέ
1169 4805 1250 4854 φαμεν
1269 4785 1336 4853 κτλ]
1357 4784 1388 4837 cs.
1408 4803 1433 4854 γι.
1445 4788 1560 4858 ελδερ,

201 4876 248 4928 ubi
267 4873 425 4943 superfluum
445 4875 655 4944 supplementum
674 4891 757 4927 meum
866 4874 898 4925 36
918 4874 1016 4925 παλαίει
1035 4875 1055 4925 V
1075 4892 1116 4927 ex.
1137 4876 1218 4926 Victa
1237 4875 1326 4943 πάσχει
1346 4874 1382 4924 K:
1401 4873 1495 4928 παλαιὰ
1514 4894 1530 4930 a
