<?xml version="1.0" encoding="UTF-8"?>
<!DOCTYPE html PUBLIC "-//W3C//DTD XHTML 1.0 Transitional//EN"
    "http://www.w3.org/TR/xhtml1/DTD/xhtml1-transitional.dtd">
<html xmlns="http://www.w3.org/1999/xhtml" xml:lang="en" lang="en">
 <head>
  <title>
</title>
<meta http-equiv="Content-Type" content="text/html;charset=utf-8" />
  <meta name='ocr-system' content='tesseract 3.04.00' />
  <meta name='ocr-capabilities' content='ocr_page ocr_carea ocr_par ocr_line ocrx_word'/>
</head>
<body>
  <div class='ocr_page' id='page_1' title='image "./supplementumari02arisgoog/supplementumari02arisgoog_0282.png"; bbox 0 0 3540 5610; ppageno 0'>
   <div class='ocr_carea' id='block_1_1' title="bbox 599 251 1557 363">
    <p class='ocr_par' dir='ltr' id='par_1_1' title="bbox 599 251 1557 363">
     <span class='ocr_line' id='line_1_1' title="bbox 599 251 1557 363; baseline -0.023 -7"><span class='ocrx_word' id='word_1_1' title='bbox 599 303 623 356; x_wconf 95' lang='lat' dir='ltr'>u</span> <span class='ocrx_word' id='word_1_2' title='bbox 659 302 704 356; x_wconf 88' lang='grc'>55</span> <span class='ocrx_word' id='word_1_3' title='bbox 722 300 900 355; x_wconf 83' lang='grc'><strong>5555555</strong></span> <span class='ocrx_word' id='word_1_4' title='bbox 917 298 1159 363; x_wconf 76' lang='grc'><strong>5555555555</strong></span> <span class='ocrx_word' id='word_1_5' title='bbox 1300 251 1311 275; x_wconf 80' lang='grc'>’</span> <span class='ocrx_word' id='word_1_6' title='bbox 1500 297 1557 336; x_wconf 75' lang='lat' dir='ltr'>m</span> 
     </span>
    </p>
   </div>
   <div class='ocr_carea' id='block_1_2' title="bbox 201 464 1693 4746">
    <p class='ocr_par' dir='ltr' id='par_1_2' title="bbox 201 464 1693 1400">
     <span class='ocr_line' id='line_1_2' title="bbox 289 464 1693 557; baseline -0.013 -15"><span class='ocrx_word' id='word_1_7' title='bbox 289 477 365 542; x_wconf 85' lang='lat' dir='ltr'>Non</span> <span class='ocrx_word' id='word_1_8' title='bbox 397 476 515 544; x_wconf 83' lang='lat' dir='ltr'>licebat</span> <span class='ocrx_word' id='word_1_9' title='bbox 548 475 631 542; x_wconf 85' lang='lat' dir='ltr'>hanc</span> <span class='ocrx_word' id='word_1_10' title='bbox 663 475 705 542; x_wconf 91' lang='lat' dir='ltr'>de</span> <span class='ocrx_word' id='word_1_11' title='bbox 739 474 902 541; x_wconf 89' lang='lat' dir='ltr'>codicibus</span> <span class='ocrx_word' id='word_1_12' title='bbox 934 472 1183 557; x_wconf 88' lang='lat' dir='ltr'>disputationem</span> <span class='ocrx_word' id='word_1_13' title='bbox 1216 469 1319 553; x_wconf 86' lang='lat' dir='ltr'>magis</span> <span class='ocrx_word' id='word_1_14' title='bbox 1349 464 1549 534; x_wconf 77' lang='lat' dir='ltr'><strong>contrahere.</strong></span> <span class='ocrx_word' id='word_1_15' title='bbox 1576 486 1693 537; x_wconf 72' lang='lat' dir='ltr'>Bracltuus</span> 
     </span>
     <span class='ocr_line' id='line_1_3' title="bbox 201 587 1558 680; baseline -0.007 -18"><span class='ocrx_word' id='word_1_16' title='bbox 201 596 265 662; x_wconf 87' lang='lat' dir='ltr'>sed</span> <span class='ocrx_word' id='word_1_17' title='bbox 289 617 329 663; x_wconf 90' lang='lat' dir='ltr'>eo</span> <span class='ocrx_word' id='word_1_18' title='bbox 351 596 481 663; x_wconf 82' lang='lat' dir='ltr'>brevius</span> <span class='ocrx_word' id='word_1_19' title='bbox 502 616 587 661; x_wconf 88' lang='lat' dir='ltr'>nuno</span> <span class='ocrx_word' id='word_1_20' title='bbox 608 596 650 662; x_wconf 94' lang='lat' dir='ltr'>de</span> <span class='ocrx_word' id='word_1_21' title='bbox 671 596 829 662; x_wconf 80' lang='lat' dir='ltr'>Bscourm</span> <span class='ocrx_word' id='word_1_22' title='bbox 852 592 967 680; x_wconf 82' lang='lat' dir='ltr'>(patris</span> <span class='ocrx_word' id='word_1_23' title='bbox 989 599 1022 659; x_wconf 92' lang='lat' dir='ltr'>et</span> <span class='ocrx_word' id='word_1_24' title='bbox 1044 590 1114 674; x_wconf 78' lang='lat' dir='ltr'>tilii)</span> <span class='ocrx_word' id='word_1_25' title='bbox 1137 588 1284 655; x_wconf 79' lang='lat' dir='ltr'>versione</span> <span class='ocrx_word' id='word_1_26' title='bbox 1306 587 1452 669; x_wconf 85' lang='lat' dir='ltr'>referam,</span> <span class='ocrx_word' id='word_1_27' title='bbox 1475 605 1558 669; x_wconf 87' lang='lat' dir='ltr'>quae</span> 
     </span>
     <span class='ocr_line' id='line_1_4' title="bbox 203 705 1558 802; baseline -0.01 -19"><span class='ocrx_word' id='word_1_28' title='bbox 203 716 378 802; x_wconf 88' lang='lat' dir='ltr'>primnm¹)</span> <span class='ocrx_word' id='word_1_29' title='bbox 400 716 518 801; x_wconf 89' lang='lat' dir='ltr'>prodiit</span> <span class='ocrx_word' id='word_1_30' title='bbox 533 715 677 782; x_wconf 87' lang='lat' dir='ltr'>Venetiis</span> <span class='ocrx_word' id='word_1_31' title='bbox 699 715 780 780; x_wconf 89' lang='grc'><strong>1541</strong></span> <span class='ocrx_word' id='word_1_32' title='bbox 804 710 959 799; x_wconf 87' lang='lat' dir='ltr'>(editione</span> <span class='ocrx_word' id='word_1_33' title='bbox 980 712 1057 778; x_wconf 91' lang='lat' dir='ltr'>anni</span> <span class='ocrx_word' id='word_1_34' title='bbox 1075 712 1156 777; x_wconf 90' lang='grc'><strong>1559</strong></span> <span class='ocrx_word' id='word_1_35' title='bbox 1172 731 1248 775; x_wconf 87' lang='grc'><strong>5555</strong></span> <span class='ocrx_word' id='word_1_36' title='bbox 1262 709 1356 792; x_wconf 85' lang='grc'><strong>555).</strong></span> <span class='ocrx_word' id='word_1_37' title='bbox 1399 707 1432 771; x_wconf 93' lang='lat' dir='ltr'>iu</span> <span class='ocrx_word' id='word_1_38' title='bbox 1454 705 1558 771; x_wconf 91' lang='lat' dir='ltr'>adno-</span> 
     </span>
     <span class='ocr_line' id='line_1_5' title="bbox 202 825 1559 918; baseline -0.01 -14"><span class='ocrx_word' id='word_1_39' title='bbox 202 839 361 904; x_wconf 79' lang='lat' dir='ltr'><strong>tationem</strong></span> <span class='ocrx_word' id='word_1_40' title='bbox 388 855 494 903; x_wconf 86' lang='lat' dir='ltr'>meam</span> <span class='ocrx_word' id='word_1_41' title='bbox 522 855 594 902; x_wconf 89' lang='lat' dir='ltr'>eam</span> <span class='ocrx_word' id='word_1_42' title='bbox 622 855 687 901; x_wconf 94' lang='lat' dir='ltr'>non</span> <span class='ocrx_word' id='word_1_43' title='bbox 714 833 832 918; x_wconf 88' lang='lat' dir='ltr'>reoepi,</span> <span class='ocrx_word' id='word_1_44' title='bbox 865 834 942 918; x_wconf 90' lang='lat' dir='ltr'>quia</span> <span class='ocrx_word' id='word_1_45' title='bbox 964 832 1111 900; x_wconf 87' lang='lat' dir='ltr'>confecta</span> <span class='ocrx_word' id='word_1_46' title='bbox 1136 837 1186 896; x_wconf 88' lang='lat' dir='ltr'>est</span> <span class='ocrx_word' id='word_1_47' title='bbox 1211 830 1254 895; x_wconf 90' lang='grc'>55</span> <span class='ocrx_word' id='word_1_48' title='bbox 1280 828 1462 910; x_wconf 83' lang='lat' dir='ltr'>exemplum</span> <span class='ocrx_word' id='word_1_49' title='bbox 1484 825 1559 891; x_wconf 89' lang='lat' dir='ltr'>talis</span> 
     </span>
     <span class='ocr_line' id='line_1_6' title="bbox 203 945 1558 1041; baseline -0.008 -19"><span class='ocrx_word' id='word_1_50' title='bbox 203 955 289 1040; x_wconf 84' lang='lat' dir='ltr'>libri,</span> <span class='ocrx_word' id='word_1_51' title='bbox 322 958 449 1041; x_wconf 89' lang='lat' dir='ltr'>qualem</span> <span class='ocrx_word' id='word_1_52' title='bbox 476 956 572 1023; x_wconf 93' lang='lat' dir='ltr'>modo</span> <span class='ocrx_word' id='word_1_53' title='bbox 605 955 770 1039; x_wconf 88' lang='lat' dir='ltr'>descripsi.</span> <span class='ocrx_word' id='word_1_54' title='bbox 816 954 924 1019; x_wconf 89' lang='lat' dir='ltr'>omnia</span> <span class='ocrx_word' id='word_1_55' title='bbox 945 952 1029 1020; x_wconf 89' lang='lat' dir='ltr'>euim</span> <span class='ocrx_word' id='word_1_56' title='bbox 1056 951 1277 1018; x_wconf 88' lang='lat' dir='ltr'>additamenta</span> <span class='ocrx_word' id='word_1_57' title='bbox 1303 945 1449 1014; x_wconf 82' lang='lat' dir='ltr'><strong>adhibuit</strong></span> <span class='ocrx_word' id='word_1_58' title='bbox 1475 965 1558 1030; x_wconf 89' lang='lat' dir='ltr'>quae</span> 
     </span>
     <span class='ocr_line' id='line_1_7' title="bbox 204 1065 1560 1160; baseline -0.01 -18"><span class='ocrx_word' id='word_1_59' title='bbox 204 1075 342 1160; x_wconf 80' lang='lat' dir='ltr'>praebet</span> <span class='ocrx_word' id='word_1_60' title='bbox 367 1075 468 1143; x_wconf 76' lang='lat' dir='ltr'>ss’sa</span> <span class='ocrx_word' id='word_1_61' title='bbox 500 1082 533 1142; x_wconf 87' lang='lat' dir='ltr'>et</span> <span class='ocrx_word' id='word_1_62' title='bbox 565 1075 725 1142; x_wconf 75' lang='lat' dir='ltr'>consentit</span> <span class='ocrx_word' id='word_1_63' title='bbox 757 1073 1076 1159; x_wconf 82' lang='grc'><strong>5553555415.</strong></span> <span class='ocrx_word' id='word_1_64' title='bbox 1119 1072 1181 1136; x_wconf 89' lang='grc'>555</span> <span class='ocrx_word' id='word_1_65' title='bbox 1213 1076 1340 1135; x_wconf 86' lang='lat' dir='ltr'>tautum</span> <span class='ocrx_word' id='word_1_66' title='bbox 1369 1065 1455 1131; x_wconf 94' lang='lat' dir='ltr'>addo</span> <span class='ocrx_word' id='word_1_67' title='bbox 1487 1065 1560 1149; x_wconf 90' lang='lat' dir='ltr'>ipsa</span> 
     </span>
     <span class='ocr_line' id='line_1_8' title="bbox 205 1183 1560 1278; baseline -0.01 -16"><span class='ocrx_word' id='word_1_68' title='bbox 205 1195 348 1262; x_wconf 84' lang='lat' dir='ltr'>editione</span> <span class='ocrx_word' id='word_1_69' title='bbox 369 1195 559 1278; x_wconf 87' lang='lat' dir='ltr'>Bagoliuum</span> <span class='ocrx_word' id='word_1_70' title='bbox 579 1215 645 1262; x_wconf 94' lang='lat' dir='ltr'>non</span> <span class='ocrx_word' id='word_1_71' title='bbox 668 1215 759 1261; x_wconf 90' lang='lat' dir='ltr'>usum</span> <span class='ocrx_word' id='word_1_72' title='bbox 782 1213 868 1273; x_wconf 85' lang='lat' dir='ltr'>esse3</span> <span class='ocrx_word' id='word_1_73' title='bbox 899 1191 998 1259; x_wconf 85' lang='lat' dir='ltr'>verba</span> <span class='ocrx_word' id='word_1_74' title='bbox 1019 1191 1134 1256; x_wconf 87' lang='lat' dir='ltr'>saltem</span> <span class='ocrx_word' id='word_1_75' title='bbox 1160 1190 1262 1275; x_wconf 82' lang='lat'>136,3,</span> <span class='ocrx_word' id='word_1_76' title='bbox 1294 1207 1378 1273; x_wconf 86' lang='lat' dir='ltr'>quae</span> <span class='ocrx_word' id='word_1_77' title='bbox 1400 1205 1421 1250; x_wconf 90' lang='lat' dir='ltr'>a</span> <span class='ocrx_word' id='word_1_78' title='bbox 1442 1183 1560 1268; x_wconf 93' lang='lat' dir='ltr'>amisit,</span> 
     </span>
     <span class='ocr_line' id='line_1_9' title="bbox 204 1316 509 1400; baseline -0.007 -16"><span class='ocrx_word' id='word_1_79' title='bbox 204 1316 382 1400; x_wconf 84' lang='lat' dir='ltr'>Bagolinus</span> <span class='ocrx_word' id='word_1_80' title='bbox 404 1317 509 1383; x_wconf 83' lang='lat' dir='ltr'>vertit.</span> 
     </span>
    </p>

    <p class='ocr_par' dir='ltr' id='par_1_3' title="bbox 202 1423 1666 3189">
     <span class='ocr_line' id='line_1_10' title="bbox 293 1423 1666 1520; baseline -0.009 -19"><span class='ocrx_word' id='word_1_81' title='bbox 293 1436 344 1502; x_wconf 85' lang='lat' dir='ltr'>Ab</span> <span class='ocrx_word' id='word_1_82' title='bbox 355 1436 487 1520; x_wconf 77' lang='lat' dir='ltr'>integris</span> <span class='ocrx_word' id='word_1_83' title='bbox 498 1434 660 1502; x_wconf 74' lang='lat' dir='ltr'>codicibus</span> <span class='ocrx_word' id='word_1_84' title='bbox 669 1433 764 1500; x_wconf 89' lang='lat' dir='ltr'>venio</span> <span class='ocrx_word' id='word_1_85' title='bbox 776 1433 819 1498; x_wconf 89' lang='lat' dir='ltr'>ad</span> <span class='ocrx_word' id='word_1_86' title='bbox 835 1434 978 1499; x_wconf 88' lang='lat' dir='ltr'>umbram</span> <span class='ocrx_word' id='word_1_87' title='bbox 991 1431 1120 1514; x_wconf 85' lang='lat' dir='ltr'>codicis,</span> <span class='ocrx_word' id='word_1_88' title='bbox 1134 1452 1228 1515; x_wconf 87' lang='lat' dir='ltr'>quam</span> <span class='ocrx_word' id='word_1_89' title='bbox 1240 1429 1439 1498; x_wconf 91' lang='lat' dir='ltr'>retinuerunt</span> <span class='ocrx_word' id='word_1_90' title='bbox 1453 1423 1560 1492; x_wconf 87' lang='lat' dir='ltr'>lectio·</span> <span class='ocrx_word' id='word_1_91' title='bbox 1586 1426 1666 1489; x_wconf 87' lang='lat' dir='ltr'>Viot.</span> 
     </span>
     <span class='ocr_line' id='line_1_11' title="bbox 206 1549 1559 1640; baseline -0.007 -20"><span class='ocrx_word' id='word_1_92' title='bbox 206 1577 274 1640; x_wconf 91' lang='lat' dir='ltr'>nes,</span> <span class='ocrx_word' id='word_1_93' title='bbox 284 1575 366 1639; x_wconf 86' lang='lat' dir='ltr'>quas</span> <span class='ocrx_word' id='word_1_94' title='bbox 376 1554 561 1622; x_wconf 87' lang='lat' dir='ltr'>llouacensi</span> <span class='ocrx_word' id='word_1_95' title='bbox 576 1555 725 1638; x_wconf 82' lang='lat' dir='ltr'>exemplo</span> <span class='ocrx_word' id='word_1_96' title='bbox 740 1552 891 1619; x_wconf 89' lang='lat' dir='ltr'>editionis</span> <span class='ocrx_word' id='word_1_97' title='bbox 898 1551 1042 1618; x_wconf 89' lang='lat' dir='ltr'>Venetae</span> <span class='ocrx_word' id='word_1_98' title='bbox 1059 1551 1230 1636; x_wconf 80' lang='lat' dir='ltr'>adscripsit</span> <span class='ocrx_word' id='word_1_99' title='bbox 1241 1552 1365 1617; x_wconf 76' lang='lat' dir='ltr'>Parrus</span> <span class='ocrx_word' id='word_1_100' title='bbox 1377 1549 1559 1624; x_wconf 84' lang='lat' dir='ltr'>V1crourus,</span> 
     </span>
     <span class='ocr_line' id='line_1_12' title="bbox 205 1666 1560 1760; baseline -0.007 -19"><span class='ocrx_word' id='word_1_101' title='bbox 205 1695 297 1760; x_wconf 86' lang='lat' dir='ltr'>quas,</span> <span class='ocrx_word' id='word_1_102' title='bbox 320 1696 391 1741; x_wconf 91' lang='lat' dir='ltr'>cum</span> <span class='ocrx_word' id='word_1_103' title='bbox 414 1683 448 1740; x_wconf 92' lang='lat' dir='ltr'>ut</span> <span class='ocrx_word' id='word_1_104' title='bbox 470 1675 541 1759; x_wconf 91' lang='lat' dir='ltr'>ipse</span> <span class='ocrx_word' id='word_1_105' title='bbox 562 1671 615 1739; x_wconf 90' lang='lat' dir='ltr'>hic</span> <span class='ocrx_word' id='word_1_106' title='bbox 636 1671 828 1756; x_wconf 87' lang='lat' dir='ltr'>inspicerem</span> <span class='ocrx_word' id='word_1_107' title='bbox 850 1672 935 1738; x_wconf 91' lang='grc'><strong>5555</strong></span> <span class='ocrx_word' id='word_1_108' title='bbox 956 1671 1072 1737; x_wconf 89' lang='lat' dir='ltr'>librum</span> <span class='ocrx_word' id='word_1_109' title='bbox 1093 1673 1285 1737; x_wconf 73' lang='lat' dir='ltr'>hausurum</span> <span class='ocrx_word' id='word_1_110' title='bbox 1305 1670 1365 1736; x_wconf 88' lang='lat' dir='ltr'>viri</span> <span class='ocrx_word' id='word_1_111' title='bbox 1385 1666 1560 1734; x_wconf 88' lang='lat' dir='ltr'>doctissimi</span> 
     </span>
     <span class='ocr_line' id='line_1_13' title="bbox 205 1786 1561 1876; baseline -0.007 -15"><span class='ocrx_word' id='word_1_112' title='bbox 205 1795 434 1862; x_wconf 81' lang='lat' dir='ltr'>benevolentia</span> <span class='ocrx_word' id='word_1_113' title='bbox 455 1792 533 1860; x_wconf 93' lang='lat' dir='ltr'>mihi</span> <span class='ocrx_word' id='word_1_114' title='bbox 555 1792 750 1876; x_wconf 80' lang='lat' dir='ltr'>contigisset,</span> <span class='ocrx_word' id='word_1_115' title='bbox 775 1814 839 1859; x_wconf 93' lang='lat' dir='ltr'>non</span> <span class='ocrx_word' id='word_1_116' title='bbox 862 1791 904 1858; x_wconf 87' lang='lat' dir='ltr'>ab</span> <span class='ocrx_word' id='word_1_117' title='bbox 927 1812 992 1857; x_wconf 92' lang='lat' dir='ltr'>uua</span> <span class='ocrx_word' id='word_1_118' title='bbox 1013 1791 1071 1858; x_wconf 88' lang='lat' dir='ltr'>sed</span> <span class='ocrx_word' id='word_1_119' title='bbox 1087 1811 1108 1856; x_wconf 91' lang='grc'>5</span> <span class='ocrx_word' id='word_1_120' title='bbox 1122 1791 1258 1858; x_wconf 87' lang='lat' dir='ltr'>diversis</span> <span class='ocrx_word' id='word_1_121' title='bbox 1273 1789 1399 1855; x_wconf 90' lang='lat' dir='ltr'>duabus</span> <span class='ocrx_word' id='word_1_122' title='bbox 1414 1786 1561 1853; x_wconf 86' lang='lat' dir='ltr'>manibus</span> 
     </span>
     <span class='ocr_line' id='line_1_14' title="bbox 205 1907 1559 1998; baseline -0.005 -20"><span class='ocrx_word' id='word_1_123' title='bbox 205 1912 373 1998; x_wconf 91' lang='lat' dir='ltr'>adpositas</span> <span class='ocrx_word' id='word_1_124' title='bbox 396 1934 468 1980; x_wconf 89' lang='lat' dir='ltr'>esse</span> <span class='ocrx_word' id='word_1_125' title='bbox 491 1913 567 1978; x_wconf 85' lang='lat' dir='ltr'>ridi.</span> <span class='ocrx_word' id='word_1_126' title='bbox 611 1932 676 1997; x_wconf 86' lang='lat' dir='ltr'>qua</span> <span class='ocrx_word' id='word_1_127' title='bbox 698 1931 733 1978; x_wconf 93' lang='lat' dir='ltr'>re</span> <span class='ocrx_word' id='word_1_128' title='bbox 753 1912 837 1978; x_wconf 88' lang='lat' dir='ltr'>inter</span> <span class='ocrx_word' id='word_1_129' title='bbox 852 1913 1061 1980; x_wconf 81' lang='lat' dir='ltr'>vetustiorem</span> <span class='ocrx_word' id='word_1_130' title='bbox 1084 1932 1212 1977; x_wconf 91' lang='lat' dir='ltr'>manum</span> <span class='ocrx_word' id='word_1_131' title='bbox 1228 1930 1363 1993; x_wconf 91' lang='lat' dir='ltr'>eamque</span> <span class='ocrx_word' id='word_1_132' title='bbox 1379 1907 1559 1975; x_wconf 90' lang='lat' dir='ltr'>nitidiorem</span> 
     </span>
     <span class='ocr_line' id='line_1_15' title="bbox 205 2026 1559 2117; baseline -0.005 -19"><span class='ocrx_word' id='word_1_133' title='bbox 205 2053 265 2117; x_wconf 91' lang='lat' dir='ltr'>per</span> <span class='ocrx_word' id='word_1_134' title='bbox 288 2053 400 2100; x_wconf 88' lang='lat' dir='ltr'>omnes</span> <span class='ocrx_word' id='word_1_135' title='bbox 421 2032 520 2099; x_wconf 88' lang='lat' dir='ltr'>libros</span> <span class='ocrx_word' id='word_1_136' title='bbox 541 2032 759 2117; x_wconf 81' lang='lat' dir='ltr'>conspicuam,</span> <span class='ocrx_word' id='word_1_137' title='bbox 786 2032 835 2098; x_wconf 89' lang='lat' dir='ltr'>eui</span> <span class='ocrx_word' id='word_1_138' title='bbox 863 2033 1037 2117; x_wconf 82' lang='lat' dir='ltr'>pleraeque</span> <span class='ocrx_word' id='word_1_139' title='bbox 1065 2033 1219 2098; x_wconf 88' lang='lat' dir='ltr'>lectiones</span> <span class='ocrx_word' id='word_1_140' title='bbox 1241 2028 1407 2112; x_wconf 86' lang='lat' dir='ltr'>debentur,</span> <span class='ocrx_word' id='word_1_141' title='bbox 1430 2026 1559 2092; x_wconf 82' lang='lat' dir='ltr'>distinxi</span> 
     </span>
     <span class='ocr_line' id='line_1_16' title="bbox 204 2148 1558 2235; baseline -0.004 -18"><span class='ocrx_word' id='word_1_142' title='bbox 204 2159 240 2217; x_wconf 91' lang='lat' dir='ltr'>et</span> <span class='ocrx_word' id='word_1_143' title='bbox 276 2151 549 2234; x_wconf 83' lang='lat' dir='ltr'>neglegentiorem</span> <span class='ocrx_word' id='word_1_144' title='bbox 581 2152 755 2235; x_wconf 88' lang='lat' dir='ltr'>paulloque</span> <span class='ocrx_word' id='word_1_145' title='bbox 791 2153 1012 2234; x_wconf 87' lang='lat' dir='ltr'>recentiorem,</span> <span class='ocrx_word' id='word_1_146' title='bbox 1049 2153 1098 2217; x_wconf 89' lang='lat' dir='ltr'>cui</span> <span class='ocrx_word' id='word_1_147' title='bbox 1136 2148 1396 2232; x_wconf 86' lang='lat' dir='ltr'>interrogationis</span> <span class='ocrx_word' id='word_1_148' title='bbox 1433 2148 1558 2230; x_wconf 86' lang='lat' dir='ltr'>signum</span> 
     </span>
     <span class='ocr_line' id='line_1_17' title="bbox 203 2268 1560 2354; baseline -0.002 -19"><span class='ocrx_word' id='word_1_149' title='bbox 203 2269 238 2335; x_wconf 94' lang='lat' dir='ltr'>in</span> <span class='ocrx_word' id='word_1_150' title='bbox 261 2269 472 2338; x_wconf 77' lang='lat' dir='ltr'>adnotatione</span> <span class='ocrx_word' id='word_1_151' title='bbox 487 2271 632 2354; x_wconf 88' lang='lat' dir='ltr'>adposui.</span> <span class='ocrx_word' id='word_1_152' title='bbox 676 2271 734 2337; x_wconf 87' lang='grc'>555</span> <span class='ocrx_word' id='word_1_153' title='bbox 756 2271 815 2335; x_wconf 90' lang='lat' dir='ltr'>has</span> <span class='ocrx_word' id='word_1_154' title='bbox 836 2271 924 2354; x_wconf 90' lang='lat' dir='ltr'>ipsas</span> <span class='ocrx_word' id='word_1_155' title='bbox 947 2271 1110 2354; x_wconf 88' lang='lat' dir='ltr'>lectiones,</span> <span class='ocrx_word' id='word_1_156' title='bbox 1134 2271 1175 2337; x_wconf 90' lang='lat' dir='ltr'>de</span> <span class='ocrx_word' id='word_1_157' title='bbox 1197 2270 1312 2354; x_wconf 88' lang='lat' dir='ltr'>quibus</span> <span class='ocrx_word' id='word_1_158' title='bbox 1327 2268 1560 2352; x_wconf 87' lang='lat' dir='ltr'>dubitaveram,</span> 
     </span>
     <span class='ocr_line' id='line_1_18' title="bbox 202 2388 1563 2475; baseline -0.003 -19"><span class='ocrx_word' id='word_1_159' title='bbox 202 2397 292 2456; x_wconf 89' lang='lat' dir='ltr'>certe</span> <span class='ocrx_word' id='word_1_160' title='bbox 315 2389 447 2456; x_wconf 88' lang='lat' dir='ltr'>Victorii</span> <span class='ocrx_word' id='word_1_161' title='bbox 470 2409 543 2456; x_wconf 90' lang='lat' dir='ltr'>esse</span> <span class='ocrx_word' id='word_1_162' title='bbox 565 2409 649 2456; x_wconf 92' lang='lat' dir='ltr'>nunc</span> <span class='ocrx_word' id='word_1_163' title='bbox 677 2391 754 2471; x_wconf 88' lang='lat' dir='ltr'>seio,</span> <span class='ocrx_word' id='word_1_164' title='bbox 778 2399 947 2475; x_wconf 81' lang='lat' dir='ltr'>postquam</span> <span class='ocrx_word' id='word_1_165' title='bbox 971 2391 1110 2474; x_wconf 91' lang='lat' dir='ltr'>benigue</span> <span class='ocrx_word' id='word_1_166' title='bbox 1127 2393 1296 2457; x_wconf 84' lang='lat' dir='ltr'>Ruuourus</span> <span class='ocrx_word' id='word_1_167' title='bbox 1323 2388 1468 2454; x_wconf 83' lang='lat' dir='ltr'>Sosonuu</span> <span class='ocrx_word' id='word_1_168' title='bbox 1491 2408 1563 2454; x_wconf 90' lang='grc'>555</span> 
     </span>
     <span class='ocr_line' id='line_1_19' title="bbox 202 2508 1559 2593; baseline 0.001 -20"><span class='ocrx_word' id='word_1_169' title='bbox 202 2526 305 2573; x_wconf 87' lang='lat' dir='ltr'>causa</span> <span class='ocrx_word' id='word_1_170' title='bbox 330 2509 497 2593; x_wconf 82' lang='lat' dir='ltr'>exemplar</span> <span class='ocrx_word' id='word_1_171' title='bbox 523 2508 717 2577; x_wconf 88' lang='lat' dir='ltr'>Monacense</span> <span class='ocrx_word' id='word_1_172' title='bbox 750 2530 822 2575; x_wconf 92' lang='lat' dir='ltr'>eum</span> <span class='ocrx_word' id='word_1_173' title='bbox 855 2510 927 2575; x_wconf 87' lang='lat' dir='ltr'>aliis</span> <span class='ocrx_word' id='word_1_174' title='bbox 956 2511 1149 2576; x_wconf 87' lang='lat' dir='ltr'>Victorianis</span> <span class='ocrx_word' id='word_1_175' title='bbox 1182 2509 1325 2593; x_wconf 89' lang='lat' dir='ltr'>reliquiis</span> <span class='ocrx_word' id='word_1_176' title='bbox 1352 2508 1559 2593; x_wconf 85' lang='lat' dir='ltr'>comparavit.</span> 
     </span>
     <span class='ocr_line' id='line_1_20' title="bbox 203 2627 1560 2714; baseline -0.001 -20"><span class='ocrx_word' id='word_1_177' title='bbox 203 2636 321 2694; x_wconf 86' lang='lat' dir='ltr'>contra</span> <span class='ocrx_word' id='word_1_178' title='bbox 343 2627 498 2694; x_wconf 89' lang='lat' dir='ltr'>incertum</span> <span class='ocrx_word' id='word_1_179' title='bbox 522 2647 593 2694; x_wconf 87' lang='lat' dir='ltr'>esse</span> <span class='ocrx_word' id='word_1_180' title='bbox 615 2649 667 2696; x_wconf 87' lang='lat' dir='ltr'>mc</span> <span class='ocrx_word' id='word_1_181' title='bbox 688 2629 783 2696; x_wconf 92' lang='lat' dir='ltr'>docet</span> <span class='ocrx_word' id='word_1_182' title='bbox 798 2630 937 2713; x_wconf 86' lang='lat' dir='ltr'>Seboell,</span> <span class='ocrx_word' id='word_1_183' title='bbox 961 2638 1066 2694; x_wconf 89' lang='lat' dir='ltr'>utrum</span> <span class='ocrx_word' id='word_1_184' title='bbox 1089 2630 1191 2696; x_wconf 88' lang='lat' dir='ltr'>maior</span> <span class='ocrx_word' id='word_1_185' title='bbox 1212 2631 1270 2695; x_wconf 91' lang='lat' dir='ltr'>illa</span> <span class='ocrx_word' id='word_1_186' title='bbox 1292 2649 1367 2714; x_wconf 91' lang='lat' dir='ltr'>pars</span> <span class='ocrx_word' id='word_1_187' title='bbox 1390 2628 1560 2694; x_wconf 91' lang='lat' dir='ltr'>lectionum</span> 
     </span>
     <span class='ocr_line' id='line_1_21' title="bbox 202 2746 1561 2834; baseline 0.002 -22"><span class='ocrx_word' id='word_1_188' title='bbox 202 2747 295 2812; x_wconf 88' lang='lat' dir='ltr'>iussu</span> <span class='ocrx_word' id='word_1_189' title='bbox 311 2746 443 2814; x_wconf 88' lang='lat' dir='ltr'>Victorii</span> <span class='ocrx_word' id='word_1_190' title='bbox 465 2767 486 2812; x_wconf 92' lang='lat' dir='ltr'>a</span> <span class='ocrx_word' id='word_1_191' title='bbox 507 2748 665 2834; x_wconf 86' lang='lat' dir='ltr'>discipulo</span> <span class='ocrx_word' id='word_1_192' title='bbox 687 2748 800 2813; x_wconf 86' lang='lat' dir='ltr'>addita</span> <span class='ocrx_word' id='word_1_193' title='bbox 823 2749 874 2833; x_wconf 83' lang='lat' dir='ltr'>sit,</span> <span class='ocrx_word' id='word_1_194' title='bbox 896 2768 939 2814; x_wconf 92' lang='lat' dir='ltr'>au</span> <span class='ocrx_word' id='word_1_195' title='bbox 962 2749 1096 2834; x_wconf 88' lang='lat' dir='ltr'>abipso</span> <span class='ocrx_word' id='word_1_196' title='bbox 1120 2749 1261 2815; x_wconf 86' lang='lat' dir='ltr'>Victo&#39;rio</span> <span class='ocrx_word' id='word_1_197' title='bbox 1285 2749 1390 2833; x_wconf 90' lang='lat' dir='ltr'>priore</span> <span class='ocrx_word' id='word_1_198' title='bbox 1417 2756 1561 2832; x_wconf 87' lang='lat' dir='ltr'>tempore</span> 
     </span>
     <span class='ocr_line' id='line_1_22' title="bbox 203 2865 1562 2950; baseline 0.002 -19"><span class='ocrx_word' id='word_1_199' title='bbox 203 2865 381 2950; x_wconf 83' lang='lat' dir='ltr'>adscripta.</span> <span class='ocrx_word' id='word_1_200' title='bbox 428 2868 486 2934; x_wconf 89' lang='lat' dir='ltr'>sed</span> <span class='ocrx_word' id='word_1_201' title='bbox 514 2868 576 2933; x_wconf 87' lang='grc'>555</span> <span class='ocrx_word' id='word_1_202' title='bbox 607 2867 664 2933; x_wconf 96' lang='lat' dir='ltr'>illo</span> <span class='ocrx_word' id='word_1_203' title='bbox 692 2867 896 2934; x_wconf 84' lang='lat' dir='ltr'>verisimilius</span> <span class='ocrx_word' id='word_1_204' title='bbox 924 2889 1005 2935; x_wconf 87' lang='lat' dir='ltr'>esse.</span> <span class='ocrx_word' id='word_1_205' title='bbox 1059 2869 1196 2935; x_wconf 87' lang='lat' dir='ltr'>inveniri</span> <span class='ocrx_word' id='word_1_206' title='bbox 1228 2868 1313 2934; x_wconf 90' lang='lat' dir='ltr'>euim</span> <span class='ocrx_word' id='word_1_207' title='bbox 1347 2869 1444 2935; x_wconf 88' lang='lat' dir='ltr'>etiam</span> <span class='ocrx_word' id='word_1_208' title='bbox 1478 2869 1562 2934; x_wconf 90' lang='grc'><strong>5555</strong></span> 
     </span>
     <span class='ocr_line' id='line_1_23' title="bbox 204 2985 1562 3072; baseline 0.002 -22"><span class='ocrx_word' id='word_1_209' title='bbox 204 3005 338 3052; x_wconf 87' lang='lat' dir='ltr'>manum</span> <span class='ocrx_word' id='word_1_210' title='bbox 364 2985 448 3052; x_wconf 89' lang='lat' dir='ltr'>iuter</span> <span class='ocrx_word' id='word_1_211' title='bbox 469 2986 665 3071; x_wconf 83' lang='lat' dir='ltr'>Victoriana,</span> <span class='ocrx_word' id='word_1_212' title='bbox 694 3007 769 3052; x_wconf 87' lang='lat' dir='ltr'>nam</span> <span class='ocrx_word' id='word_1_213' title='bbox 791 3008 922 3072; x_wconf 86' lang='lat' dir='ltr'>prorsus</span> <span class='ocrx_word' id='word_1_214' title='bbox 949 2988 1043 3053; x_wconf 91' lang='lat' dir='ltr'>simili</span> <span class='ocrx_word' id='word_1_215' title='bbox 1070 2989 1229 3072; x_wconf 90' lang='lat' dir='ltr'>scriptura</span> <span class='ocrx_word' id='word_1_216' title='bbox 1255 2996 1476 3071; x_wconf 86' lang='lat' dir='ltr'>argumentum</span> <span class='ocrx_word' id='word_1_217' title='bbox 1507 2988 1562 3053; x_wconf 92' lang='lat' dir='ltr'>ad·</span> 
     </span>
     <span class='ocr_line' id='line_1_24' title="bbox 203 3106 1196 3189; baseline 0.002 -18"><span class='ocrx_word' id='word_1_218' title='bbox 203 3112 352 3171; x_wconf 87' lang='lat' dir='ltr'>notatum</span> <span class='ocrx_word' id='word_1_219' title='bbox 379 3124 451 3171; x_wconf 86' lang='lat' dir='ltr'>esse</span> <span class='ocrx_word' id='word_1_220' title='bbox 477 3106 614 3189; x_wconf 86' lang='lat' dir='ltr'>margini</span> <span class='ocrx_word' id='word_1_221' title='bbox 637 3107 879 3173; x_wconf 87' lang='lat' dir='ltr'>Rhetorieorum</span> <span class='ocrx_word' id='word_1_222' title='bbox 902 3106 944 3172; x_wconf 89' lang='lat' dir='ltr'>ad</span> <span class='ocrx_word' id='word_1_223' title='bbox 967 3107 1196 3173; x_wconf 81' lang='lat' dir='ltr'>Alexandrum.</span> 
     </span>
    </p>

    <p class='ocr_par' dir='ltr' id='par_1_4' title="bbox 205 3224 1563 4746">
     <span class='ocr_line' id='line_1_25' title="bbox 292 3224 1561 3314; baseline 0.003 -25"><span class='ocrx_word' id='word_1_224' title='bbox 292 3225 411 3290; x_wconf 86' lang='lat' dir='ltr'>Multas</span> <span class='ocrx_word' id='word_1_225' title='bbox 425 3244 466 3290; x_wconf 84' lang='lat' dir='ltr'>ex</span> <span class='ocrx_word' id='word_1_226' title='bbox 481 3224 530 3289; x_wconf 88' lang='lat' dir='ltr'>his</span> <span class='ocrx_word' id='word_1_227' title='bbox 544 3225 735 3292; x_wconf 87' lang='lat' dir='ltr'>lectionibus</span> <span class='ocrx_word' id='word_1_228' title='bbox 751 3235 878 3292; x_wconf 88' lang='lat' dir='ltr'>secutus</span> <span class='ocrx_word' id='word_1_229' title='bbox 894 3247 973 3310; x_wconf 94' lang='lat' dir='ltr'>sum,</span> <span class='ocrx_word' id='word_1_230' title='bbox 990 3236 1025 3291; x_wconf 92' lang='lat' dir='ltr'>ut</span> <span class='ocrx_word' id='word_1_231' title='bbox 1042 3229 1133 3312; x_wconf 94' lang='grc'><strong>1356</strong></span> <span class='ocrx_word' id='word_1_232' title='bbox 1156 3230 1230 3313; x_wconf 80' lang='grc'>245</span> <span class='ocrx_word' id='word_1_233' title='bbox 1252 3229 1347 3314; x_wconf 91' lang='grc'><strong>2850</strong></span> <span class='ocrx_word' id='word_1_234' title='bbox 1369 3229 1463 3312; x_wconf 76' lang='grc'><strong>2952</strong></span> <span class='ocrx_word' id='word_1_235' title='bbox 1478 3228 1561 3312; x_wconf 83' lang='grc'><strong>48,6.</strong></span> 
     </span>
     <span class='ocr_line' id='line_1_26' title="bbox 209 3345 1563 3432; baseline 0.001 -23"><span class='ocrx_word' id='word_1_236' title='bbox 209 3346 258 3410; x_wconf 69' lang='lat' dir='ltr'>la</span> <span class='ocrx_word' id='word_1_237' title='bbox 274 3346 323 3410; x_wconf 91' lang='grc'>11.</span> <span class='ocrx_word' id='word_1_238' title='bbox 337 3345 387 3413; x_wconf 92' lang='grc'>23.</span> <span class='ocrx_word' id='word_1_239' title='bbox 400 3347 442 3411; x_wconf 94' lang='grc'>30</span> <span class='ocrx_word' id='word_1_240' title='bbox 463 3345 558 3430; x_wconf 86' lang='grc'><strong>4953</strong></span> <span class='ocrx_word' id='word_1_241' title='bbox 579 3346 637 3432; x_wconf 78' lang='grc' dir='ltr'>(τῷ</span> <span class='ocrx_word' id='word_1_242' title='bbox 653 3347 701 3430; x_wconf 84' lang='grc' dir='ltr'>τὸ)</span> <span class='ocrx_word' id='word_1_243' title='bbox 715 3346 810 3429; x_wconf 91' lang='grc'><strong>5155</strong></span> <span class='ocrx_word' id='word_1_244' title='bbox 826 3353 885 3412; x_wconf 88' lang='lat' dir='ltr'>otc.</span> <span class='ocrx_word' id='word_1_245' title='bbox 909 3366 989 3429; x_wconf 88' lang='grc'><strong>5555</strong></span> <span class='ocrx_word' id='word_1_246' title='bbox 1003 3348 1088 3412; x_wconf 91' lang='grc'><strong>5555</strong></span> <span class='ocrx_word' id='word_1_247' title='bbox 1104 3348 1275 3432; x_wconf 90' lang='lat' dir='ltr'>sumpserit</span> <span class='ocrx_word' id='word_1_248' title='bbox 1296 3355 1382 3413; x_wconf 87' lang='lat' dir='ltr'>tacet</span> <span class='ocrx_word' id='word_1_249' title='bbox 1395 3347 1563 3430; x_wconf 88' lang='lat' dir='ltr'>Victorius,</span> 
     </span>
     <span class='ocr_line' id='line_1_27' title="bbox 206 3464 1563 3553; baseline 0.006 -24"><span class='ocrx_word' id='word_1_250' title='bbox 206 3464 268 3529; x_wconf 86' lang='lat' dir='ltr'>nisi</span> <span class='ocrx_word' id='word_1_251' title='bbox 292 3465 377 3547; x_wconf 89' lang='lat' dir='ltr'>quod</span> <span class='ocrx_word' id='word_1_252' title='bbox 398 3465 494 3551; x_wconf 87' lang='grc'><strong>4854</strong></span> <span class='ocrx_word' id='word_1_253' title='bbox 516 3467 668 3550; x_wconf 70' lang='lat' dir='ltr'>viariam)</span> <span class='ocrx_word' id='word_1_254' title='bbox 691 3464 908 3550; x_wconf 82' lang='lat' dir='ltr'>l(ectionem?)</span> <span class='ocrx_word' id='word_1_255' title='bbox 931 3485 1003 3531; x_wconf 87' lang='lat' dir='ltr'>esse</span> <span class='ocrx_word' id='word_1_256' title='bbox 1025 3467 1150 3530; x_wconf 86' lang='lat' dir='ltr'>notavit</span> <span class='ocrx_word' id='word_1_257' title='bbox 1171 3473 1204 3532; x_wconf 92' lang='lat' dir='ltr'>et</span> <span class='ocrx_word' id='word_1_258' title='bbox 1225 3467 1326 3532; x_wconf 88' lang='lat' dir='ltr'>semel</span> <span class='ocrx_word' id='word_1_259' title='bbox 1348 3466 1470 3553; x_wconf 87' lang='grc'><strong>(2052)</strong></span> <span class='ocrx_word' id='word_1_260' title='bbox 1493 3467 1563 3537; x_wconf 79' lang='grc' dir='ltr'>ἴσως</span> 
     </span>
     <span class='ocr_line' id='line_1_28' title="bbox 206 3583 1562 3670; baseline 0.001 -21"><span class='ocrx_word' id='word_1_261' title='bbox 206 3583 393 3668; x_wconf 75' lang='lat' dir='ltr'>adscripsit,</span> <span class='ocrx_word' id='word_1_262' title='bbox 426 3605 467 3652; x_wconf 85' lang='lat' dir='ltr'>ex</span> <span class='ocrx_word' id='word_1_263' title='bbox 489 3608 553 3670; x_wconf 90' lang='lat' dir='ltr'>quo</span> <span class='ocrx_word' id='word_1_264' title='bbox 576 3594 665 3670; x_wconf 86' lang='lat' dir='ltr'>patet</span> <span class='ocrx_word' id='word_1_265' title='bbox 690 3586 774 3651; x_wconf 89' lang='lat' dir='ltr'>hauc</span> <span class='ocrx_word' id='word_1_266' title='bbox 800 3593 887 3651; x_wconf 89' lang='lat' dir='ltr'>certe</span> <span class='ocrx_word' id='word_1_267' title='bbox 914 3586 1083 3650; x_wconf 91' lang='lat' dir='ltr'>lectionem</span> <span class='ocrx_word' id='word_1_268' title='bbox 1115 3587 1318 3652; x_wconf 88' lang='lat' dir='ltr'>coniecturae</span> <span class='ocrx_word' id='word_1_269' title='bbox 1345 3586 1465 3669; x_wconf 89' lang='lat' dir='ltr'>deberi,</span> <span class='ocrx_word' id='word_1_270' title='bbox 1498 3608 1562 3652; x_wconf 93' lang='lat' dir='ltr'>nou</span> 
     </span>
     <span class='ocr_line' id='line_1_29' title="bbox 207 3700 1562 3791; baseline 0.001 -23"><span class='ocrx_word' id='word_1_271' title='bbox 207 3700 381 3768; x_wconf 89' lang='lat' dir='ltr'>codicibus.</span> <span class='ocrx_word' id='word_1_272' title='bbox 426 3704 490 3769; x_wconf 88' lang='lat' dir='ltr'>alia</span> <span class='ocrx_word' id='word_1_273' title='bbox 512 3704 634 3773; x_wconf 88' lang='lat' dir='ltr'>addere</span> <span class='ocrx_word' id='word_1_274' title='bbox 657 3725 787 3791; x_wconf 92' lang='lat' dir='ltr'>possum</span> <span class='ocrx_word' id='word_1_275' title='bbox 805 3713 862 3770; x_wconf 87' lang='lat' dir='ltr'>aut</span> <span class='ocrx_word' id='word_1_276' title='bbox 879 3705 960 3769; x_wconf 84' lang='grc'><strong>15155</strong></span> <span class='ocrx_word' id='word_1_277' title='bbox 984 3711 1040 3768; x_wconf 91' lang='lat' dir='ltr'>aut</span> <span class='ocrx_word' id='word_1_278' title='bbox 1061 3704 1216 3770; x_wconf 91' lang='lat' dir='ltr'>inutiliter</span> <span class='ocrx_word' id='word_1_279' title='bbox 1237 3714 1359 3772; x_wconf 83' lang='lat' dir='ltr'>novata</span> <span class='ocrx_word' id='word_1_280' title='bbox 1380 3708 1506 3790; x_wconf 82' lang='grc'><strong>6515.</strong></span> <span class='ocrx_word' id='word_1_281' title='bbox 1522 3706 1562 3770; x_wconf 94' lang='grc'>23</span> 
     </span>
     <span class='ocr_line' id='line_1_30' title="bbox 209 3823 1563 3910; baseline 0.003 -23"><span class='ocrx_word' id='word_1_282' title='bbox 209 3823 300 3906; x_wconf 89' lang='grc'><strong>1251</strong></span> <span class='ocrx_word' id='word_1_283' title='bbox 326 3824 420 3910; x_wconf 90' lang='grc'><strong>1355</strong></span> <span class='ocrx_word' id='word_1_284' title='bbox 444 3825 537 3908; x_wconf 91' lang='grc'><strong>1952</strong></span> <span class='ocrx_word' id='word_1_285' title='bbox 559 3826 631 3908; x_wconf 92' lang='grc'>245</span> <span class='ocrx_word' id='word_1_286' title='bbox 655 3824 728 3906; x_wconf 74' lang='grc'><strong>265)</strong></span> <span class='ocrx_word' id='word_1_287' title='bbox 745 3823 837 3907; x_wconf 89' lang='grc'><strong>2951</strong></span> <span class='ocrx_word' id='word_1_288' title='bbox 856 3825 929 3906; x_wconf 82' lang='grc'><strong>31,6</strong></span> <span class='ocrx_word' id='word_1_289' title='bbox 944 3826 1016 3907; x_wconf 89' lang='grc'>405</span> <span class='ocrx_word' id='word_1_290' title='bbox 1035 3826 1131 3904; x_wconf 88' lang='grc'><strong>4654</strong></span> <span class='ocrx_word' id='word_1_291' title='bbox 1151 3825 1247 3907; x_wconf 87' lang='grc'><strong>4855</strong></span> <span class='ocrx_word' id='word_1_292' title='bbox 1261 3826 1357 3908; x_wconf 87' lang='grc'><strong>4954</strong></span> <span class='ocrx_word' id='word_1_293' title='bbox 1369 3834 1428 3891; x_wconf 90' lang='lat' dir='ltr'>ete.</span> <span class='ocrx_word' id='word_1_294' title='bbox 1466 3834 1563 3908; x_wconf 89' lang='lat' dir='ltr'>atque</span> 
     </span>
     <span class='ocr_line' id='line_1_31' title="bbox 206 3941 1563 4028; baseline 0.001 -20"><span class='ocrx_word' id='word_1_295' title='bbox 206 3942 233 4008; x_wconf 87' lang='lat' dir='ltr'>si</span> <span class='ocrx_word' id='word_1_296' title='bbox 257 3941 329 4025; x_wconf 87' lang='lat' dir='ltr'>quis</span> <span class='ocrx_word' id='word_1_297' title='bbox 351 3962 393 4008; x_wconf 81' lang='lat' dir='ltr'>ex</span> <span class='ocrx_word' id='word_1_298' title='bbox 407 3945 504 4028; x_wconf 87' lang='grc'><strong>4854</strong></span> <span class='ocrx_word' id='word_1_299' title='bbox 518 3965 581 4027; x_wconf 89' lang='grc'>555</span> <span class='ocrx_word' id='word_1_300' title='bbox 604 3946 676 4010; x_wconf 91' lang='lat' dir='ltr'>loco</span> <span class='ocrx_word' id='word_1_301' title='bbox 698 3945 865 4027; x_wconf 88' lang='lat' dir='ltr'>praeclare</span> <span class='ocrx_word' id='word_1_302' title='bbox 888 3943 1088 4026; x_wconf 87' lang='lat' dir='ltr'>emendatur,</span> <span class='ocrx_word' id='word_1_303' title='bbox 1113 3943 1200 4025; x_wconf 90' lang='grc'><strong>5555</strong></span> <span class='ocrx_word' id='word_1_304' title='bbox 1215 3945 1247 4009; x_wconf 93' lang='lat' dir='ltr'>in</span> <span class='ocrx_word' id='word_1_305' title='bbox 1268 3946 1385 4010; x_wconf 91' lang='lat' dir='ltr'>nostris</span> <span class='ocrx_word' id='word_1_306' title='bbox 1401 3944 1563 4010; x_wconf 87' lang='lat' dir='ltr'>codicibus</span> 
     </span>
     <span class='ocr_line' id='line_1_32' title="bbox 207 4062 1563 4148; baseline 0.003 -22"><span class='ocrx_word' id='word_1_307' title='bbox 207 4067 394 4144; x_wconf 81' lang='lat' dir='ltr'>corruptum</span> <span class='ocrx_word' id='word_1_308' title='bbox 417 4068 467 4127; x_wconf 90' lang='lat' dir='ltr'>est</span> <span class='ocrx_word' id='word_1_309' title='bbox 489 4064 646 4147; x_wconf 90' lang='lat' dir='ltr'>omuibus,</span> <span class='ocrx_word' id='word_1_310' title='bbox 673 4063 864 4129; x_wconf 89' lang='lat' dir='ltr'>concludere</span> <span class='ocrx_word' id='word_1_311' title='bbox 886 4062 964 4128; x_wconf 88' lang='lat' dir='ltr'>velit</span> <span class='ocrx_word' id='word_1_312' title='bbox 986 4062 1108 4127; x_wconf 81' lang='lat' dir='ltr'>auxilia</span> <span class='ocrx_word' id='word_1_313' title='bbox 1129 4062 1270 4127; x_wconf 83' lang='lat' dir='ltr'>victorio</span> <span class='ocrx_word' id='word_1_314' title='bbox 1304 4064 1448 4148; x_wconf 88' lang='lat' dir='ltr'>patuisse</span> <span class='ocrx_word' id='word_1_315' title='bbox 1470 4065 1563 4130; x_wconf 89' lang='lat' dir='ltr'>nobis</span> 
     </span>
     <span class='ocr_line' id='line_1_33' title="bbox 207 4181 1562 4266; baseline 0.004 -20"><span class='ocrx_word' id='word_1_316' title='bbox 207 4187 338 4265; x_wconf 78' lang='lat' dir='ltr'>negate,</span> <span class='ocrx_word' id='word_1_317' title='bbox 361 4201 413 4247; x_wconf 87' lang='lat' dir='ltr'>mc</span> <span class='ocrx_word' id='word_1_318' title='bbox 435 4202 499 4247; x_wconf 93' lang='lat' dir='ltr'>non</span> <span class='ocrx_word' id='word_1_319' title='bbox 522 4181 655 4249; x_wconf 88' lang='lat' dir='ltr'>habebit</span> <span class='ocrx_word' id='word_1_320' title='bbox 670 4182 931 4266; x_wconf 86' lang='lat' dir='ltr'>adstipulantem.</span> <span class='ocrx_word' id='word_1_321' title='bbox 976 4189 1068 4246; x_wconf 89' lang='lat' dir='ltr'>tauta</span> <span class='ocrx_word' id='word_1_322' title='bbox 1083 4181 1167 4247; x_wconf 91' lang='lat' dir='ltr'>enim</span> <span class='ocrx_word' id='word_1_323' title='bbox 1191 4189 1240 4249; x_wconf 92' lang='lat' dir='ltr'>est</span> <span class='ocrx_word' id='word_1_324' title='bbox 1256 4182 1368 4248; x_wconf 89' lang='lat' dir='ltr'>harum</span> <span class='ocrx_word' id='word_1_325' title='bbox 1391 4185 1562 4251; x_wconf 89' lang='lat' dir='ltr'>lectionum</span> 
     </span>
     <span class='ocr_line' id='line_1_34' title="bbox 206 4301 1562 4389; baseline 0.001 -21"><span class='ocrx_word' id='word_1_326' title='bbox 206 4321 278 4368; x_wconf 87' lang='lat' dir='ltr'>cum</span> <span class='ocrx_word' id='word_1_327' title='bbox 302 4302 427 4367; x_wconf 90' lang='lat' dir='ltr'>Veneto</span> <span class='ocrx_word' id='word_1_328' title='bbox 455 4303 514 4368; x_wconf 88' lang='grc'>261</span> <span class='ocrx_word' id='word_1_329' title='bbox 546 4302 694 4385; x_wconf 86' lang='lat' dir='ltr'>coguatio</span> <span class='ocrx_word' id='word_1_330' title='bbox 722 4301 777 4382; x_wconf 87' lang='lat' dir='ltr'>(cf.</span> <span class='ocrx_word' id='word_1_331' title='bbox 807 4303 1113 4385; x_wconf 78' lang='lat'>10,‘2511,512,15</span> <span class='ocrx_word' id='word_1_332' title='bbox 1141 4303 1242 4385; x_wconf 88' lang='grc'><strong>1551.</strong></span> <span class='ocrx_word' id='word_1_333' title='bbox 1255 4304 1296 4368; x_wconf 90' lang='grc'>22</span> <span class='ocrx_word' id='word_1_334' title='bbox 1326 4304 1406 4385; x_wconf 79' lang='grc'><strong>185.</strong></span> <span class='ocrx_word' id='word_1_335' title='bbox 1421 4304 1462 4369; x_wconf 95' lang='grc'>29</span> <span class='ocrx_word' id='word_1_336' title='bbox 1489 4306 1562 4389; x_wconf 79' lang='grc'>225</span> 
     </span>
     <span class='ocr_line' id='line_1_35' title="bbox 206 4421 1562 4509; baseline 0.001 -23"><span class='ocrx_word' id='word_1_337' title='bbox 206 4421 303 4503; x_wconf 83' lang='grc'><strong>2355</strong></span> <span class='ocrx_word' id='word_1_338' title='bbox 325 4421 479 4502; x_wconf 79' lang='grc'><strong>215415</strong></span> <span class='ocrx_word' id='word_1_339' title='bbox 502 4422 596 4506; x_wconf 86' lang='grc'><strong>2853</strong></span> <span class='ocrx_word' id='word_1_340' title='bbox 620 4424 693 4506; x_wconf 62' lang='grc'><strong>3158</strong></span> <span class='ocrx_word' id='word_1_341' title='bbox 715 4423 811 4509; x_wconf 83' lang='grc'><strong>4054</strong></span> <span class='ocrx_word' id='word_1_342' title='bbox 833 4421 917 4505; x_wconf 79' lang='lat' dir='ltr'>etc),</span> <span class='ocrx_word' id='word_1_343' title='bbox 942 4428 976 4485; x_wconf 86' lang='lat' dir='ltr'>ut</span> <span class='ocrx_word' id='word_1_344' title='bbox 998 4422 1059 4486; x_wconf 89' lang='lat' dir='ltr'>hoc</span> <span class='ocrx_word' id='word_1_345' title='bbox 1081 4422 1162 4486; x_wconf 87' lang='lat' dir='ltr'>libro</span> <span class='ocrx_word' id='word_1_346' title='bbox 1185 4423 1253 4487; x_wconf 85' lang='lat' dir='ltr'>sive</span> <span class='ocrx_word' id='word_1_347' title='bbox 1276 4422 1369 4486; x_wconf 90' lang='lat' dir='ltr'>huius</span> <span class='ocrx_word' id='word_1_348' title='bbox 1392 4422 1485 4487; x_wconf 90' lang='lat' dir='ltr'>simili</span> <span class='ocrx_word' id='word_1_349' title='bbox 1508 4425 1562 4487; x_wconf 90' lang='lat' dir='ltr'>im·</span> 
     </span>
     <span class='ocr_line' id='line_1_36' title="bbox 206 4540 1562 4625; baseline 0 -19"><span class='ocrx_word' id='word_1_350' title='bbox 206 4540 318 4625; x_wconf 85' lang='lat' dir='ltr'>primis</span> <span class='ocrx_word' id='word_1_351' title='bbox 341 4560 432 4605; x_wconf 90' lang='lat' dir='ltr'>usum</span> <span class='ocrx_word' id='word_1_352' title='bbox 456 4560 527 4606; x_wconf 89' lang='lat' dir='ltr'>osse</span> <span class='ocrx_word' id='word_1_353' title='bbox 540 4541 714 4606; x_wconf 86' lang='lat' dir='ltr'>Victoriam</span> <span class='ocrx_word' id='word_1_354' title='bbox 738 4540 998 4624; x_wconf 85' lang='lat' dir='ltr'>existimaverim,</span> <span class='ocrx_word' id='word_1_355' title='bbox 1022 4550 1191 4624; x_wconf 88' lang='lat' dir='ltr'>praeterea</span> <span class='ocrx_word' id='word_1_356' title='bbox 1213 4551 1320 4607; x_wconf 90' lang='lat' dir='ltr'>autem</span> <span class='ocrx_word' id='word_1_357' title='bbox 1344 4550 1376 4607; x_wconf 90' lang='lat' dir='ltr'>et</span> <span class='ocrx_word' id='word_1_358' title='bbox 1399 4542 1465 4607; x_wconf 89' lang='lat' dir='ltr'>suis</span> <span class='ocrx_word' id='word_1_359' title='bbox 1487 4544 1562 4607; x_wconf 92' lang='lat' dir='ltr'>alio-</span> 
     </span>
     <span class='ocr_line' id='line_1_37' title="bbox 205 4658 1560 4746; baseline 0.001 -21"><span class='ocrx_word' id='word_1_360' title='bbox 205 4680 340 4744; x_wconf 86' lang='lat' dir='ltr'>rumque</span> <span class='ocrx_word' id='word_1_361' title='bbox 363 4659 502 4725; x_wconf 86' lang='lat' dir='ltr'>inventis</span> <span class='ocrx_word' id='word_1_362' title='bbox 525 4667 557 4726; x_wconf 93' lang='lat' dir='ltr'>et</span> <span class='ocrx_word' id='word_1_363' title='bbox 580 4660 696 4725; x_wconf 81' lang='lat' dir='ltr'>Aldiuo</span> <span class='ocrx_word' id='word_1_364' title='bbox 720 4659 858 4724; x_wconf 85' lang='lat' dir='ltr'>fortasse</span> <span class='ocrx_word' id='word_1_365' title='bbox 880 4658 1053 4725; x_wconf 85' lang='lat' dir='ltr'>Aristotele</span> <span class='ocrx_word' id='word_1_366' title='bbox 1076 4661 1127 4743; x_wconf 87' lang='lat' dir='ltr'>(cf.</span> <span class='ocrx_word' id='word_1_367' title='bbox 1147 4664 1219 4746; x_wconf 75' lang='grc'>115</span> <span class='ocrx_word' id='word_1_368' title='bbox 1243 4664 1337 4746; x_wconf 88' lang='grc'><strong>8153</strong></span> <span class='ocrx_word' id='word_1_369' title='bbox 1361 4662 1483 4744; x_wconf 77' lang='grc'><strong>15650.</strong></span> <span class='ocrx_word' id='word_1_370' title='bbox 1498 4663 1560 4742; x_wconf 89' lang='grc'><strong>33).</strong></span> 
     </span>
    </p>
   </div>
   <div class='ocr_carea' id='block_1_3' title="bbox 280 4913 1357 4987">
    <p class='ocr_par' dir='ltr' id='par_1_5' title="bbox 280 4913 1357 4987">
     <span class='ocr_line' id='line_1_38' title="bbox 280 4913 1357 4987; baseline 0.002 -19"><span class='ocrx_word' id='word_1_371' title='bbox 280 4917 302 4981; x_wconf 92' lang='lat'>¹)</span> <span class='ocrx_word' id='word_1_372' title='bbox 320 4931 355 4968; x_wconf 78' lang='lat' dir='ltr'>an</span> <span class='ocrx_word' id='word_1_373' title='bbox 376 4913 459 4969; x_wconf 80' lang='grc'><strong>15161</strong></span> <span class='ocrx_word' id='word_1_374' title='bbox 496 4913 618 4968; x_wconf 85' lang='lat' dir='ltr'>Neutrum</span> <span class='ocrx_word' id='word_1_375' title='bbox 637 4915 778 4969; x_wconf 88' lang='lat' dir='ltr'>editionem</span> <span class='ocrx_word' id='word_1_376' title='bbox 797 4916 859 4982; x_wconf 82' lang='lat' dir='ltr'>ridi,</span> <span class='ocrx_word' id='word_1_377' title='bbox 881 4916 913 4970; x_wconf 84' lang='lat' dir='ltr'>ct.</span> <span class='ocrx_word' id='word_1_378' title='bbox 933 4916 1072 4970; x_wconf 88' lang='lat' dir='ltr'>llotlmann</span> <span class='ocrx_word' id='word_1_379' title='bbox 1091 4917 1153 4970; x_wconf 83' lang='lat' dir='ltr'>Lex.</span> <span class='ocrx_word' id='word_1_380' title='bbox 1174 4918 1235 4971; x_wconf 89' lang='lat' dir='ltr'>bibl.</span> <span class='ocrx_word' id='word_1_381' title='bbox 1257 4935 1282 4987; x_wconf 90' lang='lat' dir='ltr'>p.</span> <span class='ocrx_word' id='word_1_382' title='bbox 1301 4919 1357 4970; x_wconf 87' lang='grc'><strong>111.</strong></span> 
     </span>
    </p>
   </div>
   <div class='ocr_carea' id='block_1_4' title="bbox 0 0 1777 5610">
    <p class='ocr_par' dir='ltr' id='par_1_6' title="bbox 0 0 1777 5610">
     <span class='ocr_line' id='line_1_39' title="bbox 0 0 1777 5610; baseline 0 0"><span class='ocrx_word' id='word_1_383' title='bbox 0 0 1777 5610; x_wconf 95' lang='lat' dir='ltr'> </span> 
     </span>
    </p>
   </div>
  </div>
 </body>
</html>
