3540 5610
203 326 265 391 100
680 323 882 376 Αιικιυυιιι
903 323 946 375 ιιιι
965 322 1075 376 Αυιιιι

255 497 291 560 τὰ
313 497 365 581 μέν
388 498 449 561 ἐστι
471 499 553 577 κενά,
582 496 638 560 δσα
659 496 692 559 δὲ
714 493 816 580 ἔχεταί
834 519 908 565 τινος
930 495 1135 579 πιθανότητος,
1161 494 1271 564 τούτοις
1294 495 1312 577 ἡ
1337 494 1503 577 συμπάθεια

257 605 313 663 τῶν
343 601 374 663 ἐν
396 604 441 685 τῷ
467 604 518 663 τοῦ
547 596 624 683 ζῴου
652 601 766 681 σώματι
793 598 900 682 μορίων
926 599 1003 662 αἰτία
1029 603 1081 680 τῆς
1104 598 1223 681 πλάνης.
1267 599 1360 660 πάντα
1385 596 1440 681 γὰρ
1467 596 1503 658 τὰ

256 701 342 787 μδρια
364 703 501 786 ἀλλήλοις
527 701 603 765 ἐστὶν
626 701 656 764 ἐν
678 706 722 786 τῷ
751 703 864 782 σώματι
892 701 1048 784 συμπαθῆ,
1075 699 1156 783 εἴπερ
1184 704 1240 763 πᾶν
1264 698 1381 783 ὄργανον
1404 702 1502 768 καλῶς

255 805 449 888 ἡρμοσμένον.
499 804 546 868 διὰ
572 804 627 889 γὰρ
654 805 706 887 τὴν
733 804 868 886 τοιαύτην
897 803 1080 886 συμπάθειαν
1110 802 1333 888 ψηλαφωμένων
1360 801 1391 864 τέ
1419 823 1503 865 τινων

227 908 320 990 οπερὶ
343 909 391 970 τὸν
419 907 578 991 ἐγκέφαλον
606 907 714 987 γίνεταί
739 929 800 969 τινα
822 907 886 989 περὶ
908 907 957 968 τδν
979 894 1133 988 ἄνθρωπον
1162 906 1244 988 πάθη
1272 914 1320 967 καὶ
1342 904 1503 968 νοσούντων
1518 920 1545 962 ιε

257 1011 309 1091 μὲν
333 1015 390 1072 τῶν
412 1011 477 1094 περὶ
500 1010 553 1092 τὴν
568 1008 697 1093 κεφαλὴν
720 1006 939 1092 παραφροσύναι
959 1008 1091 1089 γίνονται,
1114 1007 1355 1092 θεραπευομένων
1381 1009 1413 1071 δὲ
1433 1009 1503 1071 ἀπο-

257 1113 458 1186 καταστάσεις,
482 1113 581 1195 ὥσπερ
603 1113 652 1174 καὶ
668 1110 764 1174 ἄλλων
781 1111 889 1194 μορίων
905 1110 1147 1195 θεραπευομένων
1170 1109 1244 1174 ἄλλα
1260 1110 1404 1192 ὑγιάζεται
1419 1110 1502 1174 οὐδὲν

257 1215 376 1285 ἐκείνοις
398 1212 523 1277 ἐοικότα.
560 1211 620 1276 ἀλλ’
641 1212 709 1276 οὐδὲ
732 1213 761 1276 αἱ
783 1217 841 1275 τῶν
865 1213 972 1296 μορίων
988 1213 1163 1298 ἀφαιρέσεις,
1186 1213 1221 1281 ἃς
1242 1213 1290 1276 ἐπί
1311 1236 1394 1275 τινων
1417 1210 1502 1297 ζῴων

257 1321 414 1391 ποιοῦνται,
437 1317 573 1380 δεικτικαλ
595 1320 646 1379 τοῦ
661 1313 860 1400 προκειμένου.
898 1316 989 1378 κοιναὶ
1011 1317 1064 1399 γάρ
1087 1316 1156 1379 εἰσιν
1180 1317 1251 1400 πρὸς
1266 1314 1426 1401 ἀμφότερα.
1463 1318 1503 1384 ὡς

219 1435 245 1480 10
257 1419 311 1503 γὰρ
335 1421 452 1504 καρδίας
467 1419 660 1504 ἐξαιρεθείσης
676 1415 738 1480 ἔνια
753 1420 817 1501 ζῷα
831 1415 958 1498 διαμένει
973 1421 1067 1489 ζῶντα
1082 1420 1173 1482 πλείω
1189 1418 1304 1504 χρόνον,
1327 1421 1367 1487 ὡς
1384 1421 1501 1503 χελώνη

256 1525 304 1587 καὶ
327 1514 507 1612 χαμαιλέων,
530 1521 622 1590 οδτως
643 1520 692 1584 καὶ
714 1521 843 1604 κεφαλῆς
865 1519 1071 1604 ἀφαιρεθείσης
1093 1527 1177 1585 τινῶν
1200 1521 1287 1607 ζῴων
1309 1521 1357 1584 ἐπὶ
1372 1519 1447 1583 πολὶι
1470 1520 1502 1581 τδ
1516 1535 1544 1577 ιιυ

258 1627 358 1689 λοιπδν
381 1630 469 1708 σῶμα
491 1629 538 1707 ζῇ.
577 1624 714 1692 πολλάκις
736 1622 769 1685 δὲ
791 1623 838 1685 καί
854 1622 990 1706 ἑκάτερον
1012 1624 1108 1687 αὐτῶν
1125 1624 1204 1708 μένει
1226 1622 1276 1691 τὰς
1299 1623 1406 1692 οἰκείας
1428 1624 1502 1707 ἐνερ

257 1728 334 1810 γείας
356 1729 498 1812 ἐνεργοῦν.
532 1727 565 1790 τδ
589 1726 641 1810 μὲν
663 1723 713 1788 οῦν
733 1725 904 1808 ἡγεμονικὸν
925 1730 978 1808 τῆς
997 1731 1104 1810 ψυχῆς,
1127 1730 1168 1796 ὡς
1188 1725 1339 1797 δέδεικται,
1363 1727 1427 1809 περὶ
1449 1726 1501 1809 τὴν

255 1831 373 1914 καρδίαν
397 1830 577 1914 καθίδρυται,
599 1831 631 1892 τδ
655 1829 687 1892 δὲ
710 1829 879 1912 ὑπηρετικὸν
909 1828 957 1890 καί
979 1828 1020 1896 είς
1042 1827 1078 1889 τὰ
1099 1827 1174 1891 άλλα
1195 1833 1246 1891 τοῦ
1269 1830 1405 1910 σώματος
1429 1828 1502 1912 μέρη

217 1948 244 1993 15
256 1927 410 1997 διατείνει.”
443 1932 476 1995 τῦ
500 1956 532 1995 τε
560 1931 615 2017 γὰρ
637 1931 805 2016 αἰσθητικὸν
827 1931 869 2000 είς
890 1934 985 1994 πᾶσαν
1007 1931 1059 2013 τὴν
1082 1933 1189 2014 σάρκα,
1220 1932 1295 1995 άλλδι
1322 1933 1424 1994 καὶτὸ
1451 1937 1504 2015 τῆς
1517 1948 1544 1990 ιο

151 2108 155 2118 ⁸
256 2038 398 2121 κινήσεως
421 2037 580 2117 διακονικὸν
602 2033 645 2103 είς
666 2058 697 2097 τε
719 2038 804 2116 νεῦρα
831 2034 878 2095 καί
901 2032 967 2101 τοδς
991 2037 1056 2116 μῦς,
1086 2034 1121 2097 δι’
1150 2036 1190 2097 ὧν
1214 2034 1289 2104 δλως
1312 2040 1370 2099 τῶν
1394 2037 1503 2120 μορίων

257 2141 277 2223 ἡ
300 2139 409 2223 κίνησίς
430 2121 531 2202 τεκαὶ
555 2138 710 2221 μετάβασις
731 2141 791 2205 τοῖς
814 2134 911 2220 ζῴοις,
933 2136 1046 2216 γίνεται.
1195 2201 1210 2225 ·
1516 2155 1543 2197 ιο

202 2295 556 2305 -——-.-—---·-—-—.--...
577 2295 581 2300 .
593 2295 598 2300 .

202 2383 271 2437 3-4
298 2379 577 2450 εἴπερ-ἡρμοσμένον]
600 2378 669 2432 deun
691 2380 740 2432 alle
759 2378 864 2432 Glieder
886 2378 931 2432 des
949 2379 1041 2432 Leibes
1065 2379 1124 2431 sind
1148 2380 1320 2433 miteinandor
1337 2382 1501 2446 verbunden,
1524 2383 1557 2435 da

202 2471 247 2524 der
265 2470 328 2523 Leib
346 2471 375 2521 in
393 2468 437 2520 der
455 2469 546 2520 besten
565 2467 729 2533 Anordnung
751 2468 892 2519 construirt
908 2468 945 2519 ist
1066 2468 1136 2520 4-5
1163 2466 1556 2540 ψηλαφωμίνων-ὲγκέφιλον]

201 2574 277 2611 νιυιιιι
295 2558 379 2624 Dinge
398 2556 444 2608 das
463 2556 559 2608 Gehim
579 2553 726 2621 bedringen
745 2554 806 2621 (in's
825 2555 923 2607 Gohirn
942 2555 1069 2622 gedrae'tngt
1087 2554 1218 2620 wer‹len?)
1309 2555 1377 2607 ιἰ-δ
1397 2557 1440 2608 καὶ
1458 2555 1557 2608 νοσοῦν·

200 2642 421 2712 των-κεφαλὴν]
441 2643 527 2696 Wenn
546 2641 644 2695 Stellen
663 2640 791 2708 (Eeken?)
810 2642 855 2694 des
874 2641 1013 2694 Herzens
1032 2642 1174 2694 erkranken
1293 2645 1307 2695 θ
1336 2642 1556 2713 θεραπευομένων]

200 2733 255 2785 und
273 2748 348 2785 wenn
367 2748 394 2784 es
413 2728 471 2799 [das
489 2729 583 2798 Ηεικί]
603 2729 704 2798 gesund
723 2729 784 2781 wird
894 2729 924 2780 12
941 2728 1027 2781 λοιπὸν
1046 2745 1096 2781 om.
1209 2730 1309 2781 12-13
1328 2730 1556 2802 πολλάκις-ἐντρ-

200 2819 272 2891 γοῦν]
296 2819 439 2872 manchmal
459 2818 520 2869 vird
537 2817 611 2886 jedes
628 2832 680 2869 von
699 2818 791 2870 beiden
811 2817 924 2869 οιιιίειιιι
946 2817 999 2869 und
1018 2833 1045 2869 es
1064 2818 1167 2870 bleiben
1187 2819 1257 2871 seine
1277 2818 1446 2885 specifischen
1465 2820 1556 2888 Tatig-

200 2908 290 2961 keiton
307 2908 336 2959 in
353 2907 432 2958 ihrem
451 2904 584 2957 Zustande
693 2905 723 2957 14
752 2904 794 2955 καὶ
811 2920 861 2956 om.
970 2903 1001 2955 15
1029 2901 1091 2956 ἀλλὰ
1110 2920 1159 2956 om.
1269 2906 1299 2957 16
1326 2905 1360 2965 εἷς
1377 2906 1556 2976 τε-μορίων]

201 2996 235 3048 im
256 2994 347 3048 (δείδιε
366 2991 455 3057 (Nerv)
473 2991 527 3042 und
547 2991 581 3042 im
601 2991 699 3044 Muskel
718 2991 771 3043 und
791 2991 934 3058 fiberhaupt
953 2993 980 3044 in
1000 2991 1049 3044 den
1069 2992 1199 3058 Gliedem,
1218 2994 1245 3044 in
1265 2994 1377 3046 walchen

204 3220 216 3271 1
244 3216 316 3286 κενά]
336 3233 416 3286 ευριπ
432 3236 476 3270 κεν
495 3219 534 3270 lit.
544 3219 566 3268 V
673 3217 688 3268 2
716 3214 816 3286 αἰτίαμα
922 3216 938 3268 3
966 3215 1121 3287 συμποδηε
1224 3216 1291 3290 είπιρ
1310 3235 1338 3270 a:
1357 3218 1462 3292 θπὲρν

202 3304 360 3374 ’ίθηιάζεται
379 3322 406 3357 a:
425 3305 601 3374 ίιγειάζιταιλί
702 3302 849 3373 θέοικότα]
869 3303 915 3356 ότα
932 3305 959 3356 in
978 3303 1050 3357 lit.v
1150 3306 1314 3377 ἀφηρέσειςε
1422 3308 1450 3359 11
1471 3325 1552 3379 χαμε-

201 3391 307 3445 λίωνλί
415 3391 549 3445 ἐπιτολὺε
659 3392 688 3444 15
707 3391 850 3461 διατηνειε
956 3409 983 3444 τυ
1001 3392 1087 3461 τῆςλί
1197 3393 1226 3444 17
1246 3391 1318 3464 ζῴοις
1337 3395 1364 3446 in
1383 3394 1456 3446 lit.V
