3540 5610
502 309 584 368 ΠΕΡΙ
601 309 763 368 ΚΡΑΣΕΩΣ
781 309 842 367 iiiii
861 309 1037 368 ΑΥΞΗΣΕΩΣ
1056 314 1143 367 8-10
1438 313 1501 379 22³

194 485 262 550 οὐδὲ
284 491 345 557 τοῖς
367 486 470 555 ξύλοις.
515 483 591 554 θλως
612 484 668 568 γὰρ
690 483 799 548 άτοπον
833 488 885 568 τήν
908 484 979 567 ὕλην
1001 489 1045 571 τῷ
1068 483 1139 548 εἴδει
1167 484 1323 569 μίγνυσθαι
1344 484 1445 567 λέγειν.

194 587 248 672 θλη
273 589 306 652 δὲ
327 588 417 672 πυρδς
438 586 475 650 τὰ
497 585 640 668 καιόμενά
662 609 694 649 τε
716 588 764 649 καί
787 587 984 671 πεπυρωμένα
1006 588 1109 664 πάντα,
1132 586 1192 649 ἀλλ’
1220 589 1240 670 ή
1264 588 1316 669 μέν
1331 586 1446 671 ἄφθαρ-

193 713 252 767 τος,
274 693 294 774 ή
318 689 344 754 δ’
372 687 416 751 οὔ.
461 689 577 752 διὸκαὶ
601 688 689 773 μέχρι
712 690 823 750 πολλοῦ
846 688 1024 772 σβεννύμενα
1045 713 1107 752 τινα
1140 689 1227 752 ταότδ
1251 688 1326 759 εἶδος
1350 693 1392 773 τῷ
1417 687 1488 756 &iffi

193 793 290 878 ἀρχῆς
323 791 439 857 δύναται
470 793 634 874 φυλάττειν,
667 790 702 853 οἰκ
726 791 784 873 μὴν
808 791 938 873 ἀμείωτα
961 791 1070 872 πάντη·
1104 792 1153 854 καί
1179 791 1234 875 γὰρ
1257 790 1367 853 τούτων
1390 791 1446 854 ὑπὸ

158 898 244 962 στυῦ
266 895 356 978 πυρδς
378 892 563 956 ἀναλίσκεταί
584 916 611 956 τι
633 894 681 956 καί
703 892 862 975 φθείρεται.
900 893 945 955 διδ
968 894 1014 955 καὶ
1038 896 1129 955 ταῦτα
1151 894 1320 977 χρονίζοντα
1342 892 1372 955 ἐν
1395 891 1446 955 αὐ-

147 1014 173 1066 x
192 1002 236 1083 τῷ
258 996 347 1060 πλέον
380 994 543 1059 ἀπόλλυταί
573 1018 605 1058 τε
627 994 675 1057 καί
697 998 749 1056 τοῦ
782 993 890 1055 οἰκείου
924 990 1019 1062 εἰδυυς
1052 993 1203 1061 ἐξίσταται.
1249 993 1318 1063 Πῶς
1340 993 1366 1057 δ’
1393 994 1448 1056 οὐκ

192 1099 300 1164 ἄτοπον
324 1100 372 1162 καί
394 1098 427 1160 τδ
450 1097 544 1179 λέγειν
577 1097 711 1180 ήνῶσθαι
734 1097 786 1178 τήν
809 1090 974 1176 σύμπασαν
997 1096 1096 1160 οὐσίαν
1119 1096 1281 1180 πνεύματός
1302 1120 1377 1166 τινος
1400 1097 1489 1159 διάει

191 1203 289 1285 πάσης
310 1201 401 1284 αὐτῆς
423 1201 583 1282 διήκοντος,
607 1196 656 1282 ὑφ’
684 1197 719 1262 οὔ
743 1197 902 1282 συνέχεταί
920 1220 952 1260 τε
967 1200 1014 1261 καὶ
1031 1198 1170 1282 συμμένει
1191 1201 1223 1261 τὸ
1239 1203 1296 1261 πᾶν
1312 1201 1359 1261 καὶ
1376 1219 1446 1282 συμ-

191 1301 285 1373 παθές
316 1303 392 1367 ἐστιν
426 1303 527 1387 αὑτῷ;
560 1303 614 1386 τὴν
637 1301 690 1383 γάρ
713 1301 892 1382 κυριωτάτην
915 1300 1008 1362 αἰτίαν
1031 1305 1082 1384 τῆς
1109 1305 1160 1363 τοῦ
1182 1302 1288 1369 παντδς
1311 1301 1445 1367 ένώσεως

141 1424 173 1471 ιο
190 1403 244 1467 οἰνκ
265 1404 375 1474 εἰδότες
405 1405 495 1488 (αὕτη
518 1401 544 1468 δ’
573 1404 649 1467 ἐστίν
672 1404 691 1485 ή
716 1400 789 1485 τοῦί
813 1402 895 1465 θείου
919 1424 949 1464 τε
972 1404 1020 1465 καὶ
1036 1406 1283 1487 κυκλοφορητικοῦ
1305 1404 1353 1466 καί
1376 1402 1418 1464 αἰ·
1443 1405 1499 1461 604

192 1507 292 1591 θερίου
314 1509 451 1590 σώματος
473 1507 569 1590 φύσις,
591 1506 654 1588 ήτις
677 1504 857 1588 περιέχουσα
878 1508 974 1566 πᾶσαν
997 1506 1051 1587 τήν
1074 1503 1175 1567 ένυλόν
1197 1528 1229 1568 τε
1244 1505 1292 1568 καί
1309 1504 1446 1587 παθητὴν

190 1609 239 1671 καί
263 1608 447 1692 μεταβλητήν
470 1606 572 1671 οὐσίαν
593 1611 631 1689 πή
655 1610 776 1690 συνεχεῖ
795 1629 826 1669 τε
849 1607 896 1668 καὶ
920 1607 1050 1689 διηνεκεῖ
1069 1608 1183 1690 κινήσει
1205 1608 1253 1670 καί
1268 1606 1375 1669 ἄλλοτε
1397 1606 1446 1668 άλ-

190 1709 255 1792 λοίφ
288 1709 390 1794 σχέσει
419 1711 492 1794 πρδς
519 1707 593 1772 αὐτὰ
620 1706 671 1776 τιλς
694 1707 735 1774 εἰς
761 1705 876 1792 ἄλληλα
907 1711 964 1769 τῶν
994 1708 1024 1770 έν
1051 1710 1160 1789 γενέσει
1191 1712 1337 1793 σωμάτων
1361 1730 1446 1791 μετα-

190 1811 279 1894 βολὰς
301 1811 331 1874 έν
353 1811 502 1895 ὡρισμένη
524 1809 602 1879 τάξει
626 1809 785 1891 ποιουμένη
820 1809 935 1893 συνέχει
969 1811 1017 1872 καί
1051 1813 1140 1881 σώζει
1167 1813 1199 1873 τδ
1222 1810 1303 1892 πᾶν),
1340 1811 1446 1893 ταύτην
1474 1827 1488 1869 ο

141 1932 170 1980 15
191 1911 259 1997 μήτ’
288 1914 395 1982 ἰδόντες
418 1914 541 1988 ἑαυτοῖς,
576 1914 651 1995 μήτε
673 1915 732 1979 τοῖς
755 1911 861 1973 ἰδοῦσιν
895 1911 1096 1995 ἀκολουθήσοι
1127 1913 1310 1994 δυνηθέντες,
1344 1912 1446 1974 διὰτὸ

191 2016 246 2078 ὑπδ
270 2019 386 2079 πολλῶν
408 2038 493 2079 τινων
516 2013 607 2083 δοξῶν
630 2012 827 2097 προειλῆφθαι
850 2014 969 2095 δεσμοῖς
991 2035 1047 2077 τισι
1070 2016 1118 2077 καί
1143 2016 1254 2083 δλικαῖς
1276 2016 1378 2083 αἰτίαις
1399 2015 1449 2078 καί

189 2141 243 2180 τινι
266 2117 405 2200 πνεύματι
425 2117 473 2181 διδ
488 2118 584 2200 πάσης
600 2120 652 2198 τῆς
674 2114 772 2183 οὐσίας
795 2115 923 2197 διήκοντι
947 2116 1130 2179 ἀνατιθέασιν
1146 2118 1235 2180 αὐτοῦ
1258 2118 1311 2201 τὴν
1333 2117 1446 2179 ἕνωσιν.

188 2220 251 2302 ήτις
273 2217 353 2296 δόξα,
388 2221 461 2305 πρδς
483 2223 526 2304 τῷ
550 2217 715 2302 κεχρῆσθαι
737 2222 780 2301 τῷ
804 2220 905 2300 ψευδεῖ
938 2219 1026 2299 σῶμά
1048 2241 1074 2280 τι
1096 2218 1142 2280 διὰ
1167 2222 1303 2301 σώματος
1325 2221 1445 2303 διήκειν,
1460 2241 1488 2282 ιο

188 2320 235 2384 καί
258 2320 305 2384 διδ
327 2325 385 2383 τῶν
408 2319 516 2395 ἄλλων,
542 2320 586 2383 ὅτι
608 2320 669 2383 ἐστὶ
685 2320 806 2403 ψευδής,
828 2319 887 2403 ήδη
903 2318 1068 2404 ἐλέγχεται·
1093 2327 1227 2405 φανερῶς
1240 2322 1295 2406 γὰρ
1310 2319 1372 2384 ἔνια
1387 2327 1445 2384 τῶν

136 2442 171 2490 20
190 2411 335 2504 σωμάτων
369 2422 427 2507 οὐχ
460 2422 509 2486 οἶά
542 2445 574 2486 τε
607 2422 735 2505 ἐνεργείᾳ
757 2444 784 2483 τι
807 2420 838 2483 δν
862 2419 941 2505 ἔχειν
965 2425 1077 2503 πνεῦμα
1111 2422 1142 2484 έν
1165 2423 1276 2492 αὐτοῖς·
1311 2426 1344 2487 τδ
1377 2428 1445 2506 γοῦν

190 2525 269 2608 ὕδωρ
290 2529 427 2589 τοσοῦτον
450 2525 558 2588 ἀποδεῖ
588 2528 638 2587 τοῦ
662 2521 742 2607 ἔχειν
765 2523 812 2585 διὰ
835 2525 941 2592 παντὸς
963 2522 1052 2587 αἰτοῦ
1076 2524 1250 2607 μεμιγμένον
1273 2529 1388 2609 πνεῦμά
1410 2549 1446 2604 τι,

190 2630 231 2696 ῶς
253 2624 322 2710 μηδ’
350 2624 385 2689 ἂν
417 2627 452 2688 τδ
475 2627 565 2710 τυχδν
588 2625 618 2688 ἐν
641 2624 723 2708 αὐτῷ
746 2624 864 2707 γένηταί
890 2648 971 2699 ποτε,
1005 2625 1024 2708 ἦ
1059 2627 1264 2709 ἀποπνιγέντος
1298 2627 1328 2690 έν
1362 2625 1443 2710 αὐτῷ
1460 2642 1487 2685 ιε

189 2726 269 2814 ζῴου
290 2729 366 2795 τινδς
386 2733 445 2791 τῶν
479 2727 713 2790 ἀναπνευστικῶν
737 2729 756 2811 ή
790 2730 838 2790 καί
870 2726 907 2790 δι’
934 2727 1025 2809 ἄλλην
1059 2728 1151 2791 αἰτίαν
1185 2731 1247 2792 τινὰ
1281 2728 1446 2813 γενομένου,

190 2828 258 2914 μηδ’
286 2828 333 2892 ἐπ’
363 2830 458 2912 ὀλίγον
481 2829 511 2891 έν
534 2829 615 2914 αἰετῷ
650 2829 789 2893 δύνασθαι
824 2829 930 2912 μένειν,
964 2831 1038 2892 ἀλλὰ
1066 2837 1248 2916 παραχρῆμα
1283 2834 1356 2913 μετὰ
1383 2831 1445 2916 βίας

135 2952 170 3001 σε
189 2930 390 3016 άναφέρεσθαί
412 2955 444 2994 τε
466 2932 515 2994 καί
537 2931 730 3015 ἐκκρίνεσθαι,
753 2931 806 2995 κᾶν
829 2932 859 2993 ἐν
883 2931 967 3016 βυθῷ
989 2933 1143 3016 γενόμενον
1167 2935 1254 3019 τύχη.
1292 2935 1396 2998 τούτου
1412 2932 1441 2997 δ’

189 3034 282 3103 οὕτως
303 3033 433 3119 ἔχοντος,
456 3038 519 3101 πῶς
536 3031 570 3096 ἂν
592 3031 635 3096 ἔτι
657 3034 768 3116 ἀληθὲς
790 3032 838 3117 εἴη
860 3035 893 3095 τδ
916 3038 973 3095 πᾶν
996 3035 1132 3116 ήκῶσθαί
1144 3059 1176 3098 τε
1192 3039 1239 3100 καὶ
1256 3037 1442 3121 συνέχεσθαι,
1457 3053 1486 3094 ιο

188 3136 352 3221 πνεύματός
383 3159 458 3204 τινος
480 3136 526 3199 διὰ
548 3137 654 3205 παντδς
688 3138 837 3220 διήκοντος
859 3135 965 3215 αἰτοῦ;
999 3134 1098 3199 ἔπειτα
1122 3136 1148 3199 δ’
1176 3138 1295 3221 εὔλογον
1319 3141 1371 3222 μὲν
1395 3139 1441 3223 ήν,

188 3240 291 3302 ὁποίαν
314 3241 366 3321 τήν
389 3239 447 3301 άπδ
470 3241 522 3300 τοῦ
544 3239 707 3320 πνεύματος
729 3238 856 3321 συνοχὴν
880 3237 1032 3321 γινομένην
1054 3239 1085 3300 έν
1108 3243 1194 3302 πᾶσιν
1217 3239 1364 3309 εἶναιτοῖς
1386 3246 1444 3305 σώ·

188 3361 288 3424 μασιν·
323 3338 380 3425 οὐχ
413 3339 505 3406 οὕτως
528 3336 553 3401 δ’
582 3337 655 3423 ἔχει.
700 3341 834 3423 τῶνγὰρ
857 3342 1002 3421 σωμάτων
1036 3341 1071 3403 τά
1096 3342 1147 3422 μέν
1170 3341 1231 3403 ἐστι
1254 3349 1375 3427 συνεχῆ,
1408 3345 1444 3406 τὰ

133 3463 169 3512 30
187 3444 221 3506 δὲ
242 3441 426 3528 διωρισμένα.
472 3442 516 3504 διδ
539 3442 746 3526 εὐλογώτερον,
781 3441 902 3504 ἕκαστον
937 3441 1033 3506 αὐτῶν
1061 3444 1118 3504 ὑπὸ
1147 3446 1198 3505 τοῦ
1221 3445 1327 3508 οἰκείου
1351 3445 1444 3516 εἰδους
1459 3464 1486 3506 ετ

186 3545 363 3630 συνέχεσθαί
382 3567 414 3608 τε
436 3545 485 3608 καί
506 3545 640 3627 ἡνῶσθαι
663 3544 756 3626 λέγειν
779 3545 851 3627 πρὸς
874 3543 970 3622 ἑαυτό,
1006 3544 1080 3607 καθὸ
1103 3545 1179 3609 ἐστιν
1201 3546 1298 3608 αὐτῶν
1321 3547 1439 3634 έκάστιρ

184 3649 218 3711 τδ
240 3647 322 3724 εἰναι,
344 3648 397 3730 τήν
422 3645 481 3730 (i)
501 3647 688 3730 συμπάθειαν
703 3646 799 3710 αὐτῶν
815 3646 966 3717 σώζεσθαι
981 3648 1034 3730 τἠν
1051 3648 1123 3730 πρδς
1137 3645 1250 3730 ἄλληλα
1272 3650 1320 3711 διά
1334 3673 1365 3712 τε
1387 3652 1440 3734 τἠν

185 3754 238 3833 τῆς
261 3749 331 3834 θλης
352 3750 501 3812 κοινωνίαν
525 3750 573 3812 καί
596 3751 651 3833 τήν
673 3753 725 3811 τοῦ
748 3747 948 3832 περικειμένου
971 3749 1053 3812 θείου
1078 3752 1214 3831 σώματος
1244 3750 1324 3835 αὐτῷ
1348 3752 1443 3835 φύσιν,

184 3852 261 3935 ήτδ
283 3852 331 3915 διὰ
352 3855 403 3914 τοῦ
426 3852 603 3932 πνεύματος·
638 3853 793 3934 δεσμώτης
815 3851 871 3934 γὰρ
893 3852 940 3913 καί
972 3851 988 3913 δ
1011 3849 1092 3919 τόνος
1114 3856 1164 3914 τοῦ
1188 3851 1360 3934 πνεύματος,
1385 3854 1436 3937 ὑφ’

131 3973 165 4023 35
184 3953 218 4017 οὗ
242 3953 420 4036 συνδούμενα
441 3953 493 4036 τήν
517 3976 550 4016 τε
572 3953 727 4037 συνέχειαν
750 3949 813 4036 ἔχει
836 3953 888 4035 τήν
911 3953 983 4034 πρὸς
1008 3955 1045 4015 τὰ
1072 3953 1166 4015 οἰκεῖα
1189 3954 1263 4039 μέρη
1287 3957 1334 4018 καί
1357 3962 1484 4041 συνῆ-ευ

184 4079 253 4120 πται
274 4060 333 4124 τοῖς
355 4055 587 4139 παρακειμένοις.
634 4055 803 4140 βιαζόμενον
839 4053 967 4137 μὲνγὰρ
1004 4055 1060 4117 ὑπό
1084 4076 1158 4123 τινος
1180 4058 1212 4118 τδ
1236 4062 1359 4141 πνεῦμα,
1395 4060 1443 4122 διὰ

130 4273 148 4324 4
165 4270 280 4340 ἀραίωσις
299 4269 393 4322 ideler:
417 4268 499 4336 άμείω
516 4269 548 4320 τὰ
569 4267 628 4321 libri
719 4268 735 4319 7
755 4267 798 4318 καὶ
817 4281 867 4319 om.
887 4267 967 4318 ideier
1060 4268 1091 4319 10
1109 4267 1174 4338 αὕτη
1192 4269 1288 4324 ideler:
1307 4271 1371 4341 αὐτὴ
1391 4273 1450 4324 libri

133 4358 166 4412 13
183 4358 259 4423 αὐτὰ]
271 4356 348 4415 αδτδς
360 4359 400 4410 Rs
470 4355 574 4425 ηινίσιι]
586 4355 665 4425 γίνισι
678 4372 694 4406 ε
708 4354 788 4406 ΙιίεΙει
866 4356 896 4406 14
910 4355 1008 4424 συνέχει
1021 4357 1092 4408 RSa:
1108 4362 1204 4427 συνεχεῖ
1214 4359 1307 4410 ABCP
1383 4358 1413 4411 15
1428 4358 1498 4411 αδτοί

129 4445 201 4500 Diels
284 4444 316 4497 16
334 4441 442 4511 δλικαίς]
456 4443 553 4500 δτικαῐς
570 4442 672 4495 BCPS:
692 4457 741 4494 om.
760 4460 776 4493 ε
860 4441 889 4493 li
909 4441 1003 4500 οὺσίαις
1021 4461 1037 4494 ε
1122 4443 1153 4495 18
1171 4445 1210 4513 τῷ
1228 4447 1335 4513 scripsi:
1353 4446 1384 4498 τὸ
1403 4446 1461 4498 libri

128 4532 228 4602 σώματι
246 4535 288 4585 R·
377 4530 409 4582 19
436 4528 536 4600 ψιυδιίς
555 4531 590 4581 A¹
681 4527 715 4580 20
739 4547 762 4580 τι
780 4527 821 4596 ὂν]
840 4545 888 4580 τινι
907 4531 946 4580 Ra
1036 4527 1069 4579 ‘22
1093 4546 1153 4581 ποτε
1172 4531 1268 4584 1ι1ε1ετι
1288 4533 1345 4585 τότε
1366 4532 1426 4585 libri

130 4618 163 4673 27
182 4620 292 4672 ίοτδυεεε
310 4616 362 4682 (δν)
380 4616 413 4687 ήν
520 4615 554 4669 *28
573 4616 673 4681 ὁποίαν]
692 4614 767 4668 δποία
786 4615 816 4667 δν
834 4611 873 4686 <ή>
892 4615 974 4666 Diels:
994 4613 1165 4668 ὁποιαντινοῦν
1185 4619 1246 4685 (om.
1259 4620 1317 4688 τήν)
1331 4620 1460 4671 Schwartz

129 4708 266 4778 γινομένην
285 4704 366 4758 [delet
437 4704 471 4756 32
495 4704 522 4757 δί
541 4704 631 4756 addidi
703 4704 747 4755 ali.
766 4702 915 4773 τὴνΑρείἰι
934 4704 967 4774 τή
980 4701 1040 4754 libri
1113 4707 1171 4756 tert.
1189 4703 1235 4774 τήν
1249 4719 1298 4756 om.
1312 4724 1328 4757 a
1399 4704 1433 4756 34
1453 4705 1494 4773 τὸ]

129 4796 168 4865 τιγῖ
185 4797 238 4848 Rs:
256 4792 367 4846 ίοτίεεεε
386 4792 435 4845 del.
524 4795 569 4844 τοῦ
588 4807 638 4844 om.
656 4810 673 4843 ε
761 4788 1080 4859 δεσμώτης-πνώματος
1099 4806 1148 4843 om.
1164 4795 1202 4842 Ra
1291 4792 1325 4844 35
1344 4791 1498 4862 συνδεόμενιι

130 4882 209 4951 Apelt
314 4878 349 4932 36
374 4883 421 4947 μέν
441 4896 463 4932 ε.
476 4895 500 4932 κ.
514 4885 539 4930 Δ
