3540 5610
251 333 292 399 14
730 332 933 388 ALEXANDRI
952 334 997 388 DE
1017 332 1125 388 ΑΝΙΜΑ

304 508 345 575 ὡς
371 506 448 576 εἶδος
476 507 505 569 ἐν
533 508 590 590 όλη
618 511 662 591 τῷ
689 510 794 594 λοιπῷ.
839 508 932 576 οὕτως
954 505 1018 593 ἔχει
1045 510 1077 572 τό
1105 509 1158 592 μὲν
1187 510 1296 574 τοιόνδε
1322 515 1426 598 σχῆμα
1455 507 1548 592 ἐντῷ

303 609 448 693 ἀνδριάντι
470 609 529 673 ὄντι
551 602 719 694 ἐκχαλκοῦ
741 635 772 675 τε
793 612 842 674 καὶ
865 612 1026 695 σχήματος,
1052 613 1071 694 ἡ
1095 612 1128 675 δὲ
1150 612 1274 696 βαρύτης
1300 612 1329 674 ἐν
1352 615 1390 693 τη]
1412 615 1453 693 γη]
1474 610 1550 693 οὔση

304 711 334 780 ἐξ
358 713 427 796 ὕλης
449 736 481 776 τε
503 714 550 776 καὶ
573 713 688 797 ταύτης.
732 712 806 779 κατὰ
829 712 946 781 τούτους
973 714 1009 796 δη
1032 713 1099 782 τοὺς
1120 712 1244 803 τρόπους
1268 718 1318 776 τοῦ
1346 711 1376 775 ἔν
1398 736 1450 776 τινι
1472 710 1550 794 λεηο-
1564 732 1592 772 ιιι

303 814 390 897 μένου
412 816 444 896 (ό
466 814 520 899 γὰρ
542 815 718 899 κυβερνήτης
745 815 775 877 ἐν
798 821 835 898 τῇ
864 815 912 898 νηῒ
934 816 1007 878 κατά
1033 840 1095 879 τινα
1121 823 1179 879 τῶν
1202 816 1417 901 προειρημένων
1447 815 1480 879 ἂν
1503 816 1548 900 εἴη

273 915 430 1000 οτρόπον),
452 919 471 1001 ἡ
493 917 575 1002 ψυχὴ
598 917 693 1001 ἐντῷ
718 919 831 1000 σώματι
854 915 928 980 οὖσα
950 917 1017 981 οὔτε
1040 921 1081 987 ὡς
1104 918 1190 1002 μέρος
1212 916 1285 995 οὖσα
1308 918 1397 981 αὐτοῦ
1421 919 1496 982 ἐστιν
1519 920 1549 982 έν

301 1019 381 1102 αὐτῷ
405 1020 509 1102 (σῶμά
530 1043 561 1082 τε
583 1019 637 1104 γὰρ
661 1018 695 1082 ἂν
717 1018 774 1103 εἴη,
798 1025 886 1102 σῶμα
907 1021 960 1105 γὰρ
983 1021 1082 1083 τὸτοῦ
1106 1023 1242 1103 σώματος
1264 1021 1360 1105 μέρος,
1383 1022 1431 1084 καὶ
1453 1023 1494 1090 εἰς
1516 1023 1549 1085 τὸ

302 1122 392 1184 ποσὸν
415 1121 460 1195 ἄν,
484 1121 537 1185 οὐκ
558 1123 599 1191 εἰς
621 1122 653 1184 τὸ
677 1122 758 1184 ποιὸν
780 1127 824 1206 τῷ
849 1121 918 1207 ζῴῳ
942 1126 1084 1186 συντελοῖ·
1113 1122 1156 1186 ἔτι
1177 1147 1208 1186 τε
1230 1123 1284 1187 οὐκ
1306 1123 1340 1187 ἂν
1363 1124 1399 1209 ἦν
1422 1129 1477 1188 πᾶν
1500 1123 1548 1208 ἔμ-

301 1229 397 1309 ψυχον
418 1226 452 1288 τὸ
475 1231 571 1308 σῶμα,
594 1223 670 1287 ἀλλὰ
690 1225 825 1309 ἑκάτερον
847 1225 943 1289 αὐτῶν
965 1230 1016 1288 τοῦ
1040 1227 1138 1311 ἑτέρου
1154 1229 1327 1311 κεχώριστο,
1350 1227 1376 1288 εἰ
1399 1229 1448 1311 μὴ·
1463 1221 1550 1311 σῶμα

303 1327 349 1390 διὰ
372 1331 507 1411 σώματος
530 1327 590 1391 οἷόν
613 1350 644 1390 τε
659 1331 767 1412 χωρεῖν
790 1351 820 1390 τε
843 1329 890 1391 καὶ
906 1327 1022 1401 όιιέναι,·
1038 1327 1072 1392 οὗ
1095 1329 1163 1392 οὐδὲ
1178 1328 1303 1392 ἐπίνοιαν
1327 1335 1409 1413 σχεῖν
1426 1327 1549 1416 ῥᾴδιον),

260 1445 287 1489 ιο
300 1428 360 1492 ἀλλ’
387 1430 456 1494 οὐδὲ
471 1429 537 1494 όλον
562 1430 615 1515 μέν
636 1454 663 1493 τι
685 1431 821 1515 ἡψυχὴ,
849 1429 922 1515 μέρη
946 1431 978 1492 δὲ
1000 1436 1052 1514 τῆς
1067 1437 1164 1516 ψυχῆς
1186 1431 1221 1494 τὰ
1240 1431 1313 1516 μέρη
1337 1436 1388 1494 τοῦ
1403 1435 1549 1515 σώματος,
1563 1449 1590 1490 ιτ

301 1538 341 1602 ὡς
363 1533 435 1597 εἶναι
457 1535 508 1618 τὴν
531 1534 630 1618 ψυχὴν
659 1535 700 1601 ὡς
727 1532 759 1594 τό
788 1530 855 1594 ὅλον
878 1533 908 1595 ἐν
935 1538 995 1602 τοῖς
1018 1533 1132 1617 μέρεσιν
1160 1538 1219 1602 τοῖς
1249 1534 1347 1598 αὑτοῦ.
1393 1533 1453 1597 ἀλλ’
1481 1535 1549 1599 οὐδὲ

300 1640 341 1707 ὡς
367 1636 443 1705 εἶδος
468 1637 498 1699 ἐν
520 1636 596 1719 ηένει
626 1636 655 1698 ἐν
683 1639 725 1718 τῷ
754 1637 868 1718 σώματι
895 1636 914 1718 ἡ
941 1637 1033 1719 ψυχή.
1078 1634 1112 1697 οὐ
1135 1635 1188 1720 ηόιρ
1214 1636 1295 1718 γένος
1322 1637 1354 1699 τό
1383 1642 1468 1719 σῶμα
1495 1643 1547 1721 τῆς

300 1744 398 1825 ψυχῆς
420 1740 450 1802 ἐν
473 1737 499 1823 ᾧ
523 1740 612 1802 ἐστιν·
648 1739 783 1821 ἑκάτερον
804 1738 859 1821 γὰρ
885 1737 981 1800 αὐτῶν
1009 1737 1039 1800 έν
1061 1761 1088 1800 τι
1110 1735 1173 1800 κατ’
1201 1737 1339 1821 ἀριθμόν,
1366 1740 1402 1803 τὰ
1425 1742 1457 1804 δὲ
1479 1739 1547 1823 η’ένη

301 1844 402 1905 τεκαὶ
425 1841 489 1924 εἴδη
516 1842 598 1904 κοινοί
621 1863 650 1903 τε
679 1841 726 1902 καὶ
749 1839 893 1902 καθόλου·
928 1837 969 1902 ἔτι
993 1863 1023 1903 τε
1050 1844 1137 1923 σῶμα
1165 1839 1199 1903 ἂν
1226 1865 1245 1923 η
1269 1842 1352 1926 ψυχὴ
1381 1841 1437 1926 εἴη.
1483 1842 1543 1906 ἀλλ’

261 1960 287 2004 15
300 1945 369 2008 οὐδὲ
392 1947 431 2014 ὡς
454 1944 487 2006 τὸ
508 1942 590 2025 Ιρένος
612 1943 642 2004 ἐν
665 1948 725 2012 τοῖς
748 1941 850 2005 εἴδεσιν
874 1942 904 2004 ἐν
927 1947 969 2027 τῷ
994 1944 1108 2024 σώματι
1136 1944 1154 2026 ἡ
1180 1943 1261 2027 ψυχὴ
1285 1944 1332 2006 διαί
1353 1967 1384 2006 τε
1407 1947 1459 2029 τὴν
1482 1968 1548 2028 προ·

299 2047 452 2133 ειρημένην
468 2047 566 2110 ἀἰτίαν
589 2047 637 2108 καὶ
652 2044 705 2119 ότι,
728 2046 753 2108 εἰ
776 2046 891 2129 ἡψυχὴ
914 2045 995 2128 γένος
1018 2049 1069 2109 τοῦ
1085 2047 1221 2128 σώματος
1242 2045 1365 2128 λέγεται,
1388 2042 1443 2110 πᾶν
1460 2053 1548 2131 σῶμα

298 2154 395 2236 ψυχήν
423 2152 464 2218 ὡς
492 2153 550 2217 πᾶς
575 2147 730 2231 ἄνθρωπος
758 2153 843 2233 ζῷον.
889 2146 949 2210 ἀλλ’
976 2147 1045 2211 οὐδὲ
1067 2146 1154 2216 τόπος
1181 2150 1213 2211 τὸ
1242 2155 1328 2231 σῶμα
1356 2155 1408 2235 τῆς
1434 2157 1547 2236 ψυχῆς·
1562 2168 1590 2208 το

300 2255 388 2336 σῶμά
409 2276 441 2315 τε
459 2251 512 2337 γὰρ
536 2250 570 2314 ἂν
594 2253 613 2334 ἡ
634 2251 716 2335 ι’ρυχὴ
740 2249 786 2333 εἴη
809 2249 880 2332 (πᾶν
903 2252 955 2334 ηὀἰρ
978 2251 1011 2312 τό
1034 2248 1103 2312 καθ’
1124 2251 1195 2313 αὑτὸ
1218 2251 1248 2313 ἐν
1271 2250 1352 2337 τόπιρ
1377 2256 1478 2337 σῶμα)
1500 2256 1548 2318 καὶ

300 2353 341 2418 ἔτι
363 2356 396 2417 τὸ
420 2358 507 2435 σῶμα
527 2351 615 2422 τόπος
631 2352 720 2417 ἔσται.
755 2354 848 2422 οὕτως
868 2352 922 2437 γὰρ
945 2351 1026 2416 ἔσται
1048 2354 1080 2415 τὸ
1101 2356 1188 2434 σῶμα
1210 2353 1229 2436 ἢ·
1251 2355 1396 2439 διάστημά
1418 2381 1443 2420 τι
1466 2360 1548 2422 κενόν

258 2458 318 2542 9υῇ
342 2459 431 2542 πέρας
458 2461 509 2520 τοῦ
538 2456 735 2541 περιέχοντος·
769 2455 854 2519 αὗται
880 2455 933 2540 γὰρ
958 2457 995 2518 αἱ.
1011 2457 1077 2540 περὶ
1102 2454 1195 2518 τόπου
1219 2457 1306 2541 δόξαι.
1351 2456 1392 2521 ἔτι
1419 2464 1462 2546 τῷ
1493 2462 1545 2545 μὲν

299 2562 381 2646 τόπῳ
404 2561 487 2624 οὐδὲν
511 2560 543 2623 τό
567 2559 598 2623 ὃν
621 2559 650 2622 ἐν
671 2558 754 2643 αὐτῷ
776 2561 906 2622 συντελεῖ
927 2559 997 2642 πρὸς
1020 2560 1052 2622 τό
1075 2558 1145 2622 εἶναι
1168 2561 1283 2642 τοιῷδε,
1305 2561 1338 2623 τὸ
1362 2562 1394 2625 δὲ
1415 2560 1547 2649 ἔμψυχον

208 2714 222 2727 ..
300 2670 386 2746 σῶμα
409 2662 487 2746 παρὰ
511 2662 514 2739 1
539 2667 591 2746 τῆς
612 2666 712 2746 ψυχῆς
734 2660 797 2746 ἔχει
825 2660 875 2731 τὰς
897 2662 1036 2746 διαφορὰς
1063 2662 1114 2732 τὰς
1141 2663 1211 2746 πρὸς
1240 2663 1275 2724 τὰ
1298 2662 1373 2726 ἄλλα
1395 2669 1527 2749 σώματα.
1549 2685 1598 2729 ινοι

299 2764 359 2830 οὐδ’
388 2771 429 2835 ὡς
456 2765 486 2827 ἐν
514 2765 619 2848 οἱηγειίρ
648 2761 674 2827 δ’
703 2763 737 2827 ἂν
767 2763 826 2847 εἴη·
864 2766 911 2827 καὶ
933 2764 987 2849 γὰρ
1015 2767 1047 2827 τὸ
1074 2765 1187 2846 ἀχρεῖον
1216 2764 1302 2834 τόπος
1329 2770 1380 2829 τοῦ
1402 2768 1433 2831 ἐν
1456 2770 1549 2856 αὐτῷ,

300 2871 436 2954 διάφορον
459 2871 510 2931 τοῦ
532 2867 623 2930 τόπου
652 2866 732 2950 μόνιρ
754 2872 796 2951 τῷ
821 2867 1095 2952 συμμεταφέρεσὶλαι
1123 2872 1183 2935 τοῖς
1205 2867 1235 2929 έν
1258 2867 1348 2952 αὐτῷ.
1394 2870 1454 2933 ἀλλ’
1482 2874 1544 2937 οὐδ’

257 2977 339 3043 νοὼς
362 2973 391 3035 ἐν
415 2969 597 3054 ὑποκειμένῳ
628 2992 658 3031 τε
679 2970 727 3031 καὶ
755 2972 795 3038 ὡς
817 2969 1001 3054 συμβεβηκὸς
1027 2970 1121 3053 ἐντῷ
1145 2973 1259 3052 σώματι
1288 2995 1306 3055 η
1331 2975 1428 3057 ψυχή·
1464 2975 1547 3039 οὐσία

246 3132 347 3138 ——nn
543 3128 646 3135 ---—..

248 3219 259 3269 1
289 3215 325 3275 ὡς
342 3231 392 3268 om.
507 3217 544 3283 τῷ
563 3213 655 3282 λοιπῷ]
679 3213 732 3264 und
751 3211 797 3263 das
816 3212 851 3262 ist
869 3211 915 3263 das
934 3212 1023 3264 zweito
1042 3210 1081 3279 (p:
1101 3212 1172 3265 dann
1191 3212 1226 3264 ist
1244 3212 1290 3265 das
1309 3214 1378 3280 eine)
1401 3231 1451 3268 von
1471 3218 1521 3270 den
1540 3222 1602 3273 zwei

245 3304 349 3372 Dingen
368 3318 467 3356 woraus
485 3303 532 3354 das
550 3301 622 3366 Ding
640 3300 774 3368 geworden
897 3298 913 3349 9
941 3298 1026 3368 σῶμα]
1046 3299 1130 3351 addit:
1154 3300 1223 3352 donn
1242 3317 1316 3354 wenn
1336 3305 1373 3357 sie
1392 3320 1419 3356 es
1438 3309 1502 3358 ποτε

245 3391 321 3443 6-’1
349 3389 429 3447 ι1ςτὸ
448 3388 519 3441 ποιὸν
538 3386 662 3455 συντελεῖ]
686 3387 731 3439 der
749 3386 770 3438 Τ
773 3387 804 3438 eil
829 3385 914 3438 warde
938 3387 992 3439 sich
1016 3387 1146 3440 anlehnen
1168 3404 1203 3440 an
1226 3389 1274 3441 das
1293 3380 1382 3442 Τ1ιίεέΙ
1396 3389 1433 3458 [p.
1451 3408 1504 3444 var.
1522 3394 1538 3445 1.
1558 3411 1602 3446 ιιι-

245 3479 466 3546 sammenha'mgen
486 3476 532 3528 mit
552 3476 608 3528 dem
622 3473 711 3542 Thier]
730 3475 759 3526 in
778 3474 823 3525 der
841 3473 975 3542 Categorie
995 3472 1039 3526 der
1057 3472 1174 3536 Qualilfit
1250 3476 1265 3527 9
1283 3477 1508 3549 χωρεῖν-διιέναι]
1527 3481 1602 3536 fiber-

244 3565 329 3635 gehen
347 3565 402 3617 und
421 3566 548 3617 eintreten
650 3564 676 3614 11
698 3568 749 3619 τοῖς
768 3560 856 3629 αὑτοῦ]
876 3560 920 3613 des
939 3562 1051 3628 Κὸιρειε
1152 3562 1182 3614 16
1201 3562 1308 3632 λέγεται]
1328 3569 1394 3617 ware
1497 3566 1527 3618 11
1546 3567 1599 3621 ἀλλ’

245 3651 312 3722 κτλ]
331 3652 417 3704 addit:
437 3652 506 3704 deun
526 3667 600 3703 wenn
619 3666 646 3702 es
664 3664 693 3702 so
712 3652 777 3701 wire
851 3648 950 3700 18-19
970 3649 1013 3700 καὶ
1031 3648 1067 3701 ἔτι
1085 3648 1164 3718 ἔσται]
1188 3651 1242 3703 also
1261 3656 1328 3703 κῑιιο
1346 3653 1413 3705 auch
1484 3656 1530 3725 γὰρ
1551 3671 1601 3709 om.

247 3740 278 3793 19
298 3737 381 3797 οὕτως
398 3740 464 3791 nach
484 3739 567 3791 dieser
585 3737 714 3805 Analogia
821 3734 920 3787 *zo-21
942 3735 1126 3805 ἔτι-τοιῷδε]
1147 3738 1240 3790 1·“οιιιοι
1259 3754 1310 3791 was
1328 3741 1355 3790 in
1374 3741 1457 3792 einem
1478 3742 1538 3794 Orto
1558 3745 1602 3808 ist,

244 3831 313 3896 trfigt
328 3843 360 3878 zu
379 3827 450 3891 dem,
469 3829 549 3880 κοτίιι
567 3842 596 3879 es
614 3827 662 3889 ist,
680 3825 708 3876 in
727 3825 816 3891 Bezug
834 3821 880 3874 auf
897 3822 956 3887 das,
980 3838 1030 3875 was
1050 3839 1077 3874 es
1095 3824 1143 3887 ist,
1161 3826 1248 3878 nichts
1268 3828 1324 3889 bei,
1342 3843 1370 3878 so
1389 3827 1449 3881 dass
1467 3845 1495 3882 es
1513 3830 1601 3884 dieses

244 3916 392 3968 bestimmte
411 3915 481 3982 Ding
500 3913 585 3965 wfirde
709 3909 743 3963 ‘23
771 3908 839 3979 οὐδ’]
864 3910 948 3963 addit:
967 3910 1005 3962 sie
1024 3910 1094 3961 kann
1113 3910 1187 3963 nicht
1205 3913 1239 3964 im
1260 3913 1337 3966 Leibe
1356 3916 1421 3978 sein,
1441 3918 1488 3968 wie

245 4000 278 4053 24
308 3999 497 4073 διάφορον-έν
516 3998 596 4069 αὐτῷ]
621 4000 665 4051 der
684 3998 854 4051 Unterschied
874 3995 974 4049 besteht
996 4012 1047 4048 nur
1069 3997 1097 4049 in
1116 3997 1199 4051 dieser
1217 4000 1322 4053 Einheit
1339 4001 1431 4067 ιι1Ιοίιι,
1455 4005 1496 4056 ich
1517 4006 1602 4058 meino

244 4088 305 4141 dass
319 4088 394 4157 jones
413 4088 568 4156 fibertragen
587 4085 723 4153 (raumlieh
743 4084 853 4152 bewegt)
871 4083 947 4148 wird‚
965 4099 1040 4136 wenn
1058 4083 1104 4136 das
1122 4086 1202 4137 worin
1221 4103 1248 4139 es
1266 4088 1301 4139 ist
1321 4086 1372 4156 [sic
1390 4089 1601 4144 Steinschneider

245 4177 366 4230 coniecit.
384 4176 457 4229 libri:
476 4175 522 4227 das
540 4189 593 4226 was
612 4175 641 4226 in
659 4172 711 4225 ihm
731 4169 777 4239 ist]
798 4172 952 4240 fibertragen
970 4171 1033 4223 wird

246 4402 389 4455 lfortasse
407 4399 432 4452 έν
450 4406 487 4469 τῷ
504 4397 586 4467 λοιπῷ
686 4395 812 4465 ὀτρόπον
831 4396 865 4447 V:
885 4395 988 4466 τρόπων
1008 4397 1047 4448 Ka
1139 4396 1323 4450 ΊσυντελεῖΚ
1422 4405 1472 4451 πᾶν
1491 4417 1540 4453 om⁴
1558 4401 1600 4454 Ka

243 4487 353 4557 8σῶμα
371 4493 419 4540 πᾶν
438 4487 478 4540 Ka
577 4487 605 4537 ll
626 4480 984 4536 τὸόλον1’Κιτὸτόλονυ
1080 4484 1159 4537 αὒτου
1179 4486 1212 4537 V:
1232 4484 1308 4537 αὑτοῦ
1326 4485 1368 4538 Κυ,
1469 4487 1500 4538 14
1519 4486 1554 4539 ἔτι
1571 4505 1599 4540 τε

198 4576 280 4628 'V2
298 4575 435 4628 ἔτιτιτιαὶ
454 4576 494 4627 Ka
512 4574 545 4626 cf.
564 4572 599 4625 ἔτι
619 4590 646 4623 τε
664 4570 712 4623 οὐκ
731 4569 761 4622 ἂν
774 4569 806 4640 ἦν
825 4570 874 4621 ν.7
894 4569 930 4623 ἔτι
947 4589 974 4623 τι
988 4572 1029 4643 βίᾳ
1042 4571 1072 4624 ἂν
1085 4570 1166 4642 κινῷη
1185 4588 1210 4640 p.
1225 4572 1299 4639 15,17
1319 4572 1355 4625 ἔτι
1367 4591 1394 4625 τε
1408 4578 1464 4631 πῶς
1482 4572 1528 4626 οὐκ
1542 4574 1599 4626 ἄπο-

244 4680 291 4716 πον
312 4662 419 4716 128r20
436 4665 463 4714 et
480 4661 536 4714 Ind.
554 4676 609 4713 εν.
628 4677 656 4710 τι
753 4657 784 4709 19
803 4654 886 4715 οὕτως
903 4659 948 4730 γὰρ
967 4658 1045 4728 ἔσται]
1065 4646 1094 4711 οὗ
1132 4678 1144 4718 ς
1161 4661 1207 4730 γὰρ
1225 4659 1252 4712 1ο
1269 4661 1297 4712 in
1316 4660 1400 4712 lit.V:
1418 4662 1464 4732 γὰρ
1482 4676 1532 4713 οιιι.
1549 4663 1599 4714 Ka.

243 4752 290 4822 γὰρ
308 4750 469 4819 ineleganter
487 4749 620 4812 iteratum,
643 4750 673 4797 ut
691 4743 833 4815 κοινότιρον
855 4746 910 4817 γὰρ
928 4746 1024 4815 λέγεται
1046 4746 1075 4799 τὸ
1097 4744 1165 4818 ὖρωρ
1189 4746 1249 4799 εἶναι
1270 4748 1351 4818 τροφὴ
1376 4751 1413 4817 τῷ
1432 4747 1497 4818 πυρί.
1535 4748 1599 4817 μόνα

244 4840 299 4909 γὰρ
318 4838 411 4910 κυρίως
422 4837 537 4908 τρέφεται
554 4835 586 4886 τὰ
604 4834 651 4904 την
665 4830 802 4903 θρεπτικὴν
816 4831 902 4907 ψυχὴν
915 4833 1019 4907 ἔχοντα·
1041 4835 1070 4886 τὸ
1089 4835 1143 4905 γὰρ
1155 4835 1252 4905 τρέφειν
1264 4833 1357 4905 ταότης
1378 4834 1491 4886 129vi11.
1506 4851 1529 4885 ν.
1543 4834 1599 4887 lnd.

215 4927 275 4978 .21
295 4924 417 4978 τοιῶόιο
523 4923 557 4975 94
575 4920 691 4992 διάφορον
710 4920 816 4987 scripsi:
835 4919 961 4992 διαφόρων
982 4923 1015 4975 V:
1035 4920 1160 4992 διαφέρων
1179 4922 1220 4974 Ka
1303 4926 1306 4931 ⁴
