3540 5610
560 306 788 364 ΑΛΕΞΑΝΔΡΟΥ
808 304 959 362 ΑΠΟΡΙΩΝ
979 305 1039 362 ΚΑΙ
1059 304 1192 362 ΛΥΣΕΩΝ

254 481 388 544 ἐναντίων
411 485 575 567 χρωμάτων
604 482 740 566 ἀλληλοις
766 484 813 545 καὶ
841 488 897 544 τῶν
924 482 1034 549 τούτοις
1057 480 1171 564 μεταξύ.
1216 479 1264 542 καὶ
1287 479 1317 541 έν
1340 480 1422 542 παντὶ
1446 480 1502 542 σώ·

255 608 320 665 ματι
344 592 452 671 χρῶμα
474 585 570 670 ἔχοντι
600 586 618 668 ᾖ·
643 584 701 648 όντι
728 589 884 670 χρώματος
911 589 1034 668 δεκτικιγῖ
1063 585 1123 647 ἐστι
1147 582 1307 667 μεμιγμένη
1336 583 1384 646 καὶ
1407 583 1426 664 ἡ
1450 585 1501 645 τοῦ
1582 644 1589 669 γ

255 690 408 771 διαφανοῦς
431 690 524 773 φύσις.
559 691 588 751 ἐν
612 690 655 757 οἷς
678 690 728 772 μὲν
752 687 801 751 οῦν
825 693 971 772 σώμασιν,
999 686 1063 751 οὖσι
1085 686 1249 771 διαφανέσιν
1273 683 1377 769 ἔχουσί
1397 709 1424 748 τι
1445 688 1503 748 δια·
1530 700 1546 742 τ

255 792 342 874 φανές
364 792 394 853 έν
417 792 529 865 αύτοῖς,
558 794 591 854 τδ
615 792 703 875 πέρας
729 791 853 876 φανερόν
880 793 939 855 ἐστι
969 792 1015 853 καὶ
1043 790 1202 873 ὡρισμένον
1228 786 1303 871 (ἔστι
1331 789 1363 852 δὲ
1393 789 1504 857 ἐντοῖς

220 915 235 962 5
255 900 381 978 στερεοῖς
404 894 519 977 τοῦτο),
547 893 623 958 ἔστιν
646 896 675 958 έν
698 896 809 964 τούτοις
831 897 878 958 καὶ
902 898 1010 979 χρῶμα
1036 895 1160 978 φανερόν
1182 917 1213 954 τε
1235 892 1283 954 καὶ
1306 892 1426 965 οἰκεῖον,
1455 893 1503 954 καὶ

255 995 331 1059 ἔστιν
358 999 387 1059 ἐν
417 996 513 1080 μόνοις
540 1000 651 1067 τούτοις
678 999 781 1081 κυρίως
808 997 961 1080 λεγόμενον
989 1002 1110 1082 χρῶμα,
1141 997 1186 1059 καλ
1215 998 1323 1076 μᾶλλον
1350 995 1380 1057 ἐν
1405 995 1448 1062 οίς
1472 994 1503 1056 τδ
1519 1009 1547 1051 1⁰

256 1104 374 1183 μᾶλλον.
418 1101 450 1162 τδ
475 1102 506 1163 δὲ
529 1100 661 1184 ἀόριστον
685 1102 820 1185 διαφανὲς
847 1101 929 1163 οὐδὲν
957 1101 1009 1181 μὲν
1033 1102 1137 1163 οἰκεῖον
1166 1095 1226 1162 οὐδ’
1256 1097 1413 1181 ὡρισμένον
1440 1096 1504 1181 ἔχει

256 1209 362 1286 χρῶμα
385 1208 427 1287 τῷ
450 1204 496 1266 διόι
519 1203 665 1286 μανότητα
694 1206 782 1287 μηδὲν
806 1203 938 1288 κατέχειν
962 1228 992 1266 τε
1020 1205 1067 1265 καλ
1090 1203 1198 1284 στέγειν
1221 1201 1375 1274 δύνασθαι,
1404 1206 1447 1285 τῷ
1471 1197 1497 1263 δ’

256 1307 413 1389 ἀλλοτρίων
437 1309 603 1391 χρωμάτων
630 1308 759 1390 γίνεσθαι
788 1309 916 1370 δεκτικόν
939 1329 969 1369 τε
998 1308 1045 1368 καὶ
1068 1308 1199 1369 διάκονον
1227 1305 1310 1368 οὐδὲν
1334 1305 1385 1387 μὲν
1408 1303 1505 1366 αὐτῶν
1521 1318 1548 1360 ιε

206 1431 236 1474 ιο
255 1413 424 1492 παθητικῶς
447 1413 656 1493 ἀναλαμβάνει,
684 1411 848 1491 κινούμενον
872 1409 898 1473 δ’
927 1408 974 1473 ὑπ’
1002 1409 1098 1473 αὐτῶν
1122 1408 1194 1471 κατὰ
1217 1410 1269 1491 τὴν
1291 1408 1451 1491 παρουσίαν
1474 1430 1505 1470 τε

255 1515 302 1575 καὶ
326 1512 409 1574 ποιὰν
433 1513 532 1598 σχέσιν
556 1517 626 1598 πρός
648 1518 739 1576 ταῦτα
762 1520 818 1575 τῶν
842 1515 971 1598 ἐχόντων
995 1518 1102 1597 χρῶμα
1126 1513 1231 1575 οἰκεῖον
1254 1513 1415 1594 σωμάτων,
1440 1509 1500 1574 ἔστ’

257 1615 290 1678 ἂν
319 1612 339 1698 ᾗ
369 1617 493 1700 ὁρᾶσθαι
521 1617 601 1700 αὐτῷ
630 1618 676 1679 διὰ
705 1623 757 1698 τῆς
785 1620 925 1699 κινήσεως
956 1622 1005 1698 τῆς
1033 1615 1184 1699 γινομένης
1214 1616 1269 1678 ύπδ
1298 1620 1355 1677 τῶν
1382 1614 1504 1682 ἐκείνοις

255 1717 345 1781 ὄντων
368 1722 532 1803 χρωμάτων
556 1719 585 1781 ἐν
601 1720 693 1801 αύτῷ,
717 1723 912 1783 διακονεῖσθαι
935 1724 992 1787 τοῖς
1015 1724 1072 1782 τῶν
1097 1715 1183 1804 ζῴων
1207 1719 1350 1801 όρατικοῖς
1372 1721 1412 1785 ώς
1429 1719 1504 1779 α’ντι·
1518 1732 1546 1774 νυ

256 1823 455 1906 λαμβάνεσθαι
479 1820 515 1885 δι’
543 1822 631 1885 αὐτοῦ
659 1828 717 1886 τῶν
745 1825 925 1907 χρωμάτων,
956 1827 1039 1884 τοῦτο
1062 1824 1095 1884 δὲ
1117 1827 1207 1884 ποιεῖν
1231 1821 1291 1884 οἷον
1313 1819 1369 1905 <τε>
1392 1821 1424 1882 τὸ
1449 1823 1506 1882 δια·

205 1946 235 1993 15
254 1927 341 2008 φανέτ
364 1925 386 2007 †
410 1925 456 2009 ἐφ’
485 1923 509 2010 ιγ’)
533 1951 558 1988 τι
582 1924 630 2009 ὑφ’
659 1926 692 1989 οῦ
717 1929 832 2009 πρώτου
855 1926 1015 2009 κινουμένῳ
1039 1926 1068 1987 έν
1091 1925 1172 2010 αὐτῷ
1195 1925 1251 1986 ὑπὸ
1276 1924 1430 2007 παρουσίας
1447 1928 1505 1984 τῶν

255 2029 388 2113 φωτίζειν
416 2029 501 2112 φύσιν
529 2028 658 2113 ἐχόντων
685 2031 799 2113 πάσχον
828 2030 874 2092 καὶ
903 2030 1061 2112 δεχόμενον
1088 2029 1158 2090 αὐτὸ
1187 2030 1227 2096 ῶς
1253 2029 1358 2090 οἰκεῖον
1385 2032 1504 2112 χρῶμα.

255 2132 323 2194 οὐδὲ
345 2133 399 2216 γάρ
420 2132 489 2194 οὐδὲ
512 2138 595 2194 τοῦτο
619 2134 723 2196 οἰκεῖον
748 2133 836 2194 αὐτοῦ
859 2138 981 2217 χρῶμα,
1009 2130 1069 2193 ἀλλ’
1097 2127 1155 2193 ἔστ’
1185 2130 1219 2193 ἂν
1247 2133 1298 2213 μὲν
1321 2130 1401 2215 αὐτῷ
1424 2133 1548 2213 παρῄει

255 2237 288 2297 τό
311 2235 445 2318 φωτίζειν
462 2235 599 2317 πεφυκός,
622 2234 686 2320 ἔχει
708 2236 740 2297 τδ
761 2241 834 2319 φώς,
858 2235 1037 2302 ἀπελθόντος
1060 2236 1161 2297 δὲκαὶ
1184 2235 1216 2296 τδ
1240 2234 1270 2297 ἐν
1293 2235 1386 2318 τούτιρ
1413 2232 1416 2318 Ι
1440 2241 1506 2319 φῶς
1529 2240 1560 2297 18

255 2338 411 2400 πέπαυται.
457 2336 515 2401 ἔστ’
544 2338 578 2400 ἀν
606 2337 655 2400 ούν
685 2335 705 2422 ᾖ
730 2338 948 2422 πεφωτισμένον
979 2339 1026 2400 καὶ
1055 2338 1104 2407 τάς
1131 2343 1188 2399 τῶν
1217 2338 1313 2400 ἀλλων
1340 2339 1506 2422 χρωμάτων

203 2461 236 2508 20
254 2442 410 2524 ποιότητας
437 2443 537 2504 τεκαὶ
564 2442 703 2526 διαφορὰς
730 2442 837 2524 ὁμοίως
864 2440 1037 2524 δεχόμενον,
1070 2445 1109 2510 ώς
1135 2442 1183 2504 καί
1211 2442 1244 2503 τὸ
1267 2447 1345 2524 φῶς,
1374 2443 1506 2504 διάκονον

254 2545 359 2626 γίνεται
386 2548 448 2611 ταῖς
471 2544 616 2627 όρατικαῖς
643 2545 813 2628 αἰσθήσεσιν
840 2542 940 2612 οὔσαις
965 2546 1013 2607 καὶ
1036 2544 1136 2613 αύταῖς
1163 2544 1192 2611 ἐξ
1220 2544 1329 2626 ὁμοίως
1351 2545 1508 2627 διαφανοῦς
1534 2561 1548 2602 ⁵

256 2650 391 2727 σώματος
418 2647 465 2709 διὰ
491 2651 541 2709 τοῦ
569 2648 716 2730 γινομένου
744 2649 856 2716 πάθους
884 2648 914 2709 ἐν
944 2653 1005 2715 ταῖς
1033 2647 1131 2732 ὄρεσιν
1160 2647 1215 2710 ύττδ
1237 2651 1288 2709 τοῦ
1312 2648 1395 2716 ἐκτὸς
1425 2646 1507 2716 ὄντος

253 2749 348 2812 αὐτῶν
372 2751 528 2832 διαφανοῦς
551 2749 719 2832 κινουμένου
749 2752 796 2813 τόν
824 2751 1031 2835 προειρημένον
1058 2749 1163 2835 τρόπον
1191 2751 1247 2813 ύπδ
1275 2755 1325 2834 τῆς
1349 2751 1506 2833 παρουσίας

255 2857 312 2912 τῶν
336 2853 512 2936 χρωμάτων.
558 2855 598 2920 ώς
620 2851 645 2914 δ’
673 2853 703 2914 έν
726 2858 768 2932 τῷ
792 2855 917 2938 ἀορίστῳ
946 2856 1079 2938 διαφανεῖ
1106 2855 1152 2915 καὶ
1175 2852 1223 2917 διὰ
1246 2852 1392 2937 μανότητα
1416 2857 1506 2937 μηδὲν
1522 2871 1550 2912 ιο

204 2975 235 3023 25
255 2962 364 3042 χρῶμα
388 2955 556 3035 παθητικῶς
579 2956 808 3038 ἀναλαμβάνοντι
831 2959 849 3040 ἡ
874 2960 925 3040 μέν
949 2959 1091 3040 παρουσία
1114 2961 1164 3019 τοῦ
1187 2957 1320 3039 φωτίζειν
1344 2956 1507 3039 πεφυκότος

256 3059 353 3140 φωτὸς
376 3058 462 3132 αἰτία,
486 3083 504 3140 η
528 3054 552 3121 δ’
574 3059 699 3120 ἀπουσία
723 3062 853 3132 σκότους,
876 3061 953 3122 οῦτω
976 3062 1023 3122 καὶ
1046 3061 1076 3122 ἐν
1099 3064 1158 3129 τοῖς
1182 3061 1353 3144 ὡρισμένοις
1375 3062 1506 3140 σώμασιν

257 3164 275 3243 η
301 3163 352 3243 μὲν
375 3162 481 3222 πλείων
506 3162 577 3242 μῖξις
601 3164 647 3223 καὶ
670 3165 814 3245 παρουσία
837 3168 886 3225 τοῦ
911 3166 1035 3246 μάλιστα
1063 3167 1218 3247 διαφανοῦς
1242 3167 1376 3245 σώματος
1401 3164 1507 3244 (τοιοῦ-

257 3288 304 3325 τον
328 3264 370 3338 δέ,
394 3263 427 3326 ού
451 3265 512 3326 ἐστι
536 3265 568 3325 τό
591 3265 694 3327 λευκόν
718 3266 823 3327 οἰκεῖον
847 3273 969 3350 χρῶμα·
998 3269 1122 3347 μάλιστα
1144 3266 1198 3351 γὰρ
1220 3270 1304 3329 τοῦτο
1327 3271 1434 3350 χρῶμα
1458 3270 1505 3331 καὶ
1521 3285 1550 3327 ιε

259 3371 381 3449 μάλιστα
410 3367 529 3450 ύρατδν)
554 3372 604 3429 τοῦ
632 3392 662 3429 τε
692 3372 800 3448 μαλλον
828 3374 997 3453 κεχρώσθοιι
1033 3375 1092 3437 τοῖς
1119 3372 1249 3451 σώμασιν
1277 3370 1354 3431 αἰτία
1381 3371 1429 3432 καὶ
1456 3376 1506 3434 τοῦ

205 3491 238 3538 3ο
258 3474 365 3552 μᾶλλον
390 3472 503 3553 όρατοῖς
526 3470 612 3542 εἶναι,
640 3496 658 3551 η
687 3472 718 3532 δὲ
745 3474 887 3553 παντελὴς
915 3474 1039 3535 ἀπουσία
1067 3473 1168 3534 τούτου
1196 3477 1247 3534 τοῦ
1275 3472 1397 3555 μέλανος
1420 3475 1507 3553 αἰτία,

258 3574 273 3636 ὃ
298 3576 430 3657 στερήσει
457 3577 613 3656 χρώματος
642 3572 719 3635 ἔοικε
747 3578 855 3652 μᾶλλον
884 3600 902 3657 η
929 3579 1078 3659 χρώματι,
1107 3578 1142 3638 τὰ
1171 3577 1202 3638 δέ
1230 3575 1335 3657 μεταξὺ
1361 3579 1552 3660 χρώματανν

178 3682 182 3689 ’
258 3677 331 3738 κατὰ
354 3679 405 3757 τἠν
429 3677 511 3738 ποιόν
537 3677 609 3759 μῖξιν
632 3683 690 3737 τῶν
713 3701 743 3738 τε
760 3680 906 3760 διαφανῶν
931 3681 977 3740 καὶ
1000 3686 1057 3740 τῶν
1082 3680 1122 3761 μὴ
1143 3678 1280 3741 τοιούτων
1303 3676 1367 3763 ἔχει
1390 3680 1441 3762 τὴν
1464 3682 1508 3763 γέ-

259 3802 334 3842 νεσιν
358 3783 405 3842 καὶ
428 3781 480 3860 τήν
503 3803 536 3860 γε
559 3781 707 3862 διαφοράν.
743 3778 802 3842 ἔστι
827 3782 857 3842 οὲ
880 3788 936 3842 τών
962 3783 1061 3843 ἁπλῶν
1083 3784 1228 3864 σωμάτων
1252 3783 1377 3863 μάλιστα
1401 3783 1452 3863 μὲν
1476 3786 1508 3847 τδ

205 3937 340 3945 .-.-.----
362 3938 414 3943 -0—-
439 3936 515 3943 --——-—
524 3938 533 3942 -

210 4033 217 4080 l
241 4029 357 4098 ἀλλήλοις
375 4029 576 4094 <ἀντικειγιένων>
591 4030 655 4079 Vict.
670 4028 714 4096 Sp.
796 4030 889 4097 μεταξύ
901 4035 923 4080 V
1005 4030 1144 4083 3s0rmsse
1157 4029 1196 4100 (ᾖ)
1209 4031 1295 4103 ἔχουσί
1373 4035 1388 4084 4
1408 4032 1528 4086 αὑτοῖσν

205 4117 409 4185 θδιαφανύτητα
429 4135 444 4166 a
533 4122 583 4166 τῶν
602 4118 638 4166 B'·'
728 4117 897 4183 θγινόμενον
917 4119 951 4169 8²¹
1040 4123 1083 4185 μὲν
1103 4134 1181 4185 supra
1207 4135 1230 4169 ι’,
1251 4123 1273 4168 V
1365 4120 1396 4170 10
1416 4121 1564 4188 κινούμενον

206 4221 269 4257 corr.
289 4222 320 4255 τε
340 4205 499 4272 κοινούμενον
512 4209 532 4252 V
626 4206 653 4255 ll
676 4205 783 4257 fortasse
807 4212 882 4258 τοῦτο
901 4206 1144 4276 ιτίλτὸάόρδιαιρ.
1234 4208 1360 4271 σωμάτων
1379 4224 1427 4258 om.
1447 4227 1463 4258 a
1482 4209 1527 4275 Sp.

209 4293 238 4343 Γ.)
257 4291 338 4358 αῦτηῖ]
354 4292 461 4342 fortasse
475 4291 537 4342 αῦτά
630 4292 660 4343 λθ
680 4294 789 4345 sortasse
809 4294 957 4346 διακονεῖται
1050 4295 1079 4345 14
1098 4294 1199 4346 διαυτού
1214 4296 1248 4343 V¹
1338 4295 1389 4347 οίόν
1408 4314 1434 4347 τι
1453 4297 1482 4347 τό
1502 4301 1563 4349 FG:

207 4380 259 4431 οἷον
278 4380 306 4431 τό
320 4385 390 4431 sLa:
411 4380 486 4432 οἴοιτο
501 4383 576 4431 V'B:
597 4381 673 4431 οἴοιτο
687 4385 708 4430 V
713 4382 723 4411 ’ί
815 4383 845 4432 λ’)
865 4379 906 4451 ἐφ’
928 4380 948 4451 ιγ’)
968 4401 990 4433 τι
1011 4379 1058 4449 ὕφ’
1079 4381 1107 4434 ού
1126 4382 1228 4452 πρώτου
1243 4386 1312 4435 VFG
1332 4384 1368 4449 (έν
1387 4384 1453 4450 φωτὶ
1467 4386 1513 4450 (3²)
1527 4389 1564 4437 B:

207 4468 252 4538 ἐφ’
271 4465 292 4537 ιβ
312 4487 335 4518 τι
353 4469 446 4535 πρώτῳ
467 4472 535 4518 LSa:
565 4469 589 4518 ἐν
609 4470 674 4537 φωτὶ
693 4469 786 4538 πρώτιρ
807 4471 872 4521 λ’ἰιῐ.
894 4471 950 4535 Spa
980 4472 1102 4535 ῐτιιιρῐυνί
1122 4471 1375 4537 πεφωτισμένον·
1405 4471 1434 4524 ού
1459 4472 1564 4540 πρώτου

207 4558 351 4625 γινομένου
371 4558 395 4607 ἐν
415 4556 483 4624 αύτῷ
503 4556 551 4607 ὐπό
570 4558 704 4625 παρουσίας
723 4557 776 4607 κτλ.
858 4559 883 4608 ἐν
904 4558 973 4626 αῦτιγῖ
987 4575 1035 4608 om.
1050 4563 1107 4610 βίον
1120 4560 1163 4624 Sp.
1248 4559 1278 4609 16
1297 4557 1381 4626 φύσιν]
1403 4560 1451 4611 bs.
1466 4577 1489 4611 v.
1503 4564 1525 4609 V

211 4645 238 4695 Π
259 4653 351 4695 οικτῐον
366 4649 386 4695 V
480 4645 508 4694 Ιδ
527 4661 555 4693 το
572 4647 592 4691 V
683 4643 906 4713 ’ἰθδεχομενονν
997 4664 1024 4696 το
1040 4650 1062 4693 V
1147 4647 1179 4696 22
1199 4647 1380 4712 γινουμένουν
1466 4647 1499 4699 ⁸23
1520 4648 1564 4700 αύ·

208 4737 259 4781 τῶν
278 4733 383 4799 ετιύριίι
408 4730 477 4798 αῦτη]
498 4731 568 4780 libri:
589 4730 672 4786 αὺτοῖς
694 4731 759 4781 Vici.
779 4732 822 4796 Sp.
922 4733 954 4782 ⁴24
974 4731 1000 4782 δ’
1020 4747 1068 4782 οιιι.
1088 4752 1103 4782 ιι
1204 4734 1333 4804 μανότητα
1352 4749 1417 4785 corr.
1436 4751 1469 4786 ex
1487 4737 1565 4802 μανύ-

207 4837 270 4887 τητα
290 4822 312 4868 V
420 4818 451 4867 ’λθ
472 4817 587 4885 σκότους]
607 4819 695 4873 mm
715 4835 740 4867 a:
762 4819 853 4869 σκότου
874 4820 939 4870 vict.
961 4820 1003 4885 Sp.
1112 4819 1144 4870 99
1173 4818 1317 4892 κτχρώσθαι
1336 4823 1454 4874 FGSLa:
1480 4841 1564 4896 κεχω-

208 4905 288 4974 ρίτθαι
304 4909 349 4956 VB
456 4904 489 4955 33
508 4924 534 4972 γε
554 4921 602 4955 ιιιιι.
623 4926 636 4955 ιι
656 4908 700 4974 Sp.
808 4907 843 4957 ἔτι
862 4925 888 4974 γε
908 4926 922 4955 τι
1010 4911 1081 4958 τοθ
